2040 3328
377 222 460 264 250
1066 222 1124 262 IV

377 334 531 388 aliquis
545 365 556 386 ,
578 341 614 374 et
634 333 851 388 quaepiam
868 331 1034 386 aliquae
1048 363 1059 384 ,
1080 356 1125 361 -—
1146 331 1311 373 dubium
1332 347 1412 373 nou
1429 341 1510 374 est.
1532 332 1734 373 Marullus
1755 331 1823 374 de-

377 399 438 441 dit
456 401 533 440 Est
557 400 696 454 utique
722 407 767 440 ut
789 413 956 453 serpeus
975 429 987 451 ,
1015 397 1060 438 id
1089 400 1152 440 est
1183 396 1299 453 (nam
1327 398 1552 441 Lambinus
1581 411 1664 440 non
1694 397 1822 453 cepit)

377 466 433 508 Ut
454 469 568 508 extat
588 466 728 518 utique
749 464 953 518 serpentis
975 464 1135 518 species
1157 495 1166 505 .
1195 464 1270 506 sed
1299 477 1378 519 ego
1408 467 1547 520 utique
1575 465 1822 519 particulam

377 537 422 574 ut
450 545 476 573 a
505 532 620 573 nullo
649 534 867 586 poetarum
896 530 939 572 in
969 544 1095 574 versu
1122 531 1304 585 positam
1333 532 1496 586 repperi
1523 531 1700 583 (namin
1721 531 1823 574 Cae-

377 599 462 641 cilii
494 611 619 640 versu
649 598 720 652 qui
747 602 810 640 est
830 598 943 652 apud
963 598 1132 640 Festum
1152 611 1193 652 p.
1210 597 1304 652 339,
1321 597 1375 639 32
1403 602 1515 639 recte
1535 598 1747 640 Bentleius
1768 597 1824 640 ad

378 665 591 719 Adelphos
612 679 668 719 lv,
684 665 722 719 2,
738 664 794 706 52
821 681 949 720 usque
964 681 977 706 :
997 664 1041 706 in
1070 664 1176 706 libro
1198 678 1242 704 xl
1267 663 1360 706 Silii
1380 665 1457 706 163
1483 665 1621 719 utique
1646 668 1709 707 est
1737 677 1824 707 cor·

377 732 548 774 rectoris
578 731 758 785 imperiti
792 731 1033 785 figmentum
1058 746 1066 772 :
1094 732 1136 772 in
1166 731 1346 772 Lucretii
1372 745 1414 784 11,
1436 731 1518 773 569
1554 744 1632 785 pro
1660 733 1823 787 itaque,

378 799 491 853 quod
522 802 584 840 est
619 802 836 852 veterum,
867 798 1074 840 Antonius
1107 797 1228 839 Marii
1261 801 1305 838 et·
1328 796 1529 839 Marullus
1557 798 1711 852 utique)
1733 830 1743 852 ,
1765 798 1826 839 ita

377 878 526 908 vereor
555 878 607 907 ne
638 865 778 907 media
807 865 974 920 syllaba
1002 863 1207 918 producta
1235 863 1413 906 dicenda
1443 864 1521 917 sit,
1545 876 1667 917 quem
1686 863 1826 906 admo-

378 933 477 974 dum
514 931 625 973 idem
663 931 877 974 Bentleius
915 930 1018 972 mihi
1053 931 1096 972 in
1133 930 1318 972 Terentii
1348 931 1515 984 Hecyra
1539 930 1637 984 11,1,
1659 930 1685 972 2
1714 933 1755 972 et
1783 930 1826 972 in

380 998 630 1040 Phormione
650 1012 688 1052 v,
707 999 744 1053 6,
762 998 818 1040 34
846 999 935 1039 utin
956 1000 1190 1051 correptum
1221 1000 1333 1039 recte
1354 996 1521 1039 videtur
1540 997 1800 1052 improbasse
1815 1028 1826 1050 ,

378 1078 631 1119 quamquam
667 1065 836 1107 Reizius
873 1063 1070 1106 toleravit
1111 1063 1154 1104 in
1190 1063 1382 1106 Rudente
1410 1077 1465 1117 1v,
1494 1062 1534 1117 4,
1566 1064 1617 1106 19
1644 1093 1654 1104 .
1688 1064 1828 1118 utique

378 1136 522 1174 autem
547 1132 825 1185 antiquissimi
854 1144 938 1173 non
960 1131 1178 1184 dixerunt,
1201 1143 1256 1172 ne
1277 1130 1433 1173 Caesar
1459 1129 1655 1183 quidem,
1676 1129 1829 1171 nedum

380 1199 481 1241 Cato
504 1231 513 1252 ,
537 1199 602 1240 cui
633 1199 776 1241 tribuit
804 1198 998 1240 librarius
1030 1198 1141 1240 Festi
1170 1211 1210 1252 p.
1233 1197 1326 1252 305,
1352 1197 1430 1251 143
1455 1196 1588 1238 Varro
1617 1196 1661 1237 in
1690 1208 1830 1237 rerum
1897 1196 1903 1203 '

378 1266 627 1307 rusticarum
657 1265 774 1307 libris
804 1265 1057 1319 aliquotiens
1078 1296 1088 1318 ,
1115 1279 1159 1318 11,
1175 1264 1215 1318 4,
1237 1264 1262 1305 3
1283 1263 1335 1305 21
1361 1263 1424 1318 10,
1445 1264 1492 1304 11
1515 1277 1574 1316 111,
1597 1263 1634 1317 7,
1652 1263 1677 1305 6
1696 1262 1759 1316 12,
1777 1263 1828 1316 7,

379 1332 592 1374 Vitruvius
614 1365 624 1387 ,
651 1332 688 1373 si
718 1332 822 1377 satis
853 1331 1011 1373 attendi
1033 1364 1042 1385 ,
1073 1331 1138 1373 bis
1168 1345 1205 1384 v,
1227 1330 1331 1385 10,1
1353 1330 1381 1371 4
1403 1362 1413 1384 ,
1441 1329 1657 1372 Cornelius
1686 1329 1830 1382 Nepos

380 1400 508 1442 semel
526 1431 535 1452 ,
557 1398 778 1441 Sallustius
809 1399 851 1440 in
881 1397 1086 1452 Iugurtha
1104 1398 1142 1451 3,
1162 1398 1183 1438 1
1203 1429 1212 1438 .
1234 1401 1359 1450 atque
1378 1397 1422 1439 id
1442 1395 1693 1438 vocabulum
1714 1427 1723 1450 ,
1750 1395 1831 1437 nisi

381 1467 504 1508 fallor
529 1498 538 1519 ,
570 1479 653 1520 quo
683 1469 871 1520 tempore
901 1465 1078 1519 primum
1107 1465 1152 1506 in
1181 1477 1414 1507 sermonem
1444 1463 1659 1516 vulgarem
1688 1462 1830 1516 venit,

379 1533 458 1575 hoc
479 1538 542 1575 est
557 1532 772 1574 Ciceronis
793 1536 931 1574 aetate
949 1565 958 1586 ,
981 1532 1052 1585 qui
1073 1544 1122 1573 eo
1141 1564 1150 1585 ,
1173 1534 1374 1585 quantum
1389 1530 1475 1572 scio
1493 1562 1503 1583 ,
1524 1532 1691 1584 praeter
1706 1541 1831 1582 quam

379 1601 421 1641 in
458 1600 647 1654 epistulis
685 1604 726 1641 et
760 1598 813 1640 de
849 1598 1110 1641 divinatione
1139 1613 1182 1652 11,
1208 1598 1288 1639 120
1316 1610 1400 1639 non
1430 1596 1558 1638 utitur
1579 1627 1588 1648 ,
1622 1608 1706 1637 non
1741 1595 1832 1637 sine

379 1667 470 1709 ioco
492 1666 672 1721 quodam
695 1666 935 1719 dicebatur,
959 1678 1052 1707 cum
1072 1664 1328 1718 significaret
1349 1664 1452 1705 haec
1472 1662 1719 1704 mirabiliter
1740 1674 1834 1703 con-

379 1738 514 1775 tracta
530 1765 539 1786 ,
563 1742 598 1774 et
618 1734 677 1774 ita
693 1732 857 1788 quidem
872 1734 938 1774 uti
948 1740 1101 1787 oportet
1117 1747 1129 1772 .·
1151 1730 1383 1772 derivatum
1401 1733 1464 1772 est
1480 1729 1590 1770 enim
1607 1741 1660 1770 ex
1681 1727 1832 1770 formu-

379 1801 431 1842 lis
454 1800 728 1842 sollemnibus
749 1799 1114 1841 instrumentorum
1135 1797 1398 1852 publieorum
1415 1829 1424 1851 ,
1447 1795 1592 1850 quales
1613 1798 1708 1837 sunt
1729 1810 1833 1850 quae

381 1869 520 1923 utique
535 1867 603 1909 vel
619 1867 767 1922 quibus
784 1866 923 1921 utique
937 1897 948 1918 ,
970 1874 1090 1920 atque
1107 1866 1246 1919 utique
1263 1896 1272 1917 ,
1293 1879 1378 1905 was
1395 1862 1496 1904 oder
1511 1878 1609 1904 wem
1625 1861 1714 1903 und
1731 1877 1832 1902 was-

381 1950 543 1976 massen
558 1966 568 1987 ‚
591 1934 654 1974 als
675 1933 764 1974 und
780 1948 1028 1974 wasmassen
1044 1963 1054 1972 .
1076 1931 1135 1973 ita
1153 1930 1333 1984 legimus
1350 1929 1393 1970 in
1407 1928 1676 1970 Heracleensi
1691 1928 1835 1970 tabula

381 2017 407 2056 1,
429 2001 480 2042 14
507 2000 726 2055 eademque
746 2001 884 2042 omnia
910 2015 1016 2054 quae
1036 1999 1197 2053 uteique
1217 1998 1262 2039 in
1285 1997 1446 2038 tabulas
1465 1995 1690 2049 rettulerit,
1711 1996 1772 2037 ita
1790 1996 1835 2036 in

382 2069 562 2110 tabulam
592 2068 637 2109 in
667 2066 803 2107 album
833 2065 1060 2121 referunda
1089 2063 1267 2118 (curato)
1287 2079 1302 2117 5
1324 2063 1425 2104 item
1444 2076 1470 2117 1,
1489 2062 1542 2103 72
1571 2078 1668 2104 neve
1697 2077 1834 2104 eorum

383 2135 494 2191 quod
511 2135 655 2188 (immo
679 2133 807 2188 quid)
835 2141 1018 2188 saeptum
1040 2132 1273 2173 clausumve
1302 2131 1441 2171 habeto
1461 2162 1472 2183 ,
1504 2145 1583 2185 quo
1611 2130 1748 2170 miuus
1776 2129 1834 2170 eis

383 2203 504 2243 Zoeeis
515 2201 826 2256 porticibusque
839 2199 1021 2254 populus
1041 2207 1181 2240 utatur
1194 2205 1413 2252 pateantve
1432 2229 1443 2250 ,
1464 2197 1553 2237 uisi
1569 2197 1716 2251 quibus
1737 2195 1834 2237 utei-

383 2284 459 2323 que
480 2267 637 2322 Zeqibus
651 2267 834 2322 plebeive
849 2266 964 2306 scitis
979 2273 1191 2306 senatusve
1207 2263 1401 2305 consultis
1417 2278 1647 2305 concessum
1662 2262 1834 2317 permis-

383 2350 519 2375 sumve
536 2341 594 2374 est
608 2349 622 2386 ,-
643 2337 683 2374 et
703 2333 747 2373 in
769 2333 863 2385 lege
879 2330 1036 2372 Thoria
1053 2330 1103 2371 71
1122 2330 1175 2371 72
1195 2330 1309 2371 ueive
1329 2331 1585 2384 —propiore
1601 2329 1667 2370 die
1683 2329 1835 2385 eaezyito

383 2397 504 2455 alque
519 2400 680 2454 uteique
699 2400 745 2441 iu
765 2399 840 2440 hae
857 2399 942 2454 Zeqe
957 2398 1154 2452 scriptum
1170 2404 1250 2438 est.
1270 2420 1317 2425 -—
1337 2395 1448 2451 quod
1459 2396 1666 2451 pequ‘niae
1679 2396 1726 2437 ob
1747 2410 1836 2437 eam

384 2483 468 2510 rem
479 2468 681 2522 propiore
702 2466 768 2507 die
789 2474 973 2507 exactum
995 2465 1072 2506 erit
1091 2472 1213 2518 atque
1232 2463 1394 2519 uteique
1416 2464 1461 2504 in
1489 2464 1565 2504 hae
1595 2462 1681 2518 Zeye
1705 2462 1834 2516 serip-

385 2544 469 2576 tum
489 2542 546 2576 est
563 2565 571 2573 .
592 2542 649 2562 '-—
666 2548 745 2588 quo
762 2548 810 2574 ea
824 2531 1010 2587 pequnia
1026 2555 1078 2559 —
1095 2530 1217 2571 aliter
1238 2531 1451 2586 exsiqatur
1471 2538 1592 2584 atque
1610 2529 1772 2583 uteique
1791 2529 1836 2569 in

379 2603 461 2643 >hac
483 2601 568 2655 Zeqe
587 2601 786 2655 seriptum
807 2607 865 2640 est
886 2631 895 2641 .
922 2598 1000 2638 hoe
1020 2597 1158 2651 ipsum
1179 2605 1299 2651 atque
1319 2597 1458 2652 utique
1483 2596 1526 2637 in
1549 2595 1680 2637 Milite
1699 2593 1836 2635 Plauti

386 2683 439 2720 iv,
458 2669 496 2722 3,
514 2668 565 2709 37
598 2666 808 2708 sententia
836 2664 1049 2718 admittit,
1074 2663 1236 2705 numeri
1266 2666 1491 2716 recusant3
1516 2661 1588 2703 ubi
1618 2673 1709 2702 cum
1738 2659 1835 2702 libri

387 2735 572 2777 habeant
597 2731 815 2787 Numquid
832 2731 993 2773 videtur
1014 2731 1223 2773 demutare
1243 2739 1315 2771 aut
1335 2731 1474 2785 utique
1493 2729 1606 2770 Dixi
1622 2743 1706 2769 esse
1724 2727 1836 2768 vobis

388 2801 543 2843 dudum
564 2801 669 2842 hunc
689 2799 894 2840 moechum
908 2799 1078 2839 militem
1093 2798 1111 2838 ¹?
1130 2796 1398 2838 scribendum
1414 2794 1604 2837 existimo
1621 2791 1838 2848 Numquid

388 2868 549 2909 videtur
564 2867 772 2908 demutare
787 2865 871 2906 alio
887 2873 1007 2919 atque
1022 2865 1088 2905 uti
1098 2863 1239 2904 Dixi?
1257 2866 1301 2903 ut
1315 2861 1471 2903 ibidem
1487 2865 1550 2903 est
1570 2874 1625 2914 1v,
1638 2860 1675 2912 7,
1688 2859 1713 2900 8
1735 2858 1835 2900 Ora-

389 2935 442 2978 tio
472 2934 555 2975 alio
580 2932 686 2974 mihi
702 2929 987 2973 demutandast
1015 2946 1104 2971 mea
1124 2961 1133 2971 .
1161 2928 1236 2970 sed
1265 2929 1392 2983 plane
1422 2927 1600 2969 similem
1622 2921 1834 2978 >originem
