2040 3328
386 229 438 270 86
1085 226 1129 267 II

385 341 558 382 verbum
589 336 895 382 substantivum
927 338 1059 380 omitti
1089 342 1162 380 aut
1191 339 1234 379 in
1262 338 1370 380 libro
1399 353 1464 393 111,
1493 339 1572 380 431
1605 338 1710 380 haec
1737 351 1833 393 pro-

385 408 477 449 bari
495 440 504 459 ,
529 407 648 458 Quod
664 422 793 462 qenus
808 438 819 459 ,
841 407 886 447 in
906 405 1058 446 somnis
1084 405 1213 460 sopiti
1227 406 1302 447 ubi
1317 407 1520 448 cernimus
1541 406 1626 448 alta
1646 406 1834 447 Exalare

385 490 537 529 vapore
567 475 723 514 altaria
741 503 750 513 .
770 475 910 526 potest
930 474 1071 513 autem
1099 471 1143 512 in
1172 471 1251 513 hoc
1280 471 1445 514 dicendi
1476 485 1632 526 genere
1661 472 1834 515 verbum

386 540 607 594 praeteriri
631 572 639 593 ,
672 539 743 580 ubi
773 542 912 579 mente
942 538 1161 592 suppletur
1192 551 1243 580 ex
1273 539 1557 592 superioribus
1575 570 1584 580 .
1615 539 1676 582 sic
1704 540 1749 581 in
1778 553 1833 590 v1‚

390 607 495 648 1058
511 606 697 648 Pondere
713 607 819 647 enim
823 605 966 661 fretae
978 606 1134 660 partim
1150 613 1283 659 stant5
1303 604 1414 660 quod
1423 621 1552 660 ‚qenus
1569 622 1718 648 aurum
1732 607 1835 660 (stat

387 673 537 714 fretum
569 672 774 727 pondere)
798 687 807 726 3
839 672 919 712 nisi
957 676 1099 713 tamen
1128 671 1295 726 scripsit
1324 672 1436 728 quod
1461 688 1592 728 qenus
1621 681 1808 715 aurumst
1825 705 1834 715 .

387 741 429 781 in
460 740 676 782 rhetoricis
707 738 763 780 ad
783 739 1038 780 Herennium
1068 738 1176 780 libro
1206 752 1244 791 1,
1270 738 1321 781 19
1341 740 1451 795 Lege
1471 741 1538 781 ius
1567 748 1626 781 est
1652 739 1700 781 id
1728 741 1838 795 quod

383 808 534 863 populi
546 809 662 848 iussu
678 808 879 847 sancitum
897 814 955 848 est
968 822 982 859 ,·
999 806 1110 861 quod
1120 821 1251 861 ⁴oenus
1266 806 1348 859 (ius
1365 807 1447 860 est)
1462 815 1506 847 ut
1520 807 1565 847 in
1579 808 1646 848 ius
1662 823 1731 849 eas
1745 823 1836 849 cum

386 876 545 916 voceris
562 906 570 914 .
590 874 734 916 Cicero
753 873 805 915 de
827 872 1067 914 inventione
1084 871 1127 912 in
1142 887 1175 926 1,
1192 872 1246 914 25
1262 873 1339 916 Sin
1353 889 1419 915 res
1436 873 1576 927 dabit,
1597 889 1678 915 non
1692 874 1838 916 inutile

388 950 445 982 est
461 942 512 982 ab
530 941 676 996 aliqua
690 957 735 983 re
750 956 856 982 nova
872 948 944 980 aut
958 938 1142 979 ridicula
1156 940 1338 994 incipere
1352 972 1363 992 ,
1385 949 1456 982 aut
1476 956 1528 982 ea:
1542 949 1717 996 tempore
1733 957 1838 996 quae

387 1018 486 1049 nata
501 1010 555 1049 sit
565 1025 579 1062 ,·
595 1008 706 1063 quod
717 1023 849 1064 yenus
865 1005 987 1058 (utile
999 1009 1062 1047 est
1073 1005 1257 1059 incipere
1267 1006 1312 1059 a)
1321 1007 1493 1062 strepitu
1502 1039 1513 1060 ,
1533 1007 1837 1050 acclamatione.

387 1076 487 1116 item
509 1075 551 1115 in
571 1089 621 1128 11,
641 1075 720 1116 162
742 1072 1043 1116 Consuetudine
1062 1073 1128 1112 ius
1150 1081 1206 1114 est
1227 1073 1337 1128 quod
1356 1097 1408 1102 —-
1428 1074 1474 1114 in
1493 1089 1644 1115 morem
1662 1083 1840 1116 vetustas

387 1142 507 1199 vulqi
523 1142 817 1197 approbatione
828 1139 1034 1196 perduxit
1049 1155 1063 1192 7·
1089 1139 1202 1194 quod
1216 1155 1346 1194 glenus
1367 1139 1429 1194 (in
1447 1152 1604 1181 morem
1625 1141 1838 1195 perduxit)

378 1217 550 1264 paetum
566 1241 576 1261 ‚
592 1225 677 1264 par
691 1240 702 1261 ‚
720 1207 948 1249 iudicatum
966 1238 974 1247 .
991 1206 1134 1259 itaque
1152 1210 1330 1261 apparet
1344 1207 1527 1248 Nonium
1543 1220 1583 1260 p.
1597 1206 1648 1247 21
1664 1238 1673 1260 ‚
1694 1206 1744 1248 15
1761 1206 1838 1248 hos

387 1276 539 1317 Lucilii
555 1288 703 1317 versus
720 1307 729 1328 ,
747 1286 851 1327 quos
868 1274 929 1314 ita
946 1273 1124 1327 scriptos
1144 1274 1326 1328 rettulit,
1345 1274 1522 1316 Crebrae
1542 1282 1587 1315 ut
1606 1274 1812 1316 scintillae
1826 1306 1838 1328 ,

388 1345 433 1384 in
453 1343 660 1384 striaturis
678 1341 790 1397 quod
801 1357 933 1397 qenus
950 1341 1047 1382 olim
1063 1340 1380 1394 Ferventif'erro
1397 1372 1408 1392 ‚
1429 1353 1515 1382 non
1530 1353 1662 1393 usque
1678 1340 1734 1382 ad
1749 1353 1840 1382 sen-

389 1410 544 1451 tentiae
585 1409 708 1450 finem
743 1407 1021 1464 perduxisse3
1052 1407 1165 1461 quod
1201 1407 1293 1462 ipse
1330 1407 1472 1461 aliquo
1502 1407 1626 1448 modo
1656 1406 1839 1461 indicat,

389 1490 480 1519 cum
502 1477 604 1518 dicit
623 1477 828 1518 scintillas
849 1491 954 1531 quae
975 1474 1025 1516 de
1032 1475 1157 1530 ferro
1171 1475 1363 1530 ferventi
1388 1483 1506 1516 eunt.
1526 1475 1570 1516 in
1591 1474 1840 1517 Lucretiano

388 1548 528 1586 autem
557 1544 630 1585 illo
663 1543 775 1597 quod
810 1547 873 1584 est
903 1542 948 1584 in
977 1542 1084 1584 libro
1114 1555 1176 1595 IV,
1194 1541 1273 1582 271
1293 1573 1303 1595 ,
1326 1540 1445 1592 Quod
1459 1557 1590 1597 yenus
1609 1541 1711 1595 illa,
1721 1542 1841 1597 foris

389 1628 495 1668 quae
524 1627 616 1653 vere
647 1611 977 1666 transpiciuntur
991 1642 1003 1663 ‚
1026 1609 1309 1663 experimento
1339 1608 1449 1650 facto
1481 1608 1525 1649 in
1554 1608 1840 1663 Superioribus

393 1679 498 1720 nihil
527 1677 640 1731 quod
662 1677 761 1718 illuc
786 1677 918 1731 repeti
950 1676 1102 1718 debeat
1130 1676 1387 1730 reperietur.
1411 1674 1524 1730 quod
1543 1675 1681 1729 ipsum
1701 1675 1755 1717 de
1775 1675 1840 1717 his

392 1746 475 1787 dici
506 1745 659 1797 debet,
691 1756 801 1798 quae
835 1744 1031 1797 leguntur
1067 1743 1111 1784 in
1142 1743 1353 1784 Ciceronis
1384 1742 1437 1783 de
1465 1742 1706 1784 inventione
1734 1743 1840 1785 libro

388 1828 440 1865 11,
467 1812 572 1866 172,
595 1811 706 1868 quod
722 1826 852 1867 yemis
883 1820 928 1851 ut
957 1810 1150 1852 ‘homines
1175 1810 1367 1851 mortales
1387 1826 1546 1852 necesse
1575 1818 1633 1851 est
1661 1811 1839 1852 interire’

388 1882 477 1922 sine
514 1879 778 1921 adiunctione
794 1894 809 1932 ‚-
837 1890 947 1931 quae
982 1877 1081 1919 fient
1111 1878 1303 1931 integra,
1342 1877 1377 1918 si
1407 1877 1636 1918 scribemus
1672 1886 1730 1918 est
1762 1890 1840 1931 pro

389 1957 462 1989 ut.
485 1947 544 1988 ita
573 1945 686 1987 idem
715 1945 759 1986 in
790 1944 939 1986 eodem
969 1944 1075 1985 libro
1109 1944 1186 1986 157
1219 1944 1330 1999 quod
1353 1960 1484 1999 glenus
1511 1945 1642 1985 virtus
1671 1945 1842 1986 scientia

388 2015 542 2056 veritas
582 2022 638 2054 est
655 2045 665 2067 ,
697 2012 795 2054 item
829 2011 942 2067 quod
969 2027 1100 2067 yenus
1131 2012 1311 2067 pecunia
1349 2019 1405 2052 est
1423 2043 1434 2064 ,
1469 2010 1546 2052 165
1577 2010 1689 2066 quod
1712 2026 1842 2066 qenus

375 2081 591 2135 fidentiae
620 2080 873 2122 contrarium
902 2087 960 2120 est
989 2078 1237 2134 diffidentia.

504 2147 596 2189 197.
626 2160 724 2187 NAM
762 2159 857 2191 Quo
895 2159 1042 2187 MAGIS
1079 2159 1288 2187 URsmus
1323 2159 1448 2186 ALTU
1479 2145 1738 2187 szncTA.
1761 2143 1841 2187 Ob-

390 2214 507 2268 longi
547 2217 756 2256 corrector
791 2212 973 2254 mirabili
1010 2213 1184 2254 consilio
1224 2213 1322 2255 fecit
1350 2214 1538 2268 uryimus
1559 2243 1569 2253 .
1595 2211 1708 2254 idem
1735 2211 1842 2254 liber

391 2283 563 2324 Directa
580 2313 589 2323 .
608 2281 816 2322 Antonius
838 2279 961 2321 Marii
988 2280 1069 2321 alte
1081 2296 1096 2334 5
1116 2281 1188 2334 qui
1218 2280 1360 2322 debuit
1390 2279 1572 2322 scribere
1600 2292 1720 2319 ALTE
1750 2279 1842 2320 Dn-

389 2363 534 2389 meu
553 2381 563 2403 ,
586 2348 666 2390 hoc
687 2351 750 2390 est
770 2361 822 2390 ex
843 2346 927 2388 alto
948 2347 991 2387 in
1014 2360 1169 2401 aquam
1191 2347 1353 2389 deiecta
1369 2379 1378 2389 .
1398 2350 1486 2388 tum
1512 2349 1695 2388 extremo
1716 2358 1842 2388 versu

393 2416 601 2468 oblongus
631 2415 866 2471 pressimus
891 2406 983 2456 {a}
1013 2430 1156 2470 aeqre,
1178 2414 1408 2468 quadratus
1429 2414 1660 2470 pressimus
1690 2428 1813 2468 ayere
1830 2444 1840 2454 .

506 2484 597 2525 199.
630 2495 815 2522 SURSUM
846 2495 1077 2522 annover
1107 2495 1254 2521 MAG1s
1273 2513 1281 2522 .
1303 2481 1542 2534 Naugerius
1571 2493 1789 2520 an0M1¹r
1806 2511 1816 2521 .

502 2550 596 2592 200.
634 2562 992 2594 EXILLANTQUE
1024 2580 1034 2589 .
1080 2547 1296 2591 Gorrector
1351 2547 1523 2600 oblongi
1578 2560 1840 2587 nxrnrmr-

392 2632 513 2663 Qun.

503 2685 598 2727 203.
629 2684 709 2726 S1c
749 2697 920 2724 1G1'rmz
961 2696 1164 2728 QUOQUE
1199 2695 1388 2722 DEBENT
1431 2695 1629 2722 FLAMME
1663 2694 1842 2723 Possm.

392 2752 594 2794 Marullus
615 2751 685 2794 Sic
706 2752 836 2806 iqi‘tur
857 2750 998 2793 debent
1013 2751 1214 2806 flammae
1234 2762 1462 2795 QUOQUE.
1484 2748 1592 2790 libro
1613 2762 1648 2802 1,
1671 2748 1754 2790 290
1772 2747 1842 2791 Sic

390 2821 520 2874 iqitur
550 2819 691 2860 debent
719 2820 833 2860 venti
858 2834 1016 2873 quoque
1031 2818 1215 2872 flamina
1236 2817 1376 2872 ferri.

503 2886 597 2927 205.
628 2886 892 2938 ΡοΝῡΕΒΑ,
915 2898 1146 2930 QUANTUM
1174 2899 1222 2924 IN
1243 2898 1355 2938 ns'r,
1390 2897 1618 2924 DEORSUM
1646 2895 1842 2923 DUCERE

391 2967 611 2993 PUGNENT
631 2984 639 2992 .
663 2954 869 2995 Antonius
893 2952 1015 2994 Marii
1037 2956 1077 2993 et
1099 2951 1330 2994 Brixiensis
1359 2951 1487 2992 editio
1515 2958 1712 3004 quantum
1736 2949 1782 2990 in
1801 2964 1843 2994 se
