2040 3328
429 353 549 385 QUA.
581 337 810 380 Lambinus
841 338 1087 378 RAREscxr
1118 338 1297 392 optime.
1331 353 1508 380 summi
1538 340 1661 382 Itali.
1685 345 1874 395 superest

427 410 472 447 ut
502 405 706 447 scribatur
737 404 779 445 si
803 417 955 448 QUAE:
993 403 1054 444 ita
1084 403 1191 445 enim
1227 417 1391 459 semper
1422 407 1664 461 Lucretius,
1702 409 1744 448 si
1768 423 1873 463 quae

428 484 584 525 genere
620 474 767 512 neutro
797 471 842 512 in
870 484 925 524 w,
952 470 1029 512 199
1053 470 1161 523 804,
1204 470 1401 513 feminino
1433 474 1623 528 aliquae,
1661 491 1710 517 ne
1739 490 1871 530 quae,

429 554 603 593 qu'lbae,
635 553 784 593 ecquae
813 553 909 578 nam
927 568 936 577 .

539 604 633 646 842.
661 617 870 644 Priorum
888 638 896 647 .
920 602 1138 657 oblongus
1155 605 1354 660 propriae
1371 637 1381 647 .
1402 619 1621 646 Pnornnn
1643 607 1870 660 Marullus,

427 671 523 713 item
555 671 746 725 impressi
778 683 947 713 omnes.

540 738 634 780 843.
666 751 874 778 EFFETA.
907 737 976 779 Sic
1006 737 1240 791 oblongus:
1273 739 1502 792 quadratus
1532 740 1697 795 effecta.

540 804 633 846 846.
678 818 753 844 ΜΤ
798 818 1015 845 scudem*
1053 818 1099 845 m
1134 818 1363 846 commno
1382 836 1392 845 .
1435 805 1625 860 Primus,
1673 810 1871 859 quantum

426 872 512 913 scio
530 903 539 926 ,
571 871 800 913 Lambinus
820 885 879 912 ur
900 870 1078 913 coeundo
1095 902 1104 913 .
1134 871 1231 912 licet
1251 871 1538 914 Wakefieldus
1559 885 1650 915 cum
1671 872 1758 914 suis
1778 885 1871 915 eum

426 939 660 992 vituperet.

538 1005 632 1046 848.
678 1004 799 1045 Essn
841 1017 968 1045 APUD
1012 1018 1266 1046 HAMMoms
1289 1036 1298 1045 .
1344 1003 1564 1058 Oblongus
1609 1009 1649 1047 et
1692 1005 1873 1047 schedae

425 1071 625 1126 Essapud
641 1102 650 1112 .
681 1071 757 1112 Est
787 1069 866 1124 (sic
895 1071 988 1112 Itali
1018 1075 1058 1113 et
1088 1071 1329 1126 impressi),
1362 1072 1461 1126 quia
1491 1084 1628 1126 neque
1658 1075 1870 1114 auctorem

424 1138 549 1180 habet
577 1150 711 1191 neque
742 1149 936 1192 sensum,
970 1138 1235 1180 Eichstadius
1267 1142 1307 1180 et
1338 1138 1541 1191 Forbiger
1568 1138 1773 1192 probant.

539 1205 632 1247 849.
691 1205 930 1246 Fmenus
985 1219 1064 1246 nr.
1124 1205 1388 1249 Correctores
1439 1204 1717 1258 antiquissimi
1760 1203 1871 1246 Fru-

427 1285 571 1312 GIDUS
589 1303 598 1312 .

539 1338 632 1380 851.
698 1350 1008 1378 nnnvnscnnn
1065 1351 1245 1379 PARTIM
1270 1369 1280 1380 .
1350 1338 1578 1381 Lambinus
1642 1337 1873 1380 rectissime

425 1419 483 1445 ΒΑ
494 1419 607 1446 PTIM
624 1438 633 1446 .

539 1472 635 1514 857.
668 1486 845 1513 SUPER.
877 1471 1078 1513 Marullus
1109 1486 1318 1514 suarna.

538 1539 632 1582 858.
664 1539 1000 1584 PERQnocERE
1030 1552 1231 1580 UMOREM
1260 1553 1316 1579 ΕΤ
1347 1552 1524 1579 crunno
1555 1552 1769 1580 socnam:
1789 1553 1872 1580 VA-

426 1619 580 1647 ponn.
611 1606 811 1659 Impressi
841 1608 1005 1647 veteres
1035 1606 1099 1647 sol
1127 1606 1253 1649 dare.
1285 1606 1443 1648 sociare
1472 1606 1679 1648 Antonius
1715 1610 1756 1647 et
1787 1606 1873 1647 Ma·

427 1674 558 1715 rullus
589 1673 680 1715 sine
710 1684 863 1714 sensu.
900 1676 1012 1714 recte
1042 1672 1141 1714 Pius
1172 1672 1291 1726 ‘lego’
1324 1673 1458 1725 inquit
1487 1672 1635 1714 ‘calido
1666 1686 1871 1713 sarman

429 1742 604 1795 vapore’.

540 1807 634 1848 860.
666 1819 757 1847 sum
785 1819 952 1846 RAnns
971 1838 980 1848 .
1011 1805 1186 1859 Antiqui
1217 1809 1472 1848 correctores
1503 1818 1655 1847 SUUM.

539 1874 634 1915 861.
666 1886 821 1913 TERRA
850 1886 998 1913 MAGIS
1030 1886 1159 1918 QUOD
1198 1874 1330 1914 PARA
1365 1885 1516 1913 'rmum‘
1552 1885 1731 1913 crucum
1759 1885 1872 1912 Fon-

427 1955 518 1982 TEM
557 1953 690 1986 QUAM
725 1953 913 1980 CETERA
949 1953 1157 1980 TELLUS.
1204 1939 1444 1990 Quadratus
1485 1939 1662 1981 Par-tene
1691 1939 1871 1980 circum.

426 2008 598 2062 egregie
614 2007 842 2048 Lambinus
863 2010 905 2048 et
919 2005 1137 2048 Turnebus
1154 2006 1493 2049 adversariorum
1513 2019 1626 2059 xxvi,
1646 2006 1696 2048 13
1717 2005 1872 2059 ΒΑΕΔ,

425 2074 502 2117 sed
531 2074 636 2116 mire
665 2073 792 2115 iidem
823 2085 908 2114 non
928 2072 1122 2115 viderunt
1151 2073 1418 2115 scribendum
1447 2085 1542 2115 esse
1571 2086 1721 2113 rnrnr
1739 2104 1748 2114 .
1774 2084 1873 2114 nam

426 2142 518 2183 sine
551 2140 630 2182 hoc
666 2144 954 2197 argumentum
991 2152 1076 2181 non
1110 2139 1326 2195 procedit,
1363 2152 1499 2194 neque
1529 2143 1601 2182 aut
1631 2147 1732 2181 tenet
1761 2143 1874 2181 terra

411 2209 576 2264 fontem
591 2240 602 2262 ,
641 2211 712 2250 aut
741 2211 854 2250 terra
882 2223 986 2250 rara
1014 2208 1151 2261 magis
1181 2216 1284 2250 tenet
1313 2207 1403 2250 sive
1433 2207 1628 2250 cohaeret
1656 2218 1782 2260 quam
1811 2218 1874 2248 ce-

424 2279 540 2317 tera.

536 2342 628 2384 864.
660 2355 851 2382 TERRAM
886 2354 980 2381 Nox
1015 2354 1194 2383 OBRUIT
1225 2355 1398 2391 UNms,
1436 2341 1704 2382 Ex'rnmrno
1741 2352 1872 2380 som-

425 2423 512 2450 rus
541 2423 796 2450 ramuscu-
826 2421 980 2448 TERRA
999 2440 1008 2450 .
1040 2409 1215 2450 Prorsus
1247 2408 1418 2460 egregie
1440 2407 1640 2449 Marullus
1671 2419 1871 2448 numus.

426 2475 501 2518 sed
536 2475 648 2518 idem
685 2488 770 2517 non
805 2478 917 2517 recte
952 2475 1119 2527 subtus,
1157 2487 1238 2527 quo
1283 2473 1488 2516 vocabulo
1529 2473 1745 2516 Lucretius
1788 2485 1872 2514 non

425 2543 579 2597 utitur;
610 2555 741 2597 quare
769 2541 1038 2583 scribendum
1069 2545 1132 2583 est
1159 2554 1391 2581 PENITUS.

537 2610 630 2652 868.
676 2623 865 2650 LATICIS
897 2621 1088 2649 TAcrUM
1117 2621 1278 2654 ATQUE
1307 2621 1564 2651 vAPoRnM.
1612 2607 1786 2652 AQUAE
1816 2606 1872 2648 le-

425 2676 610 2730 gendum
640 2690 734 2719 esse
755 2676 842 2718 dixi
863 2674 918 2718 ad
939 2687 1106 2717 versum
1125 2674 1208 2718 552
1226 2707 1235 2716 .
1258 2688 1490 2716 SAPoRnM
1519 2674 1686 2716 videtur
1705 2686 1732 2716 a
1753 2674 1873 2718 Lam-

425 2743 524 2785 bino
556 2757 675 2787 esse:
697 2743 773 2786 sed
803 2743 981 2785 alterum
1012 2740 1111 2783 ferri
1141 2754 1225 2784 non
1255 2745 1418 2796 potest,
1441 2754 1533 2784 cum
1553 2753 1686 2795 vapor
1707 2752 1872 2795 quoque

426 2814 539 2852 tactu
569 2811 852 2866 percipiatur.

538 2878 631 2920 870.
678 2891 858 2919 cAmno
894 2889 1136 2917 M1scmzrn
1176 2889 1396 2917 VAPORE.
1442 2875 1669 2927 Eleganter
1705 2877 1746 2916 et
1774 2885 1872 2916 vere
