2040 3328
404 243 482 284 196
802 240 804 242 ’
1092 242 1155 282 III

401 365 536 406 neque
567 352 677 394 enim
708 351 927 393 credibilia
966 355 1062 392 sunt
1090 363 1199 404 quae
1229 350 1384 393 habent
1413 351 1467 392 ad
1499 351 1661 392 Horatii
1690 364 1842 393 sermo-

401 433 499 460 num
520 433 546 472 1,
565 419 603 473 2,
621 419 647 459 2
667 420 776 460 Acro
799 421 840 459 et
857 421 1155 459 commentator
1173 417 1435 470 Cruquianus
1455 430 1494 471 p.
1512 417 1591 458 317
1610 449 1619 471 ,
1643 418 1791 473 legitur
1808 427 1843 460 et

400 487 668 527 barathrones
678 517 689 538 7
702 485 888 540 quibona
897 500 974 525 sua
986 483 1220 525 devorando
1233 484 1408 539 quasiin
1422 483 1659 526 barathrum
1667 486 1841 526 mittunt.
1891 519 1894 523 .

399 552 474 594 sed
492 552 604 593 idem
615 551 810 593 Heinsius
827 551 964 605 Aufer
974 582 984 603 ‚
1004 550 1094 603 abi,
1111 550 1204 591 hinc
1221 550 1415 591 lacrimas
1425 565 1439 603 ,-
1452 549 1563 603 quod
1579 563 1632 592 ne
1645 551 1710 592 cui
1726 551 1842 593 blan-

401 618 567 672 diatur,
589 618 785 660 vitiosum
807 629 900 659 esse
929 615 1056 670 paulo
1078 619 1173 669 post
1202 616 1404 657 curiosius
1433 615 1648 657 ostendam
1665 648 1674 658 .
1696 618 1842 658 abhinc

400 688 536 726 utrum
558 685 602 726 z'n
618 693 829 739 posterum
849 682 1088 736 significare
1108 680 1383 735 posset‘docti
1404 680 1692 736 disputarunt,
1715 684 1842 725 Pacu-

401 752 515 793 vium
536 751 579 792 in
602 750 820 792 Armorum
843 750 995 791 iudicio
1022 748 1082 789 ita
1101 748 1294 802 posuisse
1315 760 1472 801 negare
1494 761 1577 790 non
1597 751 1841 803 potuerunt,

401 833 523 872 seque
539 816 598 857 ad
613 817 730 859 ludos
742 818 826 858 iam
838 816 934 858 inde
946 815 1092 857 abhinc
1104 823 1318 856 exerceant
1328 847 1339 867 ‚
1352 827 1460 867 quae
1476 814 1607 856 verba
1618 819 1714 856 sunt
1728 815 1841 870 apud

401 883 636 926 Charisium
658 896 698 936 p.
722 883 800 925 175
818 915 827 924 .
849 895 950 935 ergo
973 881 1119 923 eodem
1140 880 1264 922 modo
1286 880 1353 922 hie
1373 894 1537 934 quoque
1558 881 1843 935 accipiendum

399 954 487 1003 est3
510 949 622 1003 quod
642 962 714 991 eur
735 949 926 991 Handius
947 947 1155 1002 improbet
1175 947 1217 988 in
1240 947 1474 989 Tursellino
1504 962 1519 987 1
1539 961 1578 1001 p.
1596 947 1650 989 66
1679 961 1763 989 non
1783 947 1842 989 in-

400 1017 556 1070 tellego
574 1047 583 1056 .
605 1016 678 1056 aba·
702 1016 796 1057 hinc
826 1015 935 1057 alius
956 1014 1135 1056 fortasse
1156 1017 1282 1067 poeta
1312 1013 1494 1055 scribere
1515 1014 1673 1068 potuit,
1695 1013 1843 1056 Lucre-

399 1084 482 1124 tius
503 1086 613 1124 certe
634 1093 719 1123 non
735 1082 895 1135 potuit,
918 1081 990 1135 qui
1010 1081 1219 1123 vocabula
1236 1079 1367 1121 'iambi
1384 1079 1504 1133 pedis
1519 1093 1716 1122 mensura
1736 1093 1843 1122 com-

400 1149 633 1204 prehensa,
656 1147 781 1201 quale
802 1152 866 1190 est
887 1148 981 1201 abi,
1003 1159 1087 1199 non
1108 1145 1234 1188 modo
1258 1159 1351 1188 eum
1373 1146 1490 1188 brevi
1508 1178 1518 1199 ‚
1540 1150 1586 1187 ut
1606 1146 1694 1188 dixi
1715 1147 1842 1201 paulo

399 1220 521 1269 ante,
544 1214 652 1269 941,
675 1214 749 1256 sed
780 1228 832 1256 ne
869 1227 960 1256 cum
997 1213 1125 1266 longa
1163 1212 1332 1266 quidem
1363 1213 1530 1267 syllaba
1561 1213 1752 1254 collidit.
1782 1213 1843 1255 fa-

400 1282 552 1324 cillime
573 1281 684 1323 enim
706 1282 855 1323 evitari
877 1284 1014 1335 potest
1037 1279 1149 1332 quod
1171 1292 1299 1320 unum
1320 1279 1444 1321 habet
1464 1280 1584 1322 huius
1615 1279 1843 1322 collisionis

402 1349 665 1403 exemplum,
688 1349 787 1403 equi
812 1356 932 1402 atque
958 1347 1133 1388 hominis
1163 1346 1205 1386 in
1225 1360 1280 1400 IV,
1304 1346 1381 1387 741
1403 1361 1412 1387 :
1433 1359 1529 1388 nam
1560 1362 1632 1388 suo
1662 1347 1707 1388 in
1735 1346 1842 1388 libro

398 1429 453 1470 ιν,
478 1415 561 1457 472
591 1418 736 1470 aperte
766 1415 963 1457 vitiosum
994 1417 1082 1467 est,
1104 1425 1238 1466 neque
1268 1413 1478 1454 mentione
1506 1412 1636 1466 digna
1666 1416 1761 1454 sunt
1781 1413 1846 1454 vel

399 1483 466 1523 uti
491 1483 536 1523 in
565 1482 700 1523 viridi
725 1486 765 1523 et
794 1482 859 1523 uti
883 1482 927 1522 in
958 1479 1161 1535 quadrato
1202 1491 1310 1532 quae
1345 1479 1540 1532 leguntur
1568 1478 1610 1519 in
1631 1493 1673 1532 11,
1694 1479 1776 1520 322
1805 1482 1847 1520 et

401 1548 507 1590 780.
531 1548 762 1589 eommunis
794 1550 1014 1601 poetarum
1050 1548 1209 1587 tantum
1246 1558 1332 1586 non
1362 1545 1544 1587 omnium
1576 1545 1725 1598 regula
1754 1549 1842 1600 est,

398 1627 452 1656 ne
482 1618 578 1668 post
607 1614 859 1656 vocabulum
892 1613 1118 1654 ‘iambicum
1154 1612 1197 1652 in
1234 1612 1422 1654 vocalem
1454 1611 1648 1653 desinens
1678 1611 1845 1666 syllaba

402 1686 524 1723 acuta
543 1685 750 1735 ponatur,
771 1680 852 1721 nisi
873 1692 967 1721 eum
982 1678 1099 1720 hiatu
1118 1711 1127 1732 ,
1149 1678 1266 1720 velut
1282 1678 1399 1733 Hyla
1415 1679 1528 1719 o'mne
1548 1686 1711 1719 sonaret
1724 1693 1740 1732 5
1754 1678 1844 1720 vale

399 1749 536 1803 inquit
546 1748 654 1790 Iolla
671 1763 684 1801 ,-
699 1762 801 1789 novo
817 1749 961 1787 ductus
971 1746 1211 1800 Hymenaeo
1226 1760 1240 1798 5
1255 1744 1494 1785 Posthabica
1510 1744 1683 1786 coluisse
1697 1744 1820 1786 Samo
1831 1759 1844 1785 .·

399 1815 466 1856 Mc
496 1814 612 1856 illius
642 1827 787 1855 arma.
810 1813 869 1855 ita
899 1813 1055 1867 liquere
1071 1811 1200 1866 ferae
1215 1843 1225 1864 ,
1248 1813 1275 1853 ό
1301 1818 1478 1866 quantus
1507 1810 1551 1851 in
1581 1812 1711 1853 armis
1741 1811 1844 1853 Gra—

400 1881 482 1922 tius
504 1880 586 1923 528
605 1911 613 1921 .
637 1881 696 1922 ita
712 1879 899 1922 Catullus
923 1879 1014 1932 114,
1032 1876 1057 1920 6
1073 1878 1232 1921 Saltum
1249 1877 1462 1919 laudemus
1476 1908 1487 1930 ‚
1510 1875 1608 1918 dum
1623 1877 1739 1919 domo
1755 1881 1845 1933 ipse

349 2001 354 2004 ¹
401 1957 515 2003 eyeac
529 1963 544 2002 ,·
563 1947 635 1989 ubi
664 1946 774 1988 male
810 1946 904 1987 libri
942 1945 1038 1986 dum
1075 1944 1193 1986 modo
1211 1977 1220 1985 .
1242 1944 1403 1988 Seneca
1439 1948 1479 1987 et
1509 1944 1724 1986 Phaedrus
1763 1944 1843 1986 soli

400 2018 543 2056 vetere
555 2013 816 2055 ‘iambeorum
828 2012 999 2054 licentia
1013 2024 1156 2053 carere
1167 2010 1392 2052 noluerunt
1402 2043 1410 2052 .
1420 2011 1655 2065 tragicusin
1662 2010 1845 2064 Thyeste
1857 2008 1867 2032 ·’

403 2081 508 2123 1065
530 2089 566 2122 et
585 2080 754 2136 aqqessi
771 2095 896 2121 manu
912 2079 1009 2120 Mea
1029 2082 1118 2133 ipse
1134 2077 1326 2132 flammas
1341 2110 1352 2131 7
1375 2078 1416 2119 in
1433 2078 1612 2120 Troasin
1632 2077 1714 2120 973
1733 2092 1845 2118 meae

397 2151 539 2203 {quota
568 2146 725 2199 est‚.in
754 2145 905 2188 Medea
936 2145 1017 2187 150
1045 2144 1131 2187 Sile
1163 2144 1322 2186 dbsecro
1337 2177 1348 2198 ‚
1370 2144 1412 2186 in
1442 2145 1621 2187 Hercule
1650 2143 1732 2185 262
1772 2143 1845 2184 hoc

396 2215 492 2255 sinu
520 2217 715 2255 immenso
746 2220 862 2255 exeat
876 2244 887 2266 ,
909 2210 1065 2253 ibidem
1101 2210 1182 2252 813
1218 2210 1296 2251 hac
1329 2226 1478 2265 manu,
1501 2212 1577 2253 ha‘c
1595 2243 1604 2252 .
1626 2208 1843 2252 Phaedrus

398 2294 458 2331 111,
480 2281 517 2335 7,
542 2280 592 2323 15
623 2280 727 2322 Veni
743 2294 838 2335 erqo
852 2311 863 2332 ,
885 2292 923 2331 V,
948 2278 1011 2332 10,
1032 2277 1060 2318 4
1083 2278 1188 2318 Tace
1213 2278 1372 2332 inquit,
1394 2277 1437 2318 in
1458 2277 1681 2319 Perottinis
1701 2275 1767 2329 22,
1793 2276 1845 2317 10

397 2347 485 2389 Ave
505 2363 633 2402 usque
649 2362 662 2388 :
683 2359 818 2400 neque
839 2346 882 2387 in
902 2359 958 2399 lv,
976 2345 1042 2395 22,
1060 2344 1084 2386 8
1106 2343 1384 2398 improbarem
1411 2344 1456 2385 in
1478 2343 1555 2385 Ceo
1575 2343 1715 2385 insula
1728 2341 1746 2395 ,’
1761 2341 1844 2387 nisi

397 2413 598 2455 librorum
620 2413 852 2467 scripturae
872 2412 1046 2467 propius
1079 2411 1188 2452 esset
1209 2410 1311 2463 Oia,
1334 2409 1386 2451 de
1417 2422 1499 2463 quo
1522 2409 1607 2450 dixi
1630 2421 1758 2463 supra
1787 2407 1843 2449 ad

397 2493 565 2522 versum
592 2479 675 2521 374
693 2511 702 2520 .
724 2479 872 2520 horum
908 2478 1064 2520 similia
1098 2477 1225 2518 habet
1259 2477 1302 2517 in
1342 2476 1480 2518 satiris
1518 2475 1674 2517 comico
1710 2477 1843 2516 metro

396 2547 563 2600 scriptis
598 2545 783 2587 Lucilius
808 2577 818 2598 ,
846 2545 946 2586 item
982 2545 1025 2585 in
1061 2557 1185 2586 versu
1223 2542 1406 2585 Sotadeo
1442 2543 1576 2584 Varro
1617 2542 1716 2596 equi
1754 2541 1843 2582 Mn-

395 2614 514 2654 m‘unt
548 2612 660 2667 apud
696 2612 880 2654 Nonium
916 2625 956 2665 p.
983 2611 1078 2664 156,
1101 2610 1154 2652 25
1177 2641 1186 2652 .
1214 2609 1290 2652 sed
1326 2609 1514 2662 Vergilio
1551 2608 1591 2649 in
1629 2607 1842 2649 Aeneidos

396 2693 468 2732 vn,
489 2678 574 2720 464
603 2679 795 2733 imperite
821 2677 991 2731 quidam
1022 2676 1135 2731 apud
1157 2676 1348 2719 Servium
1379 2675 1690 2729 adscripserunt
1709 2688 1843 2728 aquae

397 2747 532 2788 amnis
546 2778 557 2799 ‚
580 2749 621 2788 et
656 2746 836 2800 imperiti
873 2745 991 2786 fuere
1026 2743 1097 2796 qui
1132 2743 1397 2796 geminarunt
1434 2744 1487 2783 ite
1524 2742 1566 2782 in
1596 2753 1719 2782 versu
1749 2738 1842 2780 Silii

394 2826 439 2865 x,
467 2812 549 2854 599
585 2812 662 2854 hoc
685 2844 694 2866 ,
723 2813 778 2854 Et
817 2812 997 2867 ‚qliscunt
1040 2810 1216 2851 adversa
1258 2818 1364 2851 metu
1389 2841 1398 2849 .
1427 2809 1481 2850 ite
1503 2841 1514 2862 ‚
1541 2808 1653 2849 ocius
1696 2821 1840 2847 arma.

394 2877 505 2919 idem
527 2878 736 2931 Vergilius
766 2894 843 2934 ayo
865 2882 906 2919 et
925 2876 1131 2931 producta
1151 2892 1172 2918 ο
1203 2879 1244 2918 et
1264 2881 1360 2917 ante
1389 2884 1425 2916 et
1445 2875 1514 2917 vel
1543 2883 1615 2916 aut
1644 2873 1748 2914 elisa
1767 2884 1840 2925 po-

394 2944 507 2984 suit:
534 2957 681 2986 versus
717 2945 891 2998 eclogae
921 2957 948 2997 1,
974 2943 1023 2984 13
1060 2932 1144 2984 non
1181 2946 1290 2984 recte
1326 2940 1556 2995 procedet,
1588 2939 1666 2981 nisi
1703 2938 1840 2981 vocali
