2040 3328
398 253 480 295 306
952 243 956 247 ’
1103 251 1148 293 ν’

397 363 493 405 litas
523 362 637 417 apud
659 362 890 405 charisium
919 375 958 416 p.
980 362 1058 403 177
1081 365 1259 416 apparet
1277 361 1321 402 in
1339 362 1479 406 verbis
1499 362 1624 417 Aspri
1644 395 1652 403 .
1675 362 1711 404 is
1733 362 1844 405 enim

398 428 451 471 de
471 429 754 482 Sallustiano,
777 427 890 482 quod
918 431 982 470 est
1003 429 1187 471 Ceterum
1216 428 1432 470 consilium
1462 438 1519 470 est
1542 429 1764 486 Tiqramk,
1785 428 1845 470 ita

397 495 657 549 quaesivisse
686 493 861 547 dicitur,
885 494 1068 536 Ceterum
1100 494 1296 549 quomodo
1322 496 1503 550 positum
1531 495 1716 550 esfflpro
1742 494 1843 536 alio-

396 562 530 617 quin?
550 561 737 616 alioquin
767 560 865 614 (hoc
893 561 1002 603 enim
1022 560 1087 602 bis
1115 560 1381 602 scribendum
1401 560 1483 615 est)
1513 561 1728 603 consilium
1758 569 1816 603 est
1831 593 1841 603 .

396 644 451 669 au
463 643 541 683 pro
557 627 777 680 relicuum,
794 636 838 669 ut
853 627 907 669 sit
922 628 1094 669 nomen?
1108 627 1279 669 relicum
1295 627 1511 669 consilium
1527 635 1603 669 est.
1620 639 1730 681 quae
1746 627 1842 669 Lin-

395 693 630 736 demannus
650 693 711 735 ita
731 693 922 735 distinxit
940 696 986 735 ut
1006 693 1195 747 intellegi
1215 707 1300 736 non
1319 693 1507 748 possint.
1530 697 1594 735 est
1613 697 1753 736 autem
1768 692 1843 736 Os-

395 773 537 802 corum
566 777 595 802 u
625 764 925 802 consonantem
956 759 1096 802 facere
1124 774 1201 815 pro
1232 760 1397 814 vocali,
1419 760 1490 814 qui
1519 759 1714 802 dixerunt
1738 759 1843 816 Gap-

394 843 485 869 vam
516 830 557 868 et
586 827 786 869 Pacvium
802 843 816 881 ,-
843 826 957 880 quod
989 825 1234 869 Theodorus
1270 825 1568 869 Mommsenius
1603 838 1736 881 nuper
1771 825 1844 868 do-

396 893 504 934 cuit.
527 893 667 947 itaque
697 894 831 934 Varro
861 893 1063 934 Pacvium
1093 893 1136 934 in
1167 894 1255 935 suis
1286 887 1338 935 de
1367 893 1515 946 lingua
1542 892 1696 934 Latina
1723 892 1843 935 libris

394 961 474 1014 (sic
503 960 590 1001 fere
621 972 785 1014 semper
815 959 1101 1013 Florentinus)
1145 964 1186 1001 et
1220 960 1263 1000 in
1299 961 1601 1014 epigrammate
1638 958 1751 1012 quod
1781 963 1844 1001 est

394 1026 508 1082 apud
524 1026 706 1068 Nonium
722 1039 762 1080 p.
779 1025 846 1079 88,
862 1025 912 1079 4,
934 1026 1070 1067 Pacvi
1081 1026 1196 1080 (libri
1215 1026 1443 1080 Pacuvius)
1460 1026 1690 1080 discipulus
1705 1025 1840 1079 dicor,

389 1108 515 1148 porro
532 1092 667 1148 isfuit
681 1093 801 1133 Enni
811 1124 822 1145 ,
838 1092 991 1134 Enuiu'
1007 1108 1220 1134 musarum
1236 1108 1249 1134 .-
1265 1091 1498 1148 Pompilius
1515 1092 1652 1134 clueor
1668 1123 1677 1133 .
1695 1091 1843 1134 eodem

392 1159 571 1213 pertinet
599 1159 767 1201 Vesvius
786 1171 931 1212 mons,
963 1159 1034 1213 qui
1056 1171 1083 1200 a
1102 1159 1216 1200 nullo
1237 1162 1454 1214 poetarum
1477 1158 1610 1200 dictus
1632 1162 1696 1200 est
1723 1159 1842 1200 Vesu-

392 1227 509 1278 viuS,
539 1225 652 1278 quod
682 1237 835 1267 nomen
871 1224 949 1266 fuit
983 1238 1035 1267 ex
1072 1226 1264 1267 omnibus
1299 1226 1523 1268 brevibus.
1551 1238 1602 1267 ac
1635 1224 1844 1279 posterior

358 1306 368 1315 ⁴
393 1296 510 1334 aetas
529 1293 655 1334 etiam
673 1308 936 1348 supervaqua
953 1297 993 1335 et
1008 1309 1277 1348 supervacum
1294 1292 1401 1334 dixit
1418 1325 1427 1334 .
1444 1293 1529 1334 iam
1544 1292 1698 1334 relicuo
1713 1291 1842 1333 simil-

392 1359 537 1400 limum
570 1364 633 1400 est
663 1359 867 1401 delicuum
883 1392 894 1412 ‚
922 1359 1035 1413 quod
1065 1359 1232 1412 legebat
1260 1360 1303 1401 in
1325 1359 1480 1402 Casina
1506 1358 1644 1400 Plauti
1671 1372 1715 1411 11,
1732 1358 1770 1413 2,
1786 1358 1842 1400 33

391 1426 525 1467 Varro
557 1425 609 1467 de
639 1426 787 1479 lingua
807 1427 959 1468 Latina
987 1440 1047 1466 vn
1067 1439 1107 1480 p.
1125 1425 1207 1467 384
1228 1430 1269 1467 et
1296 1426 1423 1468 habet
1443 1429 1562 1468 vetus
1586 1425 1745 1480 codex,
1767 1425 1838 1467 alii

392 1493 530 1534 minus
559 1492 659 1534 boni
691 1492 943 1548 deliquium,
966 1492 1121 1534 Paulus
1149 1492 1352 1534 diaconus
1381 1505 1421 1546 p.
1437 1493 1492 1534 56
1522 1491 1729 1548 deliquium
1749 1492 1841 1534 sive

392 1559 619 1614 deliquium
637 1590 646 1599 .
669 1559 732 1600 his
752 1559 880 1612 igitur
910 1572 961 1601 ea
986 1571 1096 1612 quae
1126 1558 1261 1600 eidem
1282 1559 1455 1612 regulae
1475 1559 1692 1601 subiacent
1719 1559 1842 1614 paria

390 1630 485 1667 sunt
501 1657 510 1679 ,
527 1627 730 1682 inqenuus
739 1634 989 1681 perpetuus,
1007 1625 1210 1667 adsiduus
1226 1625 1419 1667 residuus
1435 1627 1609 1681 emtquus
1625 1626 1841 1681 ambzzquus

385 1692 640 1747 praecipuus
647 1691 869 1733 succiduus
869 1694 1120 1748 perspicuus
1132 1693 1347 1734 continuus
1358 1693 1571 1748 comiquus
1580 1723 1590 1733 .
1599 1691 1841 1746 discrepant

391 1758 568 1812 primum
584 1758 734 1811 quibus
744 1759 863 1814 prod
881 1763 921 1801 et
940 1759 1043 1800 indu
1063 1762 1376 1813 praeponuntur
1393 1791 1402 1813 ,
1416 1758 1623 1814 prodiqus
1643 1757 1812 1814 z'rzdiqus
1828 1790 1838 1811 ,

391 1823 447 1865 ad
477 1837 653 1878 quorum
683 1825 919 1879 exemplum
945 1825 1196 1867 recentiores
1226 1825 1413 1867 fecerunt
1442 1825 1685 1880 disqrequs,
1706 1841 1838 1880 seqre-

388 1907 468 1947 qus
483 1923 493 1944 ,
517 1903 609 1932 cum
640 1891 921 1945 antiquissimi
938 1892 1169 1948 prodiquas
1198 1892 1351 1934 hostias
1381 1891 1612 1946 dixissent,
1634 1890 1747 1945 quod
1776 1895 1841 1932 est

391 1957 505 2012 apud
525 1958 694 2000 Festum
725 1972 765 2013 p.
786 1959 880 2013 250,
898 1959 951 2012 93
974 1957 1127 2000 deinde
1156 1958 1199 1999 in
1221 1958 1371 2012 quibus
1400 1959 1641 2012 incorrupta
1669 1961 1734 2000 est
1756 1970 1839 1999 me-

392 2024 463 2066 dia
490 2024 694 2077 simplicis
724 2024 893 2078 syllaba
921 2038 1014 2066 cum
1043 2025 1179 2067 vocali
1210 2037 1288 2067 sua
1317 2029 1484 2079 praeter
1514 2041 1559 2079 e,
1580 2024 1838 2080 oonqradus,

390 2091 557 2132 invidus
568 2091 770 2146 providus
787 2091 953 2133 dividus
970 2091 1050 2146 (sic
1066 2096 1177 2134 recte
1194 2105 1220 2134 a
1235 2091 1618 2135 dividendo-Accius
1631 2091 1744 2146 apud
1756 2092 1839 2135 No-

390 2158 502 2199 nium
524 2171 564 2211 p.
583 2157 648 2212 95,
667 2157 739 2212 25)
764 2157 953 2213 perfidus
983 2159 1149 2212 obvius,
1172 2158 1363 2201 dissonus
1391 2159 1617 2215 iuterpolus
1645 2158 1839 2201 subdolus

390 2223 621 2265 commodus
636 2225 834 2279 reprobus
845 2240 1076 2280 praecoqus
1091 2226 1255 2282 reloqus
1271 2225 1366 2281 (hoc
1376 2226 1486 2268 enim
1498 2225 1645 2268 lexicis
1660 2224 1839 2268 inferen-

391 2289 490 2331 dum
520 2293 582 2331 est
612 2303 664 2332 ex
686 2291 873 2332 Varrone
894 2291 947 2333 de
977 2292 1124 2345 lingua
1144 2292 1297 2334 Latina
1321 2306 1365 2332 vr
1389 2306 1430 2347 p.
1448 2292 1542 2347 233,
1563 2292 1677 2333 Hinc
1697 2291 1838 2334 dicun-

332 2383 340 2390 ·
390 2365 457 2398 tur
468 2357 672 2412 eloquium
686 2357 906 2413 aco-eloqui
912 2358 1082 2414 insanis
1090 2358 1258 2406 Sabinis
1270 2375 1290 2401 e
1301 2360 1405 2401 cella
1415 2359 1488 2401 dez·
1497 2359 1596 2415 quei
1604 2358 1836 2414 loquuntur,

388 2424 461 2465 ubi
483 2424 748 2466 Florentinus
769 2440 818 2465 ac
846 2424 1005 2480 reliqui
1029 2429 1070 2466 et
1099 2426 1178 2480 qui
1203 2424 1492 2481 eloquuntur),
1508 2424 1718 2482 profuqus
1746 2439 1837 2466 con-

385 2507 519 2545 qruus
533 2491 764 2546 superfluus
780 2490 1051 2545 (quamquam
1059 2493 1292 2547 profluvius
1301 2504 1469 2546 quoque
1487 2496 1571 2546 est,
1588 2495 1634 2533 ut
1643 2490 1839 2533 adluvz'us

389 2561 431 2599 et
459 2557 660 2611 oblivius,
691 2557 743 2599 de
774 2570 857 2611 quo
890 2557 976 2599 dixi
1016 2557 1060 2599 in
1087 2571 1232 2601 museo
1263 2559 1464 2601 Rhenano
1494 2571 1630 2613 novo,
1659 2571 1698 2600 a.
1731 2557 1838 2600 1845

388 2637 428 2677 p.
448 2623 549 2678 611)
570 2638 578 2665 :
601 2623 675 2666 sed
704 2624 930 2680 confrayus
961 2624 1237 2681 afrauyeudo
1266 2617 1403 2679 neque
1431 2626 1614 2668 anticum
1643 2629 1706 2667 est
1733 2637 1837 2679 nec,

388 2694 487 2744 puto
505 2722 515 2744 ,
538 2694 650 2732 recte
680 2690 834 2732 factum
853 2721 861 2731 .
884 2703 970 2732 non
990 2692 1202 2746 pertinent
1221 2697 1360 2734 autem
1382 2693 1461 2734 huc
1481 2705 1589 2746 quae
1602 2691 1700 2734 >sine
1720 2704 1837 2746 prae-

388 2757 596 2810 positione
616 2770 700 2799 non
720 2757 858 2799 minus
875 2758 1042 2812 integra
1061 2763 1258 2814 manent,
1280 2761 1481 2802 subcavus
1493 2774 1706 2815 parvaqus
1725 2773 1836 2800 cous-

388 2824 477 2864 cius
492 2856 502 2876 ,
524 2840 805 2879 supervacuus
833 2825 1056 2881 iuriquu37·
1077 2838 1160 2880 quo
1190 2826 1387 2868 dividuus
1412 2824 1678 2868 referendum
1707 2827 1835 2879 puto,

387 2890 498 2942 quod
530 2891 719 2944 plerique
749 2891 809 2932 ita
838 2891 1058 2944 dixerunt,
1081 2893 1241 2935 scilicet
1269 2905 1296 2934 a
1324 2893 1448 2935 viduo
1468 2892 1658 2935 similiter
1685 2890 1836 2933 deduc-
