2040 3328
354 262 436 302 436

354 371 519 416 Polynice
545 372 604 405 50.

353 430 537 473 Pompeius
562 430 804 473 grammaticus
830 430 888 463 28.

1038 273 1163 300 INDEX

1116 373 1278 415 punicus,
1302 373 1473 407 Puniceus
1502 374 1581 408 123.

1115 429 1308 472 purefacere
1331 429 1415 462 410.

353 487 565 530 Pomponius
609 487 758 520 comicus
803 486 865 519 197
909 485 975 519 262
1013 485 1080 519 362
1115 489 1234 529 putare
1258 498 1326 519 cum
1350 487 1532 520 accusativo
1556 487 1640 522 353.

404 542 488 576 392.

354 600 564 643 Pomponius
587 599 674 633 Mela
699 599 761 632 281
775 626 782 633 .

295 659 299 662 ”
354 657 505 700 pondera
529 655 597 690 380
605 681 613 689 .

358 715 500 757 pontes,
525 724 611 745 mare
637 712 721 746 294.

355 770 481 814 Popilli
505 780 622 814 pugna
647 769 732 803 329.

354 826 525 868 Porsena,
549 827 725 860 Porsenna
749 827 810 860 37.

355 886 434 927 post
458 883 556 916 modo
586 883 666 916 116.
691 882 810 927 postea
831 883 910 916 104.
936 894 997 927 pos
1015 883 1079 916 274

426 940 509 974 276.
535 951 701 984 posquam
730 940 810 974 118.

354 1000 434 1041 pote
466 996 552 1030 313.
584 998 741 1041 potissit,
774 996 858 1041 poti’
892 999 962 1031 sint
994 998 1079 1031 314.

424 1055 576 1097 poterint
602 1054 686 1088 238.

354 1111 502 1155 praefica
529 1110 592 1144 139
607 1136 614 1143 .

355 1169 543 1212 praemium
571 1166 651 1201 135.

356 1236 517 1270 praepes,
542 1226 707 1269 praepitis
733 1225 793 1258 20.

356 1293 558 1327 praerogare
587 1281 667 1316 135.

356 1351 493 1385 praesse
522 1339 603 1373 135.

354 1400 529 1442 praeterea
554 1408 653 1442 quam
681 1396 765 1430 257.

355 1455 553 1498 praevides,
578 1465 676 1498 praes
701 1453 786 1488 393.

355 1513 531 1556 precantia
555 1513 754 1556 trisyllabum
783 1511 862 1546 115.

355 1570 447 1612 preci
475 1569 556 1603 174.

354 1626 499 1670 Priapea
523 1625 566 1660 36
596 1626 659 1659 197
689 1627 751 1660 199
777 1626 861 1660 327.

355 1683 563 1726 principium
581 1696 646 1727 pro
670 1683 863 1727 principum
889 1682 926 1716 51
946 1708 953 1716 .

354 1740 525 1783 principio
552 1740 616 1772 127
632 1765 640 1773 .

354 1797 553 1830 Priscianus
582 1797 646 1831 148
674 1797 734 1830 191
763 1797 829 1830 210
855 1797 938 1831 284.

356 1864 417 1897 pro
443 1865 543 1898 quam
569 1854 653 1888 348.

355 1912 513 1954 probeat,
549 1912 688 1955 probet,
725 1924 746 1943 a
779 1912 976 1954 prohibendo
1018 1912 1080 1946 134

429 1968 510 2002 188.
543 1960 548 1961 ⁷

355 2026 523 2070 proclive,
549 2026 709 2069 proclivei
736 2025 796 2059 98.

355 2083 541 2127 procudere
567 2083 650 2116 229.

355 2140 496 2184 prodius
522 2139 607 2173 227.

355 2197 544 2241 profluvius
569 2196 653 2230 306.

355 2254 524 2298 projcere,
549 2254 700 2298 proicere
724 2250 809 2287 188.

354 2312 473 2355 proin,
498 2311 640 2354 proinde
668 2310 754 2344 148.

354 2368 507 2412 promitti
533 2366 618 2400 253.

354 2425 552 2469 Propertius
584 2423 627 2457 56
659 2424 701 2457 66
737 2424 800 2457 102
835 2424 893 2458 161
926 2424 985 2457 181
1016 2424 1080 2458 225

425 2481 491 2515 226
523 2480 589 2514 252
622 2480 688 2515 253
719 2481 782 2514 271
817 2480 882 2514 279
917 2480 982 2514 326
1014 2480 1079 2514 327

425 2539 510 2573 367.

354 2605 518 2640 proporro
542 2595 586 2628 82
613 2594 678 2628 288
704 2594 786 2628 331.

355 2654 516 2698 prospica
540 2651 625 2686 307.

354 2719 689 2759 prosumsprorsum
718 2709 798 2742 144.

354 2766 552 2811 protrudere
577 2766 661 2800 229.

355 2834 522 2867 proxuma
549 2823 629 2857 125.

355 2881 531 2924 publicum
556 2891 646 2914 mare
673 2881 734 2914 37.
775 2921 778 2924 ,

355 2938 467 2982 pulvis
492 2937 553 2971 59.

1115 544 1233 577 Puteis
1257 544 1455 587 regionibus
1480 543 1566 577 392.

1111 602 1309 643 putescere,
1332 603 1544 644 putrescere,
1569 603 1670 644 putor
1697 601 1779 636 188.

1117 658 1245 700 quaad,
1271 658 1383 701 quoad
1407 656 1491 690 331.

1118 724 1184 757 qua
1207 716 1343 757 propter
1367 714 1430 748 35.

1118 772 1234 814 quasei
1260 769 1321 813 91,
1347 782 1451 815 quase
1477 772 1538 805 91.
1563 773 1644 806 item
1663 773 1760 817 quasi
1777 773 1839 807 98.

1187 829 1285 872 quasi
1310 839 1387 862 vero
1412 828 1497 862 405.

1118 886 1277 928 quattuor
1302 885 1492 929 disyllabum
1521 885 1603 920 193.

1117 945 1205 985 —que
1232 941 1274 975 34
1301 942 1362 976 75.

1117 1009 1216 1042 quem
1242 999 1433 1032 ammodum
1462 999 1546 1033 118.

1118 1057 1194 1099 qui.
1221 1056 1318 1089 cuius
1342 1057 1589 1100 monosyllabum
1613 1056 1675 1090 26.
1699 1058 1728 1091 si
1755 1068 1840 1101 quae

1186 1113 1269 1146 400.
1302 1114 1453 1156 animus,
1486 1125 1586 1158 quam
1611 1117 1758 1148 mentem
1782 1124 1840 1148 vo-

1187 1181 1303 1203 camus
1331 1170 1411 1204 145.
1449 1171 1539 1215 quod
1570 1173 1726 1216 superest
1757 1170 1840 1205 225.

1187 1227 1278 1270 quod
1314 1239 1381 1259 cum
1417 1229 1586 1261 indicativo
1622 1228 1708 1262 304.
1751 1227 1842 1272 quod

1187 1285 1241 1317 sin
1269 1284 1351 1318 168.
1390 1295 1456 1329 quo
1493 1285 1618 1319 citius?
1655 1285 1742 1319 226.
1773 1295 1840 1330 quo

1186 1342 1315 1385 magis,
1341 1344 1410 1376 tam
1435 1344 1544 1387 magis
1572 1343 1654 1377 109.

1118 1398 1198 1441 quia
1221 1409 1301 1432 nam
1326 1398 1388 1432 45.

1117 1455 1199 1498 quid
1224 1456 1253 1489 si
1275 1456 1365 1489 enim
1394 1455 1474 1489 184.

1118 1513 1200 1555 quin
1226 1512 1290 1545 44.

1119 1569 1353 1609 Quintilianus
1391 1570 1432 1603 29
1473 1570 1536 1604 137
1577 1570 1641 1604 184
1677 1570 1743 1604 213
1774 1570 1841 1604 245

1188 1627 1255 1660 280
1280 1627 1363 1660 286.

1119 1685 1280 1728 quisque.
1306 1695 1406 1728 quam
1431 1695 1566 1728 quoque
1589 1686 1715 1730 magis,
1744 1686 1840 1718 tanto

1187 1743 1312 1785 quique
1346 1743 1454 1785 magis
1479 1741 1566 1774 372.
1599 1752 1662 1775 sua
1687 1752 1841 1786 quaeque

1187 1806 1244 1831 etc.
1271 1799 1332 1832 94.

1119 1856 1296 1899 quisquis.
1322 1856 1487 1900 quidquid
1516 1856 1578 1889 147
1605 1855 1694 1889 340.
1726 1856 1840 1890 cuius-

1186 1913 1282 1945 cuius
1309 1912 1392 1955 101,
1417 1914 1529 1946 euicui
1554 1912 1643 1946 modi
1661 1912 1722 1946 27.
1747 1913 1843 1956 quic-

1187 1969 1269 2013 quid
1290 1981 1352 2012 pro
1378 1970 1524 2013 quicque
1549 1969 1632 2012 286,
1656 1970 1702 2003 sie
1726 1980 1842 2014 quem-

1188 2037 1287 2071 quem
1312 2037 1446 2070 quoquo
1471 2037 1607 2071 quaqua
1632 2026 1697 2060 286
1723 2025 1809 2060 287.

1117 2085 1207 2128 quod
1226 2096 1288 2126 pro
1314 2086 1396 2127 quot
1423 2082 1502 2117 155.

1117 2151 1218 2185 quom
1246 2141 1290 2175 58
1317 2141 1378 2173 71.

1117 2197 1182 2242 quo
1207 2198 1308 2231 modo
1337 2197 1400 2230 116
1430 2197 1510 2230 118.

1116 2255 1256 2298 rapidus
1283 2254 1348 2288 253
1374 2255 1461 2287 317.

1117 2313 1254 2346 reboare
1281 2311 1364 2344 240.

1116 2368 1282 2403 reccidere
1307 2368 1391 2402 303.

1117 2426 1270 2461 redhalat
1295 2425 1379 2460 377.

1115 2483 1298 2517 redducere
1323 2482 1405 2516 303.

1116 2541 1209 2584 regio
1234 2541 1326 2582 viae,
1352 2540 1445 2584 regio
1470 2541 1562 2573 recta
1586 2538 1646 2572 88.
1702 2544 1709 2550 ’

1115 2597 1264 2631 relicuus
1289 2596 1374 2630 305.

1116 2654 1254 2688 rellatus
1280 2653 1367 2687 303.

1116 2711 1268 2755 relligio,
1292 2710 1468 2754 relliquiae
1493 2709 1556 2743 281
1569 2735 1576 2742 .

1115 2768 1276 2811 reloquus
1301 2766 1386 2800 306.

1115 2824 1330 2858 rememorari
1354 2823 1400 2856 80
1414 2849 1422 2856 .
1481 2863 1486 2868 ,
1619 2867 1622 2869 -

1117 2881 1279 2924 reperire,
1302 2881 1471 2924 repperire
1498 2881 1580 2914 210.

1117 2938 1306 2981 repetentia
1334 2938 1414 2972 186.
