2040 3328
868 223 935 265 111
1576 224 1656 267 155

177 338 324 382 (iratus
354 337 554 381 Fumides
571 368 580 378 .
599 337 812 393 oblongus
845 338 1044 396 caliqim‘s
1074 339 1264 381 umbram
1287 371 1296 380 .
1326 338 1428 381 olim
1459 338 1657 394 impressi

175 409 269 451 irai
279 408 374 465 fax
403 423 633 464 numquam
664 410 706 450 et
726 408 922 451 umbras.
941 408 1040 450 Itali
1071 408 1209 463 perite
1240 410 1328 451 Nec
1358 423 1497 450 NIMIS
1529 422 1656 463 IRAI,

177 481 265 520 tum
286 475 471 519 Fumida
492 490 816 518 SUFFUNDENS
835 509 844 518 .
868 476 946 519 sed
969 478 1159 520 umbram
1179 478 1404 520 umbrasve
1427 477 1659 521 accusandi

177 558 280 589 casu
313 544 442 588 scribi
471 558 558 586 non
591 544 764 600 debuit;
794 544 1030 588 ablativum
1052 559 1182 601 supra
1202 545 1465 590 firmavimus
1487 546 1544 590 ad
1566 559 1657 589 ver-

175 628 270 659 sum
290 614 373 670 39,
396 612 596 668 idemque
628 617 694 656 est
723 613 768 655 in
798 613 908 656 libro
939 627 979 669 v,
997 613 1108 657 482.

290 682 389 726 305.
428 696 630 723 GELIDIS
660 707 715 712 -—
746 695 887 724 rums
917 696 1128 724 PERmxA
1162 697 1377 725 VAPORIS
1410 719 1418 728 .
1451 684 1657 727 Marullus

117 764 124 769 ·
173 764 398 793 nvoms
416 784 426 795 .
449 750 721 793 Wakefieldo
753 763 846 793 cum
877 750 965 793 suis
996 751 1156 806 placuit
1185 754 1357 809 vaporis
1372 770 1387 807 ,·
1416 752 1531 808 quod
1563 753 1658 809 quis

174 819 335 876 credat,
366 819 451 862 nisi
482 819 555 874 qui
586 832 660 862 eos
691 818 798 862 nihil
830 819 1081 874 intellegere
1113 820 1408 864 intellexerit?

286 889 383 932 306.
431 889 588 931 Imm<
627 902 894 935 UTRASQUE
937 902 1079 930 SITAS
1128 903 1318 932 osuvos
1360 904 1658 936 SAEVOSQUE

173 970 366 999 Leonas
385 989 395 1000 .
412 956 492 999 Hic
521 956 675 1000 iterum
706 956 815 999 illud
837 957 1071 1000 absurdum
1094 959 1202 1001 inter
1223 968 1424 1016 utrasque
1445 959 1629 1014 legimus
1647 992 1656 1014 ,

175 1025 292 1082 quod
322 1025 381 1068 ad
410 1040 455 1079 11,
472 1024 556 1068 548
587 1025 773 1068 vidimus
804 1025 1076 1069 scribendum
1106 1041 1200 1071 esse
1224 1028 1656 1075 INTERUTRAQUE.

174 1094 255 1137 hoc
283 1106 386 1137 vero
418 1106 513 1136 cum
544 1095 791 1138 accusativo
823 1095 1024 1150 coniungi
1056 1110 1142 1138 non
1172 1110 1303 1153 posse
1333 1102 1541 1154 apparet:
1573 1110 1657 1152 quo

174 1161 220 1205 fit
248 1166 297 1205 ut
325 1163 410 1205 sica
439 1171 499 1205 est
527 1163 656 1206 scribi
678 1177 765 1206 non
787 1163 968 1220 debeat,
1001 1164 1117 1220 quod
1140 1165 1240 1208 fecit
1261 1166 1498 1209 Brixiensis
1521 1166 1659 1209 editor

175 1244 271 1274 cum
302 1231 485 1274 Marullo
524 1235 566 1274 et
595 1232 747 1275 ceteris
769 1264 778 1273 .
802 1237 866 1275 est
896 1237 1040 1276 autem
1072 1234 1302 1288 legendum
1333 1236 1630 1292 Inter-ucraque
1647 1268 1657 1289 ,

174 1314 326 1342 sucus
350 1316 491 1342 cervos
506 1317 734 1358 saevosque
751 1301 887 1344 leones
906 1334 914 1344 .
931 1306 978 1344 ut
994 1302 1216 1345 Lucretius
1234 1304 1524 1361 interutraque
1540 1321 1659 1347 secus

173 1367 321 1412 addito
344 1369 588 1412 accusativo
610 1368 745 1424 dixit,
777 1370 836 1412 ita
858 1369 964 1414 Cato
986 1372 1196 1428 utrimque
1221 1389 1339 1415 secus
1356 1405 1366 1426 ,
1399 1373 1482 1415 nisi
1506 1372 1657 1427 fallor,

173 1437 228 1481 de
258 1450 306 1480 re
334 1437 498 1480 rustica
529 1450 623 1493 cap.
645 1438 713 1494 21,
736 1439 763 1482 3
784 1439 954 1482 Dextra*
974 1441 1154 1483 sz'm'strci
1170 1441 1401 1497 foramina
1417 1475 1428 1495 ,
1451 1443 1661 1498 utrimque

172 1523 290 1551 secus
306 1506 492 1549 laminas
506 1540 517 1562 ,
540 1507 802 1550 sublaminas
817 1509 1010 1565 pollulas
1024 1510 1208 1551 minutas
1224 1511 1446 1566 supponito
1463 1543 1472 1552 .
1490 1523 1570 1552 nec
1586 1509 1660 1552 du-

174 1575 290 1619 bium
321 1578 386 1618 est
415 1576 518 1630 quin
549 1592 667 1619 secus
697 1578 960 1633 praepositio
992 1591 1087 1620 eam
1120 1578 1478 1621 constructionem
1509 1579 1660 1621 admit-

173 1647 263 1696 tat;
289 1657 549 1700 quamquam
571 1644 792 1688 Charisius
814 1660 855 1702 p.
873 1647 926 1689 61
950 1646 999 1689 id
1017 1646 1131 1703 quod
1149 1647 1300 1704 vul-qus
1322 1657 1521 1704 usurpet,
1543 1664 1660 1690 secus

174 1714 296 1757 illum
315 1713 412 1756 sedi
421 1747 432 1768 ,
454 1714 528 1756 hoc
551 1723 610 1756 est
628 1715 856 1758 secundum
877 1716 999 1758 illum
1014 1749 1025 1770 ,
1049 1724 1086 1758 et
1106 1732 1256 1758 novum
1277 1725 1314 1759 et
1333 1716 1552 1759 sordidum
1574 1733 1661 1760 esse

175 1781 307 1835 dicit,
339 1795 433 1826 cum
463 1786 607 1826 tamen
635 1783 727 1839 ipse
748 1797 788 1839 p.
811 1784 891 1827 195
913 1784 1212 1840 Sempronium
1234 1785 1525 1838 Asellionem,
1557 1790 1659 1829 tem-

174 1851 293 1909 poris
316 1850 557 1895 Gracchani
589 1851 864 1908 scriptorem,
894 1852 1169 1896 historiarum
1199 1854 1309 1896 libro
1332 1869 1404 1895 xrv
1437 1855 1510 1898 hoc
1540 1870 1660 1898 secus

175 1921 221 1963 in
242 1921 447 1977 temporis
468 1920 785 1975 significatione
806 1923 1001 1977 posuisse
1022 1927 1200 1966 testetur
1222 1955 1232 1965 .
1263 1927 1305 1965 et
1326 1923 1433 1966 haec
1455 1928 1496 1965 et
1518 1927 1660 1966 cetera

175 1988 230 2032 de
256 2005 376 2032 secus
404 1989 725 2045 praepositione
757 1990 974 2033 Gesnerus
1006 1991 1050 2033 in
1081 1990 1328 2034 thesaurum
1360 2005 1483 2034 suum
1516 1995 1659 2034 contu-

174 2058 252 2101 lit.
281 2059 559 2100 circumsecus
579 2057 879 2113 lexicographi
910 2060 1241 2114 consignarunt,
1272 2060 1558 2114 neglexerunt
1589 2077 1660 2102 an-

175 2129 326 2171 tisecus
340 2160 352 2182 ‚
385 2126 619 2182 Zonyisecus
634 2159 645 2180 ‚
682 2139 795 2181 quae
831 2131 929 2169 sunt
967 2128 1012 2170 in
1051 2129 1276 2182 glossariis
1305 2128 1497 2171 Labbaei
1516 2162 1526 2184 ,
1559 2129 1659 2171 item

170 2205 410 2254 postsecus,
441 2194 559 2250 quod
590 2194 695 2237 nihil
727 2195 900 2238 omnino
932 2209 1028 2240 esse
1058 2197 1162 2240 dicit
1193 2197 1333 2254 Caper
1362 2212 1403 2253 p.
1422 2197 1534 2240 2243
1552 2229 1562 2239 .

289 2264 387 2308 308.
409 2277 573 2305 TAMEN
588 2278 702 2305 ILLA
718 2278 993 2311 namucum
1011 2267 1228 2309 NATURA
1245 2280 1498 2313 cumsouss
1516 2280 1660 2307 ANIMI

174 2348 265 2376 vus
278 2346 418 2375 ⁷r1c1A
447 2346 602 2374 PRIMA
620 2366 630 2376 .
647 2333 765 2377 Bene
786 2334 996 2378 Marullus
1014 2368 1023 2391 ,
1048 2335 1247 2391 quamvis
1272 2334 1567 2378 Wakefieldus
1589 2348 1659 2378 ne-

175 2407 275 2459 get,
306 2403 581 2456 NATURAE,
614 2406 661 2445 ut
695 2403 827 2459 paulo
862 2407 961 2459 post
980 2404 1066 2447 320
1103 2405 1242 2461 Usque
1272 2405 1377 2447 adeo
1406 2413 1657 2447 naturarum

173 2471 351 2529 vestiqia
381 2472 523 2528 linqui
549 2472 738 2514 Parvola
759 2504 768 2514 .
790 2471 868 2515 sed
904 2472 1018 2515 idem
1054 2473 1263 2516 Marullus
1305 2473 1452 2516 nescio
1495 2486 1582 2528 qua
1612 2486 1659 2515 re

174 2539 379 2596 deceptus
419 2539 593 2596 scripsit
628 2541 827 2584 animus:
857 2543 997 2584 animi
1028 2546 1142 2585 recte
1174 2546 1352 2598 uterque
1384 2541 1549 2597 codex,
1581 2540 1658 2584 sed

175 2607 412 2664 quadratus
442 2612 656 2664 postremo
686 2610 708 2651 i
734 2622 787 2651 ex
818 2626 838 2652 e
870 2609 982 2653 facto
1014 2610 1154 2666 prima
1184 2623 1313 2652 manu
1331 2643 1341 2653 .

289 2676 387 2719 317.
418 2691 442 2717 'r
458 2690 516 2718 01·
536 2691 731 2719 nomm
753 2692 885 2724 QUOD
909 2693 1030 2720 SUNT
1053 2711 1062 2720 .
1087 2679 1311 2723 Corrector
1333 2678 1508 2732 oblongi
1531 2678 1657 2720 nimis

176 2744 342 2788 curiose
372 2754 471 2801 quot
499 2755 596 2788 suut
616 2779 626 2789 .
653 2751 832 2802 uterque
872 2746 1009 2790 codex
1049 2748 1092 2789 in
1123 2761 1252 2790 versu
1285 2748 1396 2790 1090
1426 2747 1540 2802 quod
1567 2748 1658 2801 vis,

175 2812 412 2870 quadratus
433 2813 476 2855 in
496 2828 553 2868 vr,
571 2815 654 2857 703
676 2815 853 2872 aliquod
868 2848 878 2857 .
897 2828 950 2857 ne
968 2816 1150 2871 septimo
1173 2815 1345 2870 quidem
1368 2815 1422 2857 ab
1442 2814 1546 2857 urbe
1563 2829 1659 2858 con-

175 2882 268 2925 dita
283 2881 457 2925 saeculo
475 2885 635 2924 certum
651 2883 870 2926 scribendi
887 2883 1117 2926 discrimen
1136 2884 1216 2927 fuit
1232 2915 1242 2926 .
1260 2884 1305 2926 in
1321 2884 1419 2937 lege
1435 2884 1658 2927 Thoria26

175 2950 299 3004 Quod
323 2951 500 3007 quisque
527 2950 708 3007 pecudes
729 2952 774 2994 in
795 2951 942 2994 culleis
962 2954 1103 2995 vz'asve
1124 2953 1319 3009 publicas
1339 2954 1506 2996 itineris
1525 2969 1658 2995 causa

155 3019 395 3062 induxerit
416 3050 426 3060 .
449 3019 522 3062 vix
542 3018 747 3063 credibile
777 3023 842 3063 est
872 3019 952 3064 hoc
981 3021 1052 3064 vel
1083 3020 1354 3065 doctissimos
1385 3020 1591 3065 fefellisse
1612 3021 1658 3064 in
