2040 3328
892 259 958 302 III
1587 255 1665 298 157

183 394 324 437 nugas
355 381 488 434 agunt
517 376 619 419 Pius
650 379 692 419 et
722 374 1046 418 Wakefieldus.
1068 372 1275 416 Marullus
1296 372 1472 428 alvoque
1491 370 1670 427 repostis

184 448 427 494 Discidium
447 455 492 489 ut
519 454 696 502 nequeat
710 445 822 502 fieri
837 477 846 487 .
868 443 946 487 sed
977 441 1196 498 aptissime
1217 440 1452 484 Lambinus
1482 439 1670 496 priorem

184 531 355 563 versum
386 529 478 559 cum
512 514 806 571 superioribus
838 511 1089 567 coniungit,
1129 516 1176 554 ut
1206 515 1355 554 mutua
1386 508 1578 565 corporis
1610 511 1669 550 at-

184 599 268 642 que
289 586 460 629 animae
482 583 685 637 contagia
705 583 857 626 vitales
879 585 1017 624 motus
1045 581 1205 623 discere
1236 579 1432 622 dicantur
1462 578 1671 620 Materm‘s

185 656 309 699 etiam
349 654 545 697 membris
583 652 758 708 alvoque
788 665 1014 692 REPOSTA
1038 682 1046 691 .
1070 650 1130 692 ita
1159 662 1263 693 vero
1294 646 1538 691 necessario
1571 645 1670 688 scri-

183 721 371 766 bendum
414 725 479 764 est
514 719 757 764 Discidium
796 734 856 761 UT
892 727 1070 776 nequeat
1091 718 1205 774 fieri
1219 751 1228 761 .
1252 722 1294 759 et
1338 730 1486 759 Verum
1526 718 1591 758 est
1627 714 1671 756 in

185 792 372 845 oblongo
417 807 458 833 m
503 790 688 833 litteram
729 789 772 831 in
809 789 939 830 litura
975 800 1095 829 esse:
1140 785 1218 828 fuit
1254 789 1397 828 autem
1417 818 1426 840 ‚
1464 787 1670 838 quantum

187 860 397 902 contentis
430 860 565 902 oculis
595 857 744 901 videre
775 856 920 912 potui,
952 855 1227 898 Discidium.

298 928 397 971 357.
428 929 587 971 PEnm
616 941 735 968 ΕΝΙΜ
766 939 899 972 QUOD
930 938 1024 966 NON
1054 935 1450 966 PROPRIUM‘FUIT
1482 935 1594 963 Eius
1625 935 1672 961 IN

184 1012 344 1054 AEVO,
382 998 665 1044 MULTAQUE
702 1008 1001 1037 PRAETEREA
1037 1007 1223 1034 PERDIT
1258 1007 1326 1034 UM
1356 1004 1673 1032 EXPELLITUR

184 1081 317 1109 AEvo
350 1081 512 1113 QUAM.
536 1065 761 1108 Cori-ector
792 1062 968 1117 oblongi
999 1063 1192 1105 szmr
1230 1062 1365 1104 enim.
1389 1064 1478 1102 tum
1509 1060 1598 1102 eius
1628 1060 1674 1101 in

185 1152 284 1179 aevo
320 1140 498 1190 uterque
534 1134 670 1177 codex
707 1133 799 1176 sine
835 1132 924 1174 ullo
963 1131 1133 1174 alienae
1170 1143 1324 1172 manus
1360 1128 1543 1183 vestigio
1564 1143 1573 1170 ε
1596 1128 1673 1170 sed

185 1201 417 1260 quadratus
449 1194 519 1259 ei,
553 1202 668 1259 quod
699 1201 799 1257 quid
832 1204 945 1244 esset
966 1200 1315 1254 Havercampus,
1349 1199 1475 1241 homo
1505 1197 1674 1253 imperi-

185 1278 280 1329 tus,
313 1287 399 1315 non
431 1273 667 1316 didicerat.
690 1287 840 1327 quam,
880 1269 998 1324 quod
1029 1269 1071 1310 in
1103 1267 1187 1311 fine
1218 1281 1369 1310 versus
1399 1266 1582 1321 legitur,
1622 1278 1675 1307 ex

183 1342 380 1396 margine
410 1341 561 1384 dextro
603 1338 762 1382 codicis
805 1337 1025 1394 archetypi
1066 1337 1169 1379 illuc
1199 1337 1342 1379 venit:
1366 1340 1431 1379 est
1461 1335 1574 1378 enim
1604 1333 1675 1375 hic

184 1422 338 1454 versus
375 1410 525 1453 tertius
562 1407 750 1464 paginae
786 1407 912 1449 huius
947 1406 1046 1449 libri
1087 1407 1263 1462 quintae
1301 1404 1495 1447 decimae
1515 1437 1524 1459 ‚
1564 1415 1676 1457 quae

185 1479 266 1521 fuit
295 1478 339 1521 in
368 1482 491 1534 parte
521 1477 698 1520 sinistra
727 1475 912 1519 schedae
930 1508 940 1518 .
963 1475 1149 1518 debebat
1179 1478 1321 1517 autem
1352 1473 1481 1516 scribi
1514 1485 1675 1526 QUOM,

186 1546 302 1602 quod
325 1551 416 1589 erat
438 1547 483 1589 in
504 1547 598 1602 ipso
619 1558 749 1588 versu
770 1544 1008 1586 mutilatum
1031 1560 1101 1586 um
1119 1576 1127 1586 .
1148 1543 1229 1586 hoc
1250 1542 1347 1585 Itali
1369 1542 1455 1585 iam
1479 1541 1678 1584 viderunt

186 1619 229 1658 et
249 1615 487 1659 Brixiensis
509 1615 647 1658 editor
665 1647 674 1669 ,
709 1614 782 1669 qui
804 1612 1015 1655 dederunt
1035 1629 1128 1655 eum
1147 1645 1156 1654 .
1180 1611 1257 1655 sed
1279 1611 1323 1653 in
1344 1614 1527 1665 utroque
1547 1623 1676 1654 versu

185 1684 510 1740 interpretando
540 1696 651 1725 unus
680 1681 907 1726 Creechius
939 1681 1105 1738 aliquid
1137 1680 1192 1723 ad
1225 1694 1315 1723 rem
1346 1680 1448 1723 fecit
1478 1679 1677 1722 adferen-

187 1753 253 1796 dis
275 1752 450 1809 Epicuri
471 1752 616 1796 verbis
632 1785 643 1807 ⁷
676 1764 786 1806 quae
818 1754 918 1793 sunt
947 1749 1064 1806 apud
1088 1749 1327 1804 Diogenem
1351 1749 1396 1792 in
1427 1749 1536 1791 libro
1557 1763 1599 1804 x,
1622 1747 1678 1790 64

185 1822 472 1878 itaconcepta.
491 1818 562 1864 διὸ
578 1816 912 1876 ἀπαλλαγείσης
929 1820 1007 1876 τῆς
1016 1817 1238 1876 ψυχῆς(τὸ
1249 1816 1412 1862 λοιπὸν
1424 1812 1676 1875 ἄθροισμα)

186 1887 267 1936 οὐκ
285 1890 374 1946 ἔχει
390 1889 469 1948 τὴν
487 1886 703 1945 αἴσθησιν
720 1903 730 1912 ·
754 1884 806 1933 οὐ
831 1887 913 1945 γὰρ
932 1884 1042 1932 αὐτὸ
1060 1886 1105 1932 ἐν
1124 1884 1268 1945 ἑαυτῷ
1282 1884 1450 1944 ταύτην
1471 1885 1676 1942 ἐκέκτητο

183 1959 264 2018 τὴν
279 1956 485 2014 δύναμιν,
505 1955 599 2002 ἀλλ’
619 1955 753 2016 ἑτέρῳ
772 1957 865 2013 ἅμα
883 1956 1236 2015 συγγεγενημένῳ
1254 1952 1376 2014 αὐτῷ
1392 1951 1677 2012 παρεσκεύα-

187 2028 270 2082 ζεν.
292 2029 368 2072 sed
387 2028 572 2072 debebat
588 2041 736 2071 eorum
750 2027 998 2070 meminisse
1015 2039 1126 2080 quae
1147 2029 1277 2082 poeta
1297 2038 1430 2082 supra
1451 2025 1560 2067 dixit
1579 2024 1675 2078 213,

187 2098 268 2141 Nil
286 2098 350 2140 ibi
363 2098 538 2140 libatum
559 2097 610 2140 de
631 2106 709 2140 toto
731 2112 902 2153 corpore
923 2112 1072 2138 cernas
1094 2095 1170 2137 Ad
1187 2096 1384 2151 speciem,
1416 2094 1480 2136 nit
1500 2093 1560 2135 ad
1570 2108 1677 2149 pon-

187 2166 268 2209 dus
285 2182 298 2208 .·
317 2182 430 2209 mors
450 2166 590 2208 omnia
598 2174 813 2222 praestat,
845 2164 1020 2207 Vitalem
1036 2172 1210 2220 praeter
1227 2179 1392 2206 sensum
1409 2161 1678 2217 calidumque

186 2251 382 2292 vaporem
399 2251 412 2277 .·
432 2235 494 2277 ita
516 2234 628 2276 enim
648 2232 932 2276 intellexisset
958 2232 1066 2275 illud
1098 2232 1318 2289 Multaque
1344 2240 1569 2288 praeterea
1590 2243 1678 2271 non

188 2303 421 2347 delendum
452 2316 574 2358 esse,
607 2301 685 2344 sed
715 2314 854 2357 parva
885 2314 1018 2357 opera
1038 2301 1100 2344 sic
1121 2300 1447 2357 refingendum,
1479 2300 1680 2343 NULLA—

187 2386 284 2419 Qun
318 2380 540 2429 praeterea
559 2370 734 2428 perdit,
773 2386 896 2426 quom
927 2370 1154 2426 expellitur
1184 2386 1284 2413 aevo
1303 2403 1312 2412 .
1335 2369 1498 2423 Nulla,
1539 2368 1583 2411 id
1615 2371 1679 2410 est

187 2441 329 2484 nullas
357 2453 453 2495 res3
484 2443 530 2482 ut
560 2439 604 2481 in
635 2454 662 2494 1,
686 2439 770 2481 242
800 2439 877 2481 ubi
902 2439 1026 2481 ‘nulla
1052 2439 1195 2493 forent
1226 2448 1392 2482 aeterno
1424 2453 1597 2494 corpore
1619 2469 1628 2478 .

301 2509 399 2552 361.
433 2508 791 2563 Dmmcumm,
825 2521 1024 2550 CONTRA
1056 2522 1157 2549 CUM
1189 2521 1369 2549 sensus
1401 2520 1566 2548 DUCAT
1596 2518 1680 2546 Eo-

186 2591 293 2619 RUM
315 2609 325 2620 .
357 2576 600 2628 Quadratus
636 2577 822 2634 Difficile
867 2585 957 2620 est.
986 2576 1221 2619 Lambinus
1265 2576 1423 2632 optime
1467 2576 1681 2617 DEsnm-

187 2659 247 2686 m:
258 2659 309 2686 ST
330 2677 340 2700 ,
371 2653 518 2688 eontra
549 2662 641 2687 eum
662 2660 811 2687 chr
829 2660 839 2702 3
871 2645 940 2688 cui
962 2644 1260 2688 Wakefieldus
1282 2649 1323 2688 et
1343 2643 1555 2697 Forbiger
1584 2655 1679 2684 cum

190 2717 339 2756 contra
369 2712 540 2769 dicunt,
573 2713 817 2769 desipiunt.

305 2780 402 2824 362.
435 2780 624 2823 Sensus
662 2797 780 2823 ENIM
817 2796 1001 2824 TRAHIT
1039 2797 1203 2829 ATQUE
1239 2796 1388 2823 ACIES
1419 2795 1513 2821 DET
1527 2794 1679 2822 Romi·

189 2866 254 2893 An
284 2863 424 2892 11>sAs
443 2882 453 2892 .
475 2849 594 2893 Haec
629 2851 666 2893 si
706 2851 981 2905 omittantur,
1019 2850 1259 2905 planiorem
1300 2851 1556 2893 sententiam
1588 2849 1679 2892 fore

189 2920 424 2963 Lambinus
462 2922 576 2961 recte
612 2918 740 2961 dicit:
764 2919 879 2961 idem
911 2931 996 2974 quo
1028 2919 1120 2961 iure
1158 2919 1221 2961 eis
1259 2932 1348 2961 rem
1387 2919 1544 2961 falsam
1582 2922 1624 2961 et
1654 2932 1681 2961 a

190 2988 374 3031 decretis
396 2987 567 3043 Epicuri
597 2987 897 3031 abhorrentem
928 2988 1070 3030 inesse
1102 2987 1260 3029 iudicet
1292 2986 1435 3031 dicere
1466 3002 1553 3030 non
1584 3001 1680 3044 pos-

191 3070 311 3112 sum,
350 3056 454 3111 quia
482 3069 621 3111 neque
652 3057 793 3113 ipsum
824 3070 994 3099 versum
1026 3069 1166 3111 neque
1198 3057 1387 3099 Turnebi
1420 3061 1494 3100 aut
1523 3057 1681 3100 Wake-
