2040 3328
410 229 466 270 60
1122 233 1142 274 I

410 353 557 382 versus
579 341 785 383 Marullus
805 341 960 385 delevit
980 358 988 384 z
1019 343 1198 385 restituit
1217 345 1391 387 alterum
1412 346 1666 402 Lambinus,
1699 348 1742 390 in
1770 362 1852 402 quo

410 408 579 461 scripsit
609 421 701 450 cum
722 409 841 450 Italis
872 411 1115 451 exoriuntur
1136 441 1144 450 .
1167 410 1266 451 mihi
1295 415 1468 466 uterque
1498 418 1634 456 rectus
1664 415 1851 471 videtur,

410 474 444 515 si
475 474 951 530 paulum-adiuventur,
984 475 1062 517 hoc
1091 476 1242 518 modo.
1272 477 1518 533 Praeterea,
1557 493 1649 522 cum
1679 482 1773 536 ipsa
1802 495 1853 524 ex

410 541 659 594 alienigenis
681 546 897 595 constent,
930 543 1049 584 tellus
1070 559 1175 597 quae
1200 559 1374 599 corpora
1403 560 1573 601 cumque
1601 548 1701 601 alit,
1732 558 1853 604 auyet

411 607 559 649 eadem
589 608 714 649 nullis
746 608 842 650 aliis
875 608 977 650 cibis
1001 613 1041 650 et
1061 609 1268 650 alimentis
1290 610 1372 651 nisi
1402 624 1510 664 quae
1540 617 1636 655 sunt
1664 614 1734 656 Em
1753 615 1852 657 alie-

409 675 570 730 anqem‘s
586 707 596 727 ‚
628 690 733 729 quae
762 675 858 729 ipsa
887 689 1208 716 ALIENIGENIS
1239 677 1430 719 oriuntur
1451 709 1459 719 .

521 740 614 783 882.
647 741 854 782 Rossom:
885 757 980 783 CUM
1008 757 1055 782 IN
1086 757 1200 783 SAxl
1230 757 1556 786 FRANGUNTUR
1579 777 1588 787 .
1619 747 1712 789 884.
1749 748 1854 791 CUM

408 820 581 866 {mmm
611 821 656 847 IN
685 821 903 849 LAPIDEM
933 823 1153 850 TENEMUS
1177 842 1186 852 .
1219 811 1314 852 Itali
1347 816 1387 853 et
1407 811 1602 867 impressi
1622 827 1853 858 TERIMUS.

410 888 462 915 ex
482 878 658 928 utroque
679 888 803 917 versu
829 890 876 916 IN
903 877 1255 930 praepositionem
1278 878 1444 919 sustulit
1465 879 1695 935 Marullus,
1717 885 1853 937 recte,

408 945 454 982 ut
482 945 609 995 puto,
642 942 717 983 etsi
750 955 822 983 cur
853 942 1000 984 addita
1031 943 1084 984 sit
1112 955 1197 984 non
1226 943 1424 998 intellego
1447 977 1456 987 .

521 1008 613 1050 885.
645 1022 817 1049 nemus
848 1023 1046 1055 QUOQUE
1077 1023 1223 1050 sAEPE
1244 1025 1466 1052 DECEBAT
1484 1045 1492 1053 .
1514 1013 1714 1056 Marullus
1735 1029 1853 1056 HER-

408 1089 495 1115 ssAs
514 1108 522 1128 ,
555 1078 666 1116 recte
685 1107 694 1130 ,
720 1076 820 1129 quia
841 1076 1028 1130 sequitur
1049 1076 1103 1117 ab
1127 1076 1272 1118 eodem
1295 1077 1458 1120 decebat
1477 1093 1726 1134 suspensum
1746 1083 1854 1124 Her-

409 1143 554 1182 barum
582 1157 737 1198 yeozera
767 1151 804 1184 et
819 1143 976 1198 fruyes
992 1143 1253 1198 frondesque
1270 1176 1279 1185 .

483 1201 614 1251 '8862
648 1209 714 1249 Er
735 1222 945 1249 LAr1cns
967 1223 1147 1250 DULCIS
1170 1225 1388 1253 GUTTAS.
1411 1213 1564 1256 Dulces
1585 1213 1793 1268 oblongus
1814 1220 1856 1258 et

408 1274 614 1316 Antonius
633 1307 642 1328 ,
664 1288 750 1317 non
770 1276 961 1330 impressi
981 1310 988 1319 .
1010 1290 1201 1317 LATICIS
1223 1278 1430 1321 Antonius
1451 1283 1492 1321 et
1513 1281 1714 1323 Marullus
1731 1314 1740 1323 .
1757 1295 1854 1324 mox

406 1342 619 1397 simileque
650 1342 880 1396 quadratus
913 1347 953 1384 et
981 1343 1189 1385 schedae:
1221 1344 1413 1398 quadrati
1445 1350 1653 1389 corrector
1681 1349 1853 1391 similes-

408 1425 484 1464 que
507 1441 516 1450 .
550 1409 594 1450 in
624 1423 748 1452 versu
777 1409 967 1464 proximo
1000 1411 1124 1465 quali
1148 1411 1379 1464 quadratus
1409 1415 1450 1454 et
1479 1413 1685 1470 schedae,
1717 1417 1854 1470 qualis

408 1476 625 1531 oblongus,
644 1477 787 1532 quales
798 1481 1006 1518 corrector
1023 1477 1195 1531 oblongi
1212 1482 1252 1519 et
1268 1490 1359 1519 cum
1370 1478 1489 1520 Italis
1503 1480 1715 1534 impressi.
1732 1482 1854 1523 Lam-

408 1543 531 1584 binus
545 1544 756 1600 Zam‘gyerae
769 1545 890 1599 quali
897 1553 991 1585 sunt
999 1545 1127 1585 ubera
1138 1545 1270 1598 lactis,
1284 1545 1454 1599 optime:
1472 1547 1547 1588 sed
1563 1547 1664 1590 mihi
1680 1549 1854 1590 alterum

407 1610 509 1652 satis
518 1610 813 1665 plaeet,dulces
821 1619 960 1666 ,quttas
973 1612 1129 1653 mittere
1145 1612 1251 1653 tales
1263 1613 1386 1667 quali
1394 1629 1484 1655 oves
1491 1622 1586 1655 sunt
1597 1615 1715 1657 Zactz‘s'
1723 1616 1854 1658 ubere.

520 1678 613 1720 890.
662 1678 966 1718 DISPERTITA
1011 1692 1061 1718 IN
1106 1693 1307 1719 TERRAM
1350 1693 1407 1720 LA
1421 1694 1596 1720 r1TARE
1640 1695 1826 1722 MINUTE
1843 1714 1853 1723 .

407 1745 526 1786 Hunc
556 1758 722 1787 versum
754 1757 844 1786 cum
874 1746 1066 1799 proximo
1097 1747 1290 1787 omittunt
1320 1747 1547 1800 quadratus
1578 1751 1619 1789 et
1647 1748 1852 1791 schedae.

406 1811 501 1854 Itali
532 1816 573 1854 et
601 1813 791 1866 impressi
824 1822 860 1854 ec
889 1814 933 1854 in
964 1821 1140 1854 terram.-
1169 1813 1396 1868 Marullus,
1435 1814 1471 1855 si
1503 1814 1694 1857 Candido
1724 1814 1854 1871 fides,

404 1879 638 1934 Despertita
660 1895 744 1920 esse
765 1895 812 1920 ao
833 1880 877 1920 in
899 1882 1019 1921 terris
1035 1895 1047 1920 .·
1064 1880 1302 1933 Naugerius
1319 1881 1553 1936 Dz'spertz‘ta
1570 1897 1619 1923 ao
1639 1882 1684 1923 in
1705 1883 1828 1924 terris
1843 1914 1854 1935 ,

407 1946 636 1987 Lambinus
667 1955 788 2001 atque
815 1947 859 1987 in
890 1948 1012 1988 terris
1034 1978 1043 1987 .
1065 1947 1168 1988 haec
1189 1947 1258 2000 qui
1286 1947 1571 2002 examinabit,
1603 1948 1772 2001 singula
1797 1948 1855 1990 in-

408 2012 578 2054 condita
608 2026 701 2054 esse
731 2012 973 2066 intelleget,
1005 2014 1208 2067 pleraque
1239 2014 1421 2056 vitiosa.
1445 2014 1734 2057 Wakefieldus
1764 2027 1856 2057 eum

406 2081 495 2122 suis
525 2096 574 2121 ac
604 2081 648 2121 in
678 2088 830 2121 terram
860 2079 1048 2132 latitare,
1080 2081 1237 2122 scilicet
1267 2093 1320 2122 ne
1340 2081 1525 2135 priorum
1546 2082 1688 2135 aliquo
1719 2075 1856 2123 minus

406 2150 657 2201 peccarent.
686 2146 956 2200 perspicuum
989 2150 1051 2188 est
1079 2151 1247 2202 poetam
1278 2147 1498 2202 scripsisse
1526 2149 1761 2204 Dispertita
1788 2162 1856 2188 m-

407 2228 497 2254 TER
527 2222 679 2255 terram
702 2244 711 2255 .
1762 2255 1766 2260 .

519 2280 613 2322 893.
660 2294 880 2326 QUONIAM
910 2294 1183 2322 MANIFESTA
1215 2294 1408 2326 Docnr.
1440 2282 1535 2324 RES
1567 2281 1732 2324 addidit
1766 2294 1854 2324 001·-

410 2351 545 2390 rector
577 2347 775 2402 quadrati
808 2351 849 2390 et
878 2349 1034 2391 ceteri.

518 2416 612 2458 900.
645 2415 817 2455 Donne-
848 2429 1081 2455 FLAMMAE
1116 2429 1399 2457 FULSERUNT
1436 2429 1590 2457 mom:
1627 2428 1814 2456 cooaro
1834 2447 1843 2457 .

409 2482 614 2540 Marullus
645 2482 864 2524 verissime
895 2496 1121 2522 FLAMMAI
1143 2514 1153 2524 .

519 2549 613 2591 906.
646 2548 962 2590 Concmm
995 2563 1159 2590 voneo
1192 2563 1395 2592 s1LVAs.
1419 2549 1638 2592 Gorreetor
1660 2549 1856 2604 quadrati

407 2621 448 2658 et
478 2615 603 2658 ceteri
635 2615 988 2658 CONFICERENT
1011 2649 1019 2657 .

519 2684 613 2726 909.
661 2695 1079 2724 courmeANTUR.
1110 2683 1350 2736 Naugerius
1382 2696 1785 2740 conrmEAN'i-Un,
1816 2687 1860 2725 ut

406 2751 532 2805 paulo
563 2753 659 2791 ante
680 2762 805 2791 versu
827 2750 906 2792 818
930 2781 937 2790 .
969 2749 1081 2791 ‘sed'
1117 2749 1402 2792 Wakefieldus
1424 2749 1558 2803 inquit
1587 2750 1859 2792 ‘variantium

406 2818 669 2870 loquelarum
699 2817 938 2859 iucunditas
960 2817 1222 2871 lepidissimo
1245 2820 1396 2871 poetae
1427 2816 1678 2859 concedatur
1701 2816 1723 2857 .'
1752 2815 1859 2858 hunc

407 2883 595 2938 graviter
624 2883 779 2925 refutat
811 2884 1044 2938 Forbiger,
1082 2897 1173 2926 cum
1211 2884 1316 2926 satis
1353 2887 1464 2925 esset
1494 2883 1671 2937 digitum
1701 2882 1756 2925 ad
1785 2883 1859 2924 illa

407 2954 558 3006 poetae
588 2950 719 2992 verba
748 2950 1006 3005 intendisse,
1034 2951 1162 3006 paulo
1192 2950 1303 3006 quod
1330 2950 1514 2992 diximus
1544 2958 1656 2991 ante.
