2040 3328
956 234 1015 277 IV
1647 235 1731 278 255

245 348 377 392 tando
398 347 644 391 addendum
666 354 810 391 censet
831 381 840 392 .
863 362 941 391 nos
971 353 1166 392 neutrum
1188 362 1414 404 sequemur
1435 382 1444 406 ,
1468 349 1545 393 sed
1577 349 1732 393 seribe-

245 430 338 460 mus
369 415 484 472 quod
512 416 637 459 unice
668 416 724 459 ad
755 430 844 460 rem
875 416 978 460 facit
998 450 1008 473 ,
1027 417 1148 474 forte
1176 432 1376 460 Lnonnu
1394 451 1404 461 .

359 484 454 527 754.
499 498 700 525 MENTEM
746 499 906 527 sunm
949 499 1169 527 RATIONE
1213 500 1405 528 movnm
1447 486 1550 528 Pan
1593 500 1731 528 smu-

244 567 406 596 LAGRA
426 566 653 607 Leonum,
677 568 894 610 cnrmm,
918 568 1014 601 Qun
1034 568 1185 595 vmutr
1202 569 1365 601 AEQUE
1388 588 1397 610 ,
1421 556 1524 598 Nnc
1555 569 1732 611 mnus,

245 636 398 664 ocum
426 623 591 668 Aroim
615 653 626 663 .
648 622 716 664 Ita
745 622 852 665 haec
875 623 1086 677 Forbiger
1108 623 1329 679 distinxit,
1352 627 1493 666 mente
1523 628 1639 666 mota
1654 656 1664 675 ,
1687 628 1733 666 ut

243 691 437 747 suspicor
458 723 468 747 ,
499 704 575 746 per
602 691 774 733 leonum
799 691 1028 734 simulacra
1050 723 1058 732 .
1087 703 1256 734 versum
1286 695 1430 733 autem
1451 704 1528 734 suo
1555 691 1648 734 loco
1670 692 1731 734 in-

243 760 378 803 cisum
409 772 496 802 non
527 767 622 802 e'sse
652 759 766 802 idem
797 773 852 803 ne
877 758 1180 802 animadvertit
1201 758 1401 815 quidem,
1423 759 1623 802 mirificus
1646 773 1732 803 ma-

243 829 410 884 gister,
441 828 521 879 Qui
553 828 670 870 solus
700 827 806 882 legit
836 841 888 870 ac
918 828 1022 871 facit
1051 831 1233 883 poe'tas,
1263 828 1337 882 qui
1369 826 1425 870 ad
1455 827 1608 870 librum
1632 843 1659 881 1,
1677 828 1734 871 54

243 897 326 939 sibi
363 896 562 939 ‘breviter
598 897 1026 939 commemorandum’
1061 895 1183 938 duxit
1218 895 1274 940 ‘in
1312 896 1542 950 Lucretio,
1573 901 1618 938 ut
1648 911 1733 939 om-

242 965 346 1008 nino
375 965 584 1020 plurimos
614 977 764 1007 versus
795 965 908 1007 male
939 964 1230 1020 compositos,
1253 964 1315 1007 sic
1339 964 1466 1007 etiam
1500 966 1733 1020 permultos

243 1033 459 1087 inveniri,
490 1046 570 1076 nec
600 1033 756 1088 tertio,
788 1046 868 1076 nec
902 1037 1054 1088 quarto
1092 1033 1203 1089 pede
1240 1032 1474 1087 legitimam
1510 1046 1733 1076 caesuram

243 1101 480 1145 referentes
498 1102 521 1157 ,'
546 1101 602 1144 ad
623 1101 704 1144 hoc
724 1102 933 1157 exemplis
963 1115 1066 1145 usus
1098 1101 1220 1144 huius
1250 1101 1367 1144 modi
1390 1134 1399 1157 ,
1423 1101 1664 1144 Reddunda
1688 1103 1734 1144 in

242 1171 404 1214 ratione
431 1170 437 1226 Ι
463 1186 610 1213 vocare
635 1169 642 1225 Ι
669 1179 706 1212 ει
734 1171 895 1212 semina
923 1186 1064 1212 rerum
1089 1202 1101 1224 ‚
1133 1170 1249 1221 Quid
1274 1178 1451 1226 nequeat
1470 1170 1603 1226 finita
1630 1170 1637 1225 Ι
1659 1186 1733 1226 po-

243 1247 369 1281 testas
399 1238 578 1295 denique
604 1239 754 1295 cuique
774 1272 785 1293 ,
810 1251 904 1281 cum
933 1242 1080 1294 posset
1109 1239 1240 1294 paulo
1272 1238 1435 1282 maiore
1466 1251 1559 1281 cum
1591 1238 1734 1293 speeie

243 1311 318 1350 aut
346 1306 447 1349 libri
467 1320 500 1347 11
520 1319 690 1350 versum
714 1306 822 1350 1059
854 1306 1026 1349 adferre
1057 1310 1131 1349 aut
1161 1319 1214 1349 ea
1244 1306 1299 1349 de
1330 1307 1483 1361 quibus
1514 1306 1655 1349 dicam
1677 1306 1734 1349 ad

242 1389 300 1431 vr,
320 1375 460 1418 1067.
493 1373 663 1417 saniore
700 1374 859 1417 iudicio
892 1375 1097 1417 Marullus
1135 1374 1304 1430 scripsit
1334 1389 1391 1416 m·
1420 1384 1554 1418 cetera
1574 1408 1586 1430 7
1618 1374 1732 1430 quod

242 1443 478 1486 Lambinus
500 1446 542 1484 et
562 1441 855 1486 Wakefieldus
878 1474 888 1497 ‚
912 1443 1057 1486 omnia
1076 1456 1279 1498 perverse
1300 1435 1599 1499 interpretati,
1628 1443 1733 1485 reie-

243 1516 393 1555 cerunt
413 1543 422 1553 .
451 1525 538 1554 non
568 1510 673 1553 libet
703 1523 848 1553 eorum
880 1516 1120 1555 commenta
1149 1514 1381 1567 excutere,
1405 1525 1499 1554 cum
1529 1525 1583 1554 ne
1614 1511 1733 1553 dubi-

242 1580 418 1624 tandum
450 1579 621 1634 quidem
651 1579 706 1621 sit
735 1579 840 1633 quin
871 1579 977 1623 haec
1007 1581 1068 1622 ita
1093 1579 1375 1635 concipienda
1404 1580 1520 1622 sint.
1543 1580 1662 1623 Scire
1684 1580 1733 1622 Zi-

242 1659 304 1692 eet
332 1657 505 1692 mentem
534 1648 672 1690 simili
696 1649 857 1690 ratione
886 1649 1048 1691 moveri
1061 1681 1072 1702 ,
1094 1648 1181 1690 Per
1206 1649 1439 1690 simulacra
1468 1661 1666 1689 LEONEM
1696 1657 1733 1690 et

242 1726 378 1759 cetera
399 1732 507 1774 quae
528 1715 640 1758 videt
660 1732 790 1772 aeque
810 1717 899 1758 Nec
919 1717 1059 1759 minus
1079 1730 1244 1762 ATQUE
1269 1730 1418 1758 ocum
1441 1748 1449 1757 .
1478 1729 1578 1758 nam
1599 1716 1733 1759 verba

242 1787 460 1840 postrema
488 1784 569 1826 hoc
599 1782 749 1826 ordine
779 1783 1007 1827 scribenda
1037 1797 1134 1827 esse
1163 1784 1262 1827 Itali
1293 1784 1379 1827 iam
1410 1783 1636 1828 viderunt.

357 1853 453 1896 760.
485 1866 544 1894 υτ
566 1865 827 1892 VIDEAMUR
848 1866 1070 1893 cnRNERE
1101 1867 1200 1894 EUM
1231 1866 1327 1899 Qun
1358 1853 1587 1895 REDDrrA
1615 1865 1730 1892 vrrA

241 1935 330 1962 ῙΑΜ
350 1935 478 1962 mons
499 1935 556 1961 ET
579 1934 739 1961 TERRA
758 1933 1000 1962 Po'r1rAs'r
1019 1954 1028 1963 .
1050 1921 1149 1964 Itali
1171 1925 1214 1963 et
1229 1920 1436 1962 Marullus
1458 1936 1550 1962 eum
1571 1933 1703 1965 QUEM
1721 1952 1730 1960 .

242 1988 375 2032 iidem
404 1988 518 2031 male
547 1989 656 2030 vitai
679 2020 688 2029 .
719 1987 1065 2044 Havercampum
1096 1994 1139 2032 et
1167 1987 1484 2032 Wakefieldum
1514 2000 1610 2029 cum
1642 1987 1732 2029 suis

242 2069 329 2099 non
358 2056 514 2112 puduit
539 2069 593 2099 ex
623 2054 797 2097 reddibo
819 2055 1019 2099 Plautino
1041 2090 1051 2113 ,
1074 2058 1189 2113 quod
1210 2057 1355 2100 media
1375 2055 1496 2099 brevi
1518 2060 1582 2098 est
1603 2089 1613 2111 ,
1635 2069 1731 2111 por-

242 2127 402 2167 tentum
434 2123 555 2167 verbi
586 2123 779 2177 fingere,
811 2123 925 2166 unde
956 2124 1076 2168 fieret
1110 2125 1279 2168 reddita
1314 2124 1459 2167 media
1494 2123 1731 2179 producta.

244 2192 488 2235 Gronovius
519 2190 576 2234 ad
607 2191 798 2234 Senecae
820 2190 1032 2248 Oedipum
1059 2194 1140 2236 271
1173 2193 1360 2236 Reddita
1388 2193 1499 2235 vitai
1523 2193 1610 2235 iam
1639 2209 1731 2235 sors

235 2261 374 2317 potita
410 2269 469 2303 est
495 2294 506 2315 ‚
538 2263 730 2302 contorte
770 2263 812 2302 et
849 2260 1068 2317 inproprie
1095 2296 1105 2305 .
1137 2261 1410 2305 scribendum
1447 2264 1511 2304 est
1546 2260 1732 2303 Reddita

241 2342 336 2370 PRO
366 2330 454 2372 vita
484 2329 571 2371 iam
600 2343 739 2370 mors.

357 2397 453 2440 765.
486 2396 793 2438 PRAETEREA
815 2427 825 2437 .
859 2396 1104 2448 Quadratus
1135 2398 1393 2455 Propterea.

357 2465 454 2508 766.
499 2479 679 2506 monus
724 2479 934 2511 L1'1'1QUE
979 2480 1201 2508 POTITUM
1230 2498 1238 2507 .
1275 2466 1502 2513 LETIQUE
1546 2466 1643 2508 Itali
1689 2469 1731 2508 et

242 2532 467 2588 impressi.
1410 2529 1412 2531 ’

358 2600 602 2643 777-817,
643 2600 926 2648 Mum-Aoum
964 2618 1012 2645 ΙΝ
1052 2618 1132 2646 ms
1171 2617 1328 2644 manus
1368 2616 1702 2649 QUAERUNTUR
1719 2634 1729 2644 .

243 2667 361 2711 Haec
390 2681 560 2723 quoque
590 2701 600 2719 ‚
631 2673 677 2711 ut
707 2683 758 2712 ea
788 2683 899 2724 quae
929 2672 1060 2727 paulo
1092 2675 1194 2714 ante
1223 2670 1589 2714 consideravimus
1618 2671 1728 2725 706,

242 2736 440 2778 Lucretio
487 2735 740 2790 dignissima
783 2743 882 2780 sunt
909 2771 919 2793 ,
956 2753 1042 2781 non
1087 2739 1392 2795 interpolatore
1437 2751 1563 2792 quem
1607 2737 1731 2792 fingit

244 2804 479 2858 Forbiger:
501 2803 578 2846 sed
609 2803 761 2847 eadem
791 2819 932 2860 neque
962 2820 1013 2849 eo
1039 2807 1218 2849 consilio
1250 2806 1411 2862 scripta
1440 2810 1565 2861 sunt,
1586 2811 1635 2848 ut
1665 2819 1729 2848 ce-

242 2873 346 2915 teris
383 2872 444 2914 ita
478 2875 525 2913 ut
563 2870 721 2914 factum
753 2877 816 2915 est
846 2874 1165 2929 insererentur,
1198 2887 1337 2928 neque
1367 2874 1455 2916 ullo
1487 2874 1571 2916 alio
1602 2874 1727 2917 huius

240 2940 455 2996 poematis
485 2940 580 2982 loco
611 2940 762 2995 reponi
798 2945 1009 2997 possunt.
1041 2955 1139 2985 nam
1177 2942 1358 2998 primum
1397 2941 1503 2984 haec
1534 2946 1729 2998 coeptam

242 3007 575 3064 disputationem
612 3008 952 3065 interrumpunt,
982 3014 1027 3052 ut
1061 3011 1194 3054 lector
1230 3024 1257 3053 a
1287 3023 1414 3066 versu
1446 3011 1527 3055 776
1559 3010 1615 3054 ad
1646 3011 1728 3053 818
