2040 3328
467 291 518 332 14
1063 309 1299 336 EMENDATm

463 405 613 458 sophia
651 403 904 458 explicanda
940 419 1042 448 sane
1080 406 1288 461 diligens,
1327 408 1402 449 sed
1431 409 1598 462 linguae
1629 410 1804 454 Latinae
1834 412 1907 454 im-

461 466 772 526 peritissimus.
795 473 918 514 editio
941 473 1218 514 Londz'nensz's
1235 487 1346 515 anno
1372 475 1478 516 1712
1499 476 1612 518 facta
1632 478 1731 519 mihi
1754 479 1809 520 ad
1830 479 1908 521 hoc

462 553 587 580 unum
618 539 731 580 utilis
763 539 865 592 fuit,
901 543 945 579 ut
975 539 1133 592 aliquot
1162 540 1499 583 emendationum
1530 539 1718 586 auctores
1749 546 1905 599 primos

462 618 758 659 cognoscerem
792 638 799 646 .
827 619 964 658 neque
1007 607 1214 658 Sigeberti
1254 609 1539 663 Havercampz'
1576 610 1658 652 duo
1695 612 1908 653 volumina

462 673 658 726 Lugduni
681 673 936 714 Batavorum
956 686 1065 714 anno
1091 674 1195 715 1725
1217 674 1332 716 edita
1352 675 1438 716 ulla
1468 676 1593 718 laude
1623 678 1753 730 digna
1781 682 1906 720 sunt:

462 753 561 781 nam
591 753 726 793 neque
756 740 848 794 ipse
878 743 950 781 aut
980 739 1242 782 emendando
1265 746 1337 783 aut
1366 743 1676 797 interpretando
1706 757 1907 786 memora-

462 808 547 848 bile
577 807 798 860 quicquam
831 806 995 859 effecit,
1027 819 1163 859 neque
1194 822 1245 849 ea
1275 822 1384 863 quae
1414 811 1575 863 priores
1603 815 1777 863 egerant
1796 816 1907 853 recte

463 880 503 915 et
532 887 623 915 cum
654 887 754 915 cura
784 873 990 927 disposita
1022 874 1234 928 exhibuit,
1267 889 1402 929 neque
1432 877 1474 917 in
1496 876 1764 918 Leidensium
1795 877 1906 919 codi-

462 955 552 983 cum
579 941 825 983 auctoritate
851 939 1114 982 testificanda
1140 942 1226 982 ulla
1258 941 1339 983 fide
1368 947 1439 984 aut
1469 944 1656 985 sollertia
1685 957 1785 986 usus
1815 949 1906 987 est.

461 1009 536 1050 sed
570 1009 902 1061 Havercampum
942 1007 1110 1060 quidem
1145 1008 1257 1048 omni
1295 1013 1482 1063 tempore
1519 1023 1662 1052 omnes
1699 1015 1906 1065 contemp-

461 1079 602 1116 serunt
623 1090 631 1115 ε
657 1075 844 1116 Gilberto
872 1074 1120 1128 Wakefieldo
1143 1074 1252 1115 unde
1275 1076 1537 1128 praeclaram
1562 1077 1774 1129 quandam
1791 1077 1904 1131 apud

461 1142 695 1183 Germanos
717 1140 1067 1182 existimationem
1088 1141 1317 1183 accessisse
1338 1141 1474 1183 dicam
1496 1142 1639 1184 dubito
1658 1176 1667 1196 ,
1696 1143 1778 1184 nisi
1799 1143 1907 1184 forte

459 1208 690 1249 modestiae
711 1207 851 1261 specie
871 1206 1107 1247 hominibus
1128 1207 1328 1250 modestis
1350 1213 1390 1249 et
1410 1209 1463 1250 ab
1495 1210 1606 1250 omni
1638 1209 1778 1251 iudicii
1808 1209 1902 1251 sub-

458 1275 610 1316 tilitate
641 1274 960 1315 abhorrentibus
994 1274 1238 1316 mirabiliter
1273 1276 1521 1329 imposuisse
1553 1275 1786 1319 censendus
1817 1280 1904 1319 est.

460 1343 569 1382 enim
601 1354 700 1383 vero
737 1341 818 1382 ista
848 1341 1054 1383 modestia
1092 1354 1176 1382 non
1211 1341 1288 1383 fuit
1324 1342 1503 1384 hominis
1542 1343 1770 1398 sapientiS,
1802 1342 1904 1396 sed,

461 1408 574 1461 quod
597 1407 843 1449 incredibile
864 1408 1084 1461 videatur,
1116 1421 1250 1462 prope
1272 1408 1416 1450 furiosi
1435 1442 1444 1462 ,
1476 1411 1546 1463 qui
1569 1423 1658 1451 cum
1682 1422 1708 1450 a
1727 1409 1906 1450 Marullo

460 1480 500 1517 et
530 1475 733 1516 Lambino
771 1475 902 1515 multa
939 1475 1028 1517 sine
1060 1488 1187 1516 causa
1218 1479 1362 1517 contra
1390 1480 1575 1518 veterum
1606 1475 1906 1530 exemplarium

459 1542 583 1584 fidem
613 1543 779 1583 invecta
808 1545 919 1583 recte
950 1542 1252 1595 intellexisset,
1290 1542 1394 1584 haec
1424 1543 1598 1584 eiecisse
1627 1556 1711 1584 non
1742 1546 1906 1584 conten-

458 1676 679 1718 ciscendae
709 1675 882 1717 consilio
914 1688 1006 1717 cum
1041 1675 1103 1716 ira
1134 1681 1174 1716 et
1204 1677 1402 1718 conviciis
1434 1676 1689 1718 foedissimis
1719 1676 1905 1729 exagita-

458 1745 592 1797 verit;
624 1756 706 1796 quo
738 1742 782 1783 fit
811 1747 856 1784 ut
877 1742 995 1783 Aiaci
1019 1742 1281 1787 Varroniano
1303 1743 1539 1785 simillimus
1570 1745 1643 1785 sit:
1674 1744 1792 1786 Az'am
1823 1751 1906 1784 tum

457 1811 586 1852 eredit
600 1811 725 1866 ferro
746 1826 788 1851 se
808 1809 976 1851 caedere
1006 1810 1047 1850 U
1045 1810 1157 1851 limen
1172 1843 1182 1863 ,
1213 1811 1313 1852 Cum
1335 1810 1477 1851 baculo
1498 1810 1644 1851 silvam
1665 1810 1798 1852 caedit
1812 1826 1907 1865 por—

457 1894 602 1933 cosque
632 1876 812 1918 trucz‘dat
842 1909 849 1916 .
878 1877 1017 1929 itaque
1054 1876 1096 1917 in
1126 1877 1257 1918 vastis
1288 1875 1539 1918 Wakefieldi
1570 1877 1904 1931 commentariis,

457 1957 561 1998 quos
592 1945 682 1998 ipse
712 1942 1053 1998 splendidissime
1081 1943 1214 1985 edidit
1242 1943 1424 1985 Londini
1457 1945 1578 1985 annis
1611 1943 1717 1986 1796
1750 1948 1790 1984 et
1821 1945 1904 1997 97,

458 2013 745 2065 Glasguenses
767 2010 892 2064 paulo
915 2009 1197 2051 commodiore
1218 2010 1355 2052 forma
1370 2011 1624 2064 repetierunt
1639 2023 1749 2051 anno
1771 2010 1877 2052 1813
1895 2043 1904 2063 ,

457 2079 615 2120 nullum
645 2090 775 2132 prope
806 2076 988 2119 studium
1010 2077 1323 2119 animadvertas
1344 2077 1524 2119 Lucretii
1557 2077 1766 2118 rationum
1795 2081 1907 2119 recte

455 2145 834 2198 intellegendarum
850 2176 859 2198 ,
877 2143 1034 2184 nullam
1051 2144 1222 2196 linguae
1239 2143 1419 2186 Latinae
1434 2143 1650 2186 scientiam
1667 2176 1676 2197 ‚
1694 2143 1769 2185 sed
1785 2156 1905 2198 prae-

456 2218 518 2255 ter
555 2212 744 2254 convicia
781 2211 968 2263 aliquam
1003 2224 1104 2252 sane
1143 2211 1448 2264 elegantiarum
1488 2211 1743 2265 poeticarum
1774 2223 1797 2252 e
1826 2211 1905 2252 lec-

455 2281 568 2321 tione
598 2280 730 2320 multa
759 2277 834 2319 sed
864 2290 1013 2331 parum
1045 2277 1219 2319 subacta
1250 2278 1626 2331 consectationem,
1651 2281 1691 2318 et
1721 2277 1906 2330 insignia

455 2360 590 2401 neque
626 2348 687 2388 vea
731 2345 855 2386 nimis
890 2357 988 2385 rara
1027 2345 1175 2385 summi
1217 2344 1375 2397 ingenii
1415 2344 1660 2398 egregiique
1701 2343 1904 2385 acuminis

453 2414 661 2468 vestigia,
685 2427 707 2454 e
738 2411 888 2465 quibus
919 2415 1123 2465 appareat
1144 2425 1263 2464 eum,
1287 2411 1367 2452 nisi
1397 2411 1548 2454 mentis
1579 2423 1693 2452 error
1726 2410 1904 2452 obstitis-

454 2485 541 2533 set,
578 2480 765 2534 potuisse
801 2491 845 2520 re
882 2490 985 2519 vera
1019 2481 1180 2519 tantum
1217 2478 1260 2519 in
1297 2478 1373 2520 hoc
1410 2482 1602 2532 poemate
1640 2476 1904 2519 emendando

455 2547 621 2589 efficere
651 2550 853 2599 quantum
882 2545 1022 2586 multis
1045 2545 1159 2586 visus
1187 2546 1239 2586 sit
1265 2545 1482 2587 effecisse.
1505 2545 1627 2586 huius
1658 2547 1699 2585 et
1726 2543 1903 2585 imitato-

454 2627 521 2655 res
552 2617 592 2655 et
622 2613 666 2654 in
697 2613 799 2654 artis
830 2611 1042 2664 studiique
1072 2616 1308 2666 contemptu
1339 2612 1553 2665 aemulos,
1584 2610 1808 2652 Henricum
1829 2610 1904 2652 Ga-

453 2682 588 2722 rolum
627 2679 913 2722 Abrahamum
954 2679 1241 2720 Eichstadz‘um
1279 2683 1319 2719 et
1356 2678 1569 2720 Albertum
1610 2678 1904 2733 Forbiqerum,

455 2761 526 2789 cur
556 2745 943 2789 commemorandos
976 2744 1126 2786 ducam
1146 2745 1265 2786 multi
1288 2749 1397 2787 recte
1428 2757 1530 2786 sane
1560 2744 1848 2798 mirabuntur,
1879 2757 1906 2785 a

454 2815 606 2868 quibus
638 2827 691 2855 ne
722 2818 880 2855 tantum
911 2811 1082 2865 quidem
1118 2815 1316 2863 quantum
1347 2811 1400 2853 ab
1432 2811 1723 2865 Havercampo
1755 2823 1904 2865 capere

454 2882 660 2936 potuerim
678 2896 686 2921 ε
708 2893 808 2922 nam
825 2878 1090 2921 Eichstadius
1107 2891 1233 2918 unum
1253 2878 1347 2919 libri
1370 2879 1500 2932 quinti
1523 2891 1688 2920 versum
1709 2877 1903 2920 emenda-

453 2949 513 2990 vit
530 2948 670 3002 (584),
689 2948 893 3000 Forbiger
909 2946 1014 2988 nihil
1030 2935 1207 2998 usquam
1223 2945 1493 2987 laudabiliter
1509 2945 1640 2998 gessit
1658 2977 1666 2986 .
1684 2944 1759 2987 sed
1773 2944 1874 2996 mihi
1893 2977 1901 2997 ‚

454 3028 546 3056 cum
567 3015 822 3068 antiquiores
840 3027 983 3055 eorum
1000 3012 1158 3054 similes
1176 3045 1184 3065 ,
1209 3013 1430 3054 Danielem
1447 3012 1623 3054 Pareum
1642 3043 1651 3064 ,
1673 3009 1903 3052 Iohannem
