2040 3328
894 251 954 293 VI
1579 252 1663 295 379

183 367 370 410 calidum
386 366 565 423 faciunt
595 382 732 422 aquae
770 374 924 408 tactum
953 374 1078 421 atque
1113 381 1309 422 vaporem
1324 399 1335 420 ‚
1356 366 1430 408 ubi
1465 366 1512 408 in
1540 365 1662 408 libris

183 434 340 479 nostris
371 437 436 477 est
456 433 596 476 laticis
626 442 779 476 tactum
796 465 806 477 .
827 433 934 476 illud
955 437 1096 476 autem
1118 432 1266 476 Bedae
1294 433 1554 477 credendum
1574 446 1661 477 non

182 508 274 559 est,
296 502 411 560 quod
432 502 626 545 vocalem
647 501 848 558 brevem,
871 514 984 557 quae
1004 519 1030 558 q
1052 505 1094 544 et
1108 519 1138 545 u
1158 506 1200 544 et
1219 502 1357 545 vocali
1382 502 1572 558 qualibet
1592 515 1662 545 ex-

182 572 416 627 ciperetur,
438 573 606 614 veteres
623 582 889 613 communem
906 582 1002 612 esse
1018 569 1208 612 voluisse
1224 571 1371 613 scribit
1388 585 1397 613 :
1419 583 1560 625 neque
1575 583 1662 613 cre-

181 639 316 684 dibile
346 643 412 683 est
440 642 528 681 tam
549 638 736 680 anticum
756 640 927 693 poctam
949 650 1000 680 eo
1022 650 1145 680 usum
1166 651 1262 681 esse
1283 638 1398 694 quod
1418 639 1662 693 grammati-

181 721 257 753 cus
278 705 567 751 Eichenfeldii
596 719 638 761 p.
654 704 741 747 444
769 709 987 760 tamquam
1012 705 1241 749 barbarum
1272 706 1418 761 reicit,
1442 719 1536 749 eum
1557 706 1664 750 dicit

181 793 323 834 aqua,
345 792 428 820 non
448 790 586 832 acqua
603 806 613 817 .
642 777 707 816 est
726 772 856 828 igitur
886 773 1159 817 scribendum
1190 782 1327 831 aquae
1356 778 1399 817 et
1428 776 1566 831 aquai
1578 808 1587 817 .
1608 775 1662 817 si-

181 845 337 888 militer
357 843 588 897 Horatius,
610 841 863 896 isqueunus
889 842 999 885 inter
1019 854 1168 885 omnes
1186 874 1196 897 ,
1218 843 1356 886 siluae
1375 843 1511 886 tribus
1532 843 1661 899 sylla-

181 913 248 956 bis
275 912 414 968 dixit,
436 910 637 967 idemque
667 923 692 953 e
722 909 936 952 contrario
967 909 1133 953 larvam
1163 923 1276 965 quae
1298 911 1449 954 Plauto
1481 915 1523 955 et
1543 912 1662 954 Pria-

179 980 252 1036 pei
273 980 329 1023 33
358 983 513 1036 poetae
540 979 666 1021 larua
697 981 787 1033 est,
810 977 1069 1021 Adamantio
1090 978 1279 1021 Putschii
1309 992 1350 1034 p.
1368 980 1482 1024 2304
1512 981 1660 1034 larba,

179 1050 283 1092 item
312 1048 489 1091 miluum
509 1047 800 1101 antiquioreS‚
821 1046 996 1089 milvum
1017 1047 1189 1106 Persius
1210 1047 1421 1103 Martialis
1445 1047 1662 1091 Iuvenalis

181 1118 245 1173 (in
270 1115 513 1160 halieuticis
534 1115 589 1159 95
619 1115 893 1158 scribendum
923 1115 1010 1158 iuli
1035 1129 1058 1158 θ
1079 1116 1266 1171 Plinio),
1290 1120 1332 1159 et
1352 1116 1556 1171 Plautus,
1578 1116 1660 1159 nisi

180 1185 310 1229 fallor
325 1217 337 1241 ,
359 1200 509 1227 acuam
526 1183 783 1238 aliquotiens
801 1216 810 1239 ,
834 1187 880 1227 ut
896 1183 940 1226 in
954 1185 1216 1227 Truculento
1237 1199 1281 1240 11,
1299 1185 1338 1239 7,
1360 1185 1411 1227 13
1430 1185 1538 1228 Nisi
1550 1184 1660 1228 deri-

179 1257 299 1297 vetur
327 1261 464 1295 tamen
478 1284 490 1307 ,
513 1252 647 1294 omnis
677 1253 727 1293 έα
746 1259 862 1308 aqua
888 1252 1010 1296 abeat
1029 1257 1076 1296 in
1105 1270 1223 1296 mare
1237 1286 1248 1308 ,
1271 1253 1313 1295 in
1336 1253 1472 1296 Milite
1492 1267 1537 1308 11,
1548 1253 1587 1308 6,
1607 1252 1658 1295 71

179 1322 293 1365 Nam
309 1337 362 1364 ex
376 1335 459 1363 uno
473 1328 600 1376 puteo
620 1320 802 1363 similior
821 1337 1050 1377 numquam
1070 1322 1185 1378 potis
1200 1321 1332 1378 Aqua
1360 1326 1497 1377 dquae
1525 1321 1640 1363 sumi
1650 1353 1661 1374 ,

179 1406 308 1447 quam
337 1390 438 1432 haec
468 1397 527 1431 est
547 1396 671 1445 atque
691 1389 775 1431 ista
794 1389 961 1446 hospita
979 1421 987 1430 .
1010 1388 1199 1444 denique
1227 1389 1299 1445 qui
1322 1394 1387 1432 est
1407 1402 1435 1432 a
1455 1388 1662 1432 Cicerone

178 1458 223 1500 in
252 1457 592 1500 Tusculanarum
629 1457 732 1512 1,1o
761 1457 925 1513 positus
970 1457 1024 1501 de
1054 1459 1239 1501 Tantalo
1279 1458 1542 1511 versiculus,
1565 1470 1661 1499 eum

179 1539 329 1570 omnes
359 1528 555 1569 auctores
575 1525 637 1568 ita
666 1525 870 1581 scriptum
901 1526 1033 1570 fuisse
1064 1527 1359 1582 consentiunt,
1383 1528 1523 1569 Mento
1552 1543 1661 1568 sum-

178 1610 290 1637 mam
310 1601 467 1651 aquam
486 1593 696 1650 attinqens
711 1627 723 1649 ,
745 1604 909 1638 enectus
924 1596 1002 1638 siti
1015 1627 1024 1637 .
1046 1608 1186 1650 neque
1203 1596 1328 1638 aliter
1343 1595 1527 1638 Titinius
1544 1594 1662 1650 apud

178 1662 366 1706 Nonium
381 1661 596 1718 p.245,31
623 1663 758 1705 Te'rra
784 1663 885 1706 haec
906 1671 966 1706 est
980 1696 992 1718 ,
1013 1680 1098 1707 non
1129 1671 1243 1720 aqu'a
1258 1697 1269 1718 ,
1292 1664 1368 1706 ubi
1393 1679 1435 1706 es
1464 1662 1566 1718 (boc
1587 1662 1661 1705 ad-

178 1730 290 1786 didi)
306 1740 351 1774 tu
365 1731 514 1774 solitus
529 1731 772 1788 aryutarier
787 1731 975 1774 Pedibus
985 1765 996 1786 ,
1014 1740 1168 1775 cretam
1185 1731 1284 1775 dum
1301 1733 1528 1788 compercis
1544 1731 1661 1786 (libri

177 1800 448 1857 compescis),
470 1800 714 1843 vestimenta
744 1800 824 1856 qui
850 1800 963 1843 laves
991 1799 1109 1856 (libri
1141 1817 1220 1857 que
1250 1800 1410 1854 levas).

268 1867 388 1911 554.
420 1867 492 1911 Ur
536 1881 787 1910 xacrnrun
831 1881 963 1914 Aous
1012 1883 1204 1910 rnucru
1250 1881 1455 1914 Quocum:
1502 1882 1660 1910 rmum

175 1950 418 1978 vncnmus
437 1967 446 1977 .
478 1936 661 1979 Vacillat
691 1939 904 1979 corrector
934 1936 1112 1992 oblongi
1143 1942 1185 1980 et
1211 1937 1312 1980 olim
1343 1936 1568 1992 impressi,
1590 1953 1659 1979 va-

176 2005 290 2048 cillet
309 2003 550 2047 Antonius:
572 2018 852 2046 wlcanus
883 2009 1096 2048 corrector
1127 2004 1327 2060 quadrati
1358 2009 1400 2048 et
1419 2005 1659 2048 Avantius.

289 2072 388 2116 555.
421 2073 493 2116 Ur
530 2085 620 2113 vAs
657 2086 805 2114 mrim
841 2087 936 2115 uon
981 2087 1099 2120 Qun*
1136 2087 1389 2115 CONSTARE
1411 2106 1420 2115 .
1452 2074 1506 2115 In
1546 2082 1661 2116 terra

176 2141 416 2196 Marullus,
437 2140 533 2184 sine
562 2154 719 2184 sensu.
742 2141 1038 2185 Wakefieldus
1069 2142 1215 2198 inepte
1244 2143 1353 2185 inter
1382 2157 1457 2185 nos
1475 2174 1485 2183 .
1513 2155 1659 2185 verum

176 2213 241 2253 est
270 2223 421 2251 INTER
449 2223 578 2252 num.
600 2209 729 2252 nimis
749 2209 936 2254 breviter
957 2210 1132 2254 Servius
1163 2209 1219 2253 ad
1250 2209 1484 2265 georgicon
1514 2225 1558 2263 11,
1575 2209 1659 2254 479

177 2277 278 2321 Alii
302 2294 461 2334 aquam
489 2277 635 2321 dicunt
661 2279 890 2335 yeni'talem
919 2280 995 2322 sub
1023 2279 1148 2322 terris
1177 2279 1341 2321 moveri·
1365 2286 1402 2322 et
1430 2279 1560 2321 simul
1588 2295 1660 2322 eas

175 2354 389 2389 concutere
403 2378 414 2400 ,
435 2347 544 2389 sicut
563 2362 640 2389 vas
670 2362 832 2403 aquae,
854 2356 900 2390 ut
927 2347 1031 2390 dicit
1050 2348 1276 2390 Lucretius
1293 2378 1302 2389 .
1325 2360 1438 2402 quae
1459 2347 1661 2391 exscribit

175 2413 367 2458 Isidorus
398 2414 614 2469 originum
644 2415 802 2470 X1v,1.

287 2482 387 2526 558.
420 2496 478 2524 ΕΤ
508 2497 665 2524 nuens
683 2515 693 2525 .
717 2483 990 2527 Correctores
1021 2484 1188 2539 antiqui
1222 2498 1412 2528 unum.

287 2551 386 2594 563.
418 2552 694 2594 INcmNA'rA
738 2566 922 2594 musm-
971 2567 1020 2594 m
1065 2566 1232 2594 EADEM
1278 2566 1496 2594 PaomrA
1544 2566 1658 2594 PAR-

175 2631 270 2659 τευ
287 2650 298 2661 .
318 2632 367 2662 A.
384 2633 412 2661 A
423 2651 433 2662 .
449 2633 494 2666 Q.
513 2633 540 2666 Q
552 2651 562 2662 .
581 2619 828 2672 Quadratus
845 2620 991 2678 prodit
997 2630 1170 2678 partem
1186 2638 1335 2678 aqueq.
1354 2656 1364 2678 ,
1386 2625 1433 2664 ut
1449 2624 1660 2677 appareat

173 2684 399 2728 librarium
428 2687 507 2731 illa
537 2704 707 2745 a.a.q.q.
738 2703 826 2732 non
857 2689 1150 2745 intellexisse,
1180 2702 1293 2744 quae
1326 2690 1586 2733 Veronensis
1617 2693 1659 2732 et

174 2753 363 2796 Venetus
391 2755 455 2797 ita
489 2756 649 2810 scripta
677 2756 905 2812 exhibent,
935 2774 961 2799 α
982 2773 1008 2799 α
1029 2758 1069 2800 ii
1085 2775 1151 2814 q.,
1181 2758 1417 2800 omiserunt
1443 2757 1658 2799 Antonius

175 2825 217 2864 et
247 2821 513 2866 Brixiensis:
535 2836 674 2878 neque
705 2837 787 2878 ego
823 2825 927 2879 quid
957 2837 1033 2880 per
1070 2838 1124 2867 ea
1153 2825 1420 2879 significetur
1450 2830 1658 2880 exputare

173 2902 377 2946 possum.
399 2890 480 2933 hoc
509 2891 624 2945 scio,
646 2890 773 2934 finem
810 2893 1000 2947 paginae
1036 2892 1159 2935 huius
1190 2893 1286 2935 libri
1325 2893 1563 2948 vigesimae
1593 2907 1657 2937 se-

174 2957 342 3001 cundae
372 2958 417 3000 in
449 2958 598 3002 codice
618 2960 795 3014 antiquo
818 2974 904 3003 non
931 2960 1001 3003 hic
1021 2960 1179 3015 fuisse,
1202 2961 1278 3004 sed
1310 2962 1440 3017 paulo
1464 2965 1563 3004 ante
1584 2961 1656 3004 ubi

174 3029 238 3068 est
258 3026 480 3085 speluncas
510 3028 671 3070 viribus
693 3028 803 3070 altas
821 3060 830 3071 .
854 3041 993 3087 neque
1014 3041 1116 3071 vero
1133 3062 1143 3080 ‚
1165 3029 1300 3088 siquis
1333 3029 1400 3073 hic
1431 3033 1559 3072 notae
1580 3030 1655 3076 ali-
