2040 3328
428 245 507 287 194
803 254 805 256 ’
1120 248 1181 288 III

422 356 622 398 Marullus
665 357 861 412 addiqz't:
888 357 1120 410 Antonius,
1148 358 1379 411 Avantius,
1410 359 1673 412 Naugerius,
1702 361 1862 415 αιιεζᾳὶι,

422 422 534 475 quod
564 422 791 464 Lambinus
827 423 1039 476 praesenti
1077 427 1264 477 tempore
1294 425 1470 478 accipit.
1492 425 1627 467 eidem
1658 426 1861 467 Lambino

423 489 615 530 Gifanius
647 488 847 530 adscribit
877 502 1101 544 ADFICIT,
1124 489 1236 543 quod
1267 494 1306 531 et
1335 491 1401 532 hic
1426 492 1546 533 unice
1575 505 1718 534 verum
1741 495 1865 534 estet

420 555 462 595 in
483 568 609 596 versu
631 554 712 596 853
730 586 739 596 .
760 556 950 609 proxime
967 561 1065 598 ante
1082 556 1186 598 haec
1206 556 1414 609 oblongus
1432 573 1515 599 esse
1530 573 1712 612 soporem
1727 591 1738 611 ‚
1763 571 1863 612 qua-

422 621 564 662 dratus
587 637 671 663 esse
684 637 856 676 praemo
872 637 885 663 .-
905 635 1002 664 111οΧ
1032 622 1143 664 idem
1171 622 1400 675 quadratus
1431 632 1524 664 tunc
1544 624 1620 666 illa
1644 635 1836 680 per-artu
1850 657 1863 675 ‚

419 691 505 727 tum
535 689 707 729 motibus
736 697 923 741 serrant,
946 688 1099 731 deinde
1130 689 1271 730 curbae
1300 688 1493 743 dislectus
1523 694 1562 731 et
1593 691 1862 747 Consequitur

421 754 518 795 lecto
536 770 550 807 ,-
570 754 711 795 omnia
741 754 915 810 vitiose,
940 759 981 796 et
1011 755 1177 797 omnino
1215 754 1437 810 librarius,
1461 756 1552 798 sive
1587 757 1677 811 ipse
1708 759 1798 800 sive
1826 758 1862 799 is

420 833 543 872 quem
578 821 762 873 sequitur
783 853 792 874 ,
821 822 1213 874 neglegentissimus
1251 821 1329 862 fuit
1351 854 1360 876 ,
1388 826 1433 863 ut
1470 835 1555 863 non
1593 822 1744 866 debeat
1786 837 1863 866 nos

419 887 572 928 morari
600 887 850 940 ubicumque
881 888 1089 941 oblongus
1120 892 1235 929 recta
1266 891 1306 929 et
1336 892 1483 942 aperta
1512 889 1711 943 praebet.

532 953 625 995 935.
658 954 768 994 ΝΛΜ
787 967 963 994 GRAr1s
993 967 1107 994 ntur
1128 968 1225 993 TIBI
1255 967 1368 994 VITA
1389 968 1511 995 ANTE
1542 969 1665 996 ACTA
1694 969 1862 997 Pmon-
1919 1006 1924 1010 ⁸

420 1034 540 1065 Qun.
573 1021 622 1061 In
651 1019 717 1060 his
748 1020 851 1060 nihil
881 1020 1131 1075 reprehendi
1163 1020 1287 1062 debet
1315 1020 1395 1061 nisi
1427 1021 1613 1063 defectus
1644 1022 1862 1077 syllabae,

420 1099 545 1139 quam
576 1085 774 1127 facillime
804 1086 863 1128 ita
883 1087 1200 1141 supplebimus,
1223 1087 1333 1128 Nam
1360 1089 1495 1142 yratzs
1511 1089 1606 1143 fuit
1633 1102 1760 1129 HAEC
1791 1090 1869 1131 tibi

418 1154 529 1194 vita.
553 1152 652 1193 olim
680 1153 871 1206 impressi
903 1154 1013 1194 Nam
1039 1162 1204 1209 yratum
1221 1154 1317 1207 fuit
1333 1170 1347 1206 ,-
1366 1153 1478 1195 unde
1508 1155 1646 1196 exorsi
1675 1156 1863 1209 plerique

419 1219 651 1261 vanissima
680 1219 967 1273 protulerunt.
991 1219 1065 1261 sed
1085 1219 1288 1261 Marullus
1319 1220 1431 1262 idem
1462 1221 1573 1274 quod
1604 1235 1681 1263 nos
1712 1222 1755 1262 in
1785 1235 1862 1264 suo

420 1286 562 1327 codice
593 1285 793 1340 scriptum
824 1286 984 1328 invenit
1020 1288 1133 1337 (nam
1164 1299 1216 1327 ne
1246 1286 1298 1327 ab
1330 1287 1512 1328 Antonio
1544 1287 1711 1340 quidem
1740 1288 1863 1330 Marii
1903 1320 1906 1322 .

418 1352 503 1394 filio
534 1352 651 1394 aliud
682 1352 909 1394 exhibitum
946 1355 1051 1406 est),
1075 1366 1127 1394 ex
1164 1365 1246 1405 quo
1277 1352 1375 1394 fecit
1403 1354 1515 1394 Num
1549 1355 1685 1408 gyratis
1701 1354 1833 1409 flua-it
1847 1370 1862 1407 ,-

418 1419 568 1460 melius
604 1423 715 1461 certe
752 1432 876 1472 quam
913 1415 1200 1462 Wakefieldus
1232 1419 1342 1459 Nam
1374 1428 1540 1474 qratum
1563 1419 1704 1474 fuerit
1718 1452 1729 1473 7
1751 1419 1863 1472 quod

419 1485 686 1527 Eichstadius
717 1490 758 1527 et
786 1485 990 1538 Forbiger
1026 1490 1166 1527 ament
1194 1485 1317 1526 licet.
1341 1485 1578 1537 Naugerius
1608 1498 1692 1526 non
1722 1485 1864 1540 inepte

418 1552 529 1593 Nam
560 1554 602 1594 si
623 1553 861 1607 ‚orata-fuit
877 1583 886 1593 .

530 1617 623 1659 941.
656 1618 880 1663 VrrAQUE
910 1632 958 1658 IN
984 1631 1273 1672 OFFENSOST,
1306 1633 1397 1659 cun
1427 1631 1638 1659 AMPLIUS
1668 1631 1862 1658 ADDERE

418 1697 634 1728 QUAERIS
656 1685 861 1725 RURSUM
892 1698 1023 1730 QUOD
1054 1698 1240 1724 PEREAT
1269 1698 1395 1725 MALE
1425 1698 1481 1724 ET
1502 1698 1754 1725 INGRATUM
1784 1698 1864 1725 OC-

419 1765 563 1790 cmm*
594 1765 748 1792 oMNn.
770 1751 823 1792 In
853 1752 1042 1806 offensos&
1070 1751 1301 1804 quadratus
1331 1755 1372 1792 et
1401 1752 1444 1792 in
1474 1752 1600 1793 litura
1630 1751 1862 1804 oblongus,

419 1819 462 1858 in
484 1830 565 1870 quo
596 1818 761 1859 videtur
780 1818 916 1871 prima
945 1831 1070 1859 manu
1097 1817 1224 1858 fuisse
1253 1818 1299 1858 in
1320 1818 1472 1872 offense.
1505 1820 1616 1858 recte
1637 1817 1863 1858 Lambinus

418 1885 463 1925 in
484 1897 758 1924 OFFENSUST
775 1917 784 1926 .
807 1889 893 1926 tum
915 1886 1121 1939 oblongus
1143 1890 1183 1927 et
1213 1885 1313 1926 olim
1333 1884 1527 1938 impressi
1549 1883 1700 1924 addere
1720 1899 1864 1938 queres

420 1955 460 1991 et
495 1951 537 1991 in
576 1963 700 1992 versu
739 1952 871 1992 altero
908 1952 1014 1993 mali
1045 1961 1106 1993 et.
1130 1951 1208 1992 hoc
1244 1963 1344 1992 vero
1380 1951 1515 2004 ipsum
1550 1950 1656 1990 mali
1689 1958 1725 1991 et
1738 1982 1749 2003 ‚
1771 1962 1862 1990 cum

421 2016 684 2058 Wakefieldo
714 2018 949 2070 elegantius
970 2018 1105 2060 visum
1127 2022 1262 2072 esset,
1295 2017 1376 2058 arti
1396 2019 1548 2071 poetae
1569 2016 1786 2058 adversari
1808 2016 1862 2057 M.

420 2083 629 2137 Hauptius
650 2083 791 2125 docuit
820 2085 864 2126 in
886 2085 1249 2127 observationibus
1273 2083 1426 2125 criticis
1455 2097 1495 2137 p.
1517 2084 1564 2124 17
1585 2113 1593 2123 .
1616 2095 1784 2136 possum
1805 2083 1864 2123 in-

420 2155 532 2192 stare
562 2151 756 2192 vitiosum
777 2152 905 2205 plane
937 2164 1029 2193 esse
1051 2157 1091 2192 et
1120 2152 1210 2192 sine
1233 2150 1425 2204 exemplo
1443 2182 1452 2191 .
1476 2163 1572 2191 nam
1594 2162 1665 2190 cur
1695 2149 1864 2191 credam

419 2217 623 2258 Senecam
653 2218 695 2258 in
718 2207 961 2259 Phoenissis
991 2217 1072 2258 394
1103 2217 1270 2258 dedisse
1291 2217 1408 2258 *Vide
1437 2226 1480 2258 uc
1501 2216 1619 2257 atra?
1648 2228 1740 2256 cum
1769 2228 1863 2269 pos-

420 2288 483 2325 set
518 2284 700 2325 scribere
748 2284 910 2326 Viden?
930 2292 1024 2324 atra
1057 2284 1182 2324 nubes
1213 2283 1382 2337 pulvere
1416 2282 1627 2323 abscondit
1665 2282 1772 2324 diem
1789 2313 1799 2323 .
1821 2282 1863 2322 in

420 2350 571 2391 Lucilii
603 2353 741 2392 autem
771 2350 960 2392 versibus
977 2350 1052 2403 ,qui
1082 2352 1176 2390 sunt
1206 2349 1322 2402 apud
1343 2349 1525 2390 Nonium
1554 2362 1594 2402 p.
1612 2348 1720 2401 260,
1742 2347 1796 2388 28
1823 2351 1864 2388 et

419 2417 513 2471 308,
540 2417 588 2458 18
619 2417 666 2470 (ii
695 2429 841 2458 versus
872 2416 949 2458 hoc
969 2415 1092 2456 modo
1123 2414 1331 2457 scribendi
1353 2418 1474 2468 sunt,
1499 2415 1599 2456 Cum
1620 2415 1742 2470 poclo
1773 2415 1862 2455 bibo

420 2483 558 2525 eodem
572 2516 583 2536 ‚
605 2483 850 2538 amplector,
873 2483 992 2524 labra
1022 2483 1182 2523 labellis
1202 2481 1322 2523 Ficta
1352 2482 1438 2522 eius
1468 2496 1658 2536 compono
1673 2513 1684 2534 ,
1705 2481 1777 2522 hoc
1806 2489 1864 2521 est

420 2566 511 2591 oum
522 2550 834 2605 psolocopumae
844 2565 856 2590 .·
867 2549 994 2590 Nonii
1003 2548 1260 2603 exemplaria
1268 2548 1464 2588 Fiotrioes
1470 2580 1480 2600 ,
1495 2547 1656 2588 Nonius
1667 2546 1865 2601 ipseficta

420 2629 447 2656 a
453 2615 654 2671 fingyendo
685 2616 830 2670 duxit,
853 2628 946 2656 cum
976 2615 1029 2656 sit
1049 2628 1075 2656 a
1081 2614 1272 2670 fiqendo)
1290 2647 1298 2668 ,
1321 2614 1364 2655 in
1385 2613 1448 2654 his
1470 2615 1559 2655 bibo
1579 2611 1722 2655 littera
1748 2629 1770 2654 o
1792 2616 1864 2654 aut

421 2687 612 2736 correpta
632 2686 704 2723 aut
723 2683 860 2736 potius
882 2695 965 2723 non
987 2682 1094 2723 elisa
1120 2680 1341 2722 dicendum
1363 2684 1427 2721 est
1444 2680 1611 2721 ..nullus
1633 2680 1742 2722 enim
1764 2682 1860 2733 poe-

420 2754 555 2790 tarum
577 2752 744 2802 praeter
764 2753 928 2789 veteres
950 2747 1165 2789 scaenicos
1186 2747 1483 2788 vocabulorum
1499 2747 1772 2788 'iambicorum
1793 2757 1862 2787 vo-

421 2816 552 2856 calem
575 2820 801 2857 extremam
819 2828 910 2856 cum
931 2815 1047 2856 brevi
1064 2813 1230 2867 syllaba
1245 2813 1459 2866 copulavit
1478 2845 1486 2854 .
1509 2817 1754 2866 argumento
1770 2823 1862 2852 esse

420 2885 558 2934 potest
586 2882 724 2923 hiatus
755 2882 799 2922 in
820 2882 898 2922 hoc
928 2893 1081 2933 genere
1102 2893 1186 2921 non
1207 2880 1474 2934 infrequens,
1501 2883 1545 2920 ut
1574 2880 1689 2935 Hyla
1718 2878 1834 2932 Hyla
1849 2893 1863 2930 ,·

419 2949 626 3002 iustosque
637 2950 736 3003 pati
747 2949 987 3003 hymenaeos
1002 2963 1016 3000 ;
1032 2948 1226 2988 Maeonia
1237 2962 1430 3002 yerzerose
1446 2946 1561 2987 domo
1576 2977 1587 2997 ,
1604 2946 1677 2986 ubi
1684 2945 1863 2999 pinguia
