2040 3328
937 224 975 266 V
1230 217 1233 221 ’
1605 226 1689 269 293

322 339 420 382 447.
467 353 685 381 SECRETO
739 353 872 382 UMOR
921 352 1145 380 PATERET
1176 370 1186 380 .
1227 338 1452 382 Corrector
1495 339 1693 393 quadrati

208 422 402 463 numus,
426 411 469 451 et
504 408 565 450 ita
594 407 838 451 Macrobius
870 407 1037 451 Saturn.
1067 407 1194 463 vl,2.
1217 407 1334 463 apud
1365 406 1547 450 eundem
1577 424 1692 465 maq-

205 493 306 520 nwm
335 476 496 519 caelum
527 475 598 518 ubi
630 476 674 518 in
705 476 862 519 nostris
893 479 957 518 est
986 475 1118 518 altum
1136 509 1146 527 ‚
1169 479 1211 518 et
1240 476 1438 519 Seorsum
1466 477 1586 518 item.

319 545 415 588 449.
451 558 607 585 TERRE
640 558 866 587 CORPORA
883 576 892 586 .
917 542 1161 595 Quadratus
1188 552 1327 587 terrae
1343 560 1356 586 :
1376 543 1499 587 huius
1530 556 1692 587 correc—

204 619 272 658 tor
302 618 344 658 et
373 612 504 657 ceteri
535 627 743 657 TERRAI.

318 682 416 726 455.
447 696 472 722 E
502 696 714 724 LEvmth
732 715 741 724 .
770 680 897 737 Apud
918 680 1181 723 Macrobium
1202 679 1372 723 Saturn.
1404 695 1460 735 vr,
1478 681 1505 723 2
1536 697 1613 736 eae,
1636 681 1692 724 de

203 765 289 807 quo
321 750 413 794 dixi
443 749 500 793 ad
531 750 687 792 librum
717 764 761 804 11,
778 749 860 792 451
880 781 890 792 .

317 818 415 862 458.
447 832 627 861 anns
657 832 715 858 ET
746 811 985 859 susrmssrr
1015 830 1248 858 AETHER.
1282 817 1381 860 Itali
1409 832 1463 858 SE
1494 819 1690 861 sustulit.

314 888 413 931 460.
443 901 504 928 Ac
536 900 688 928 SAEPE
721 900 940 928 VIDEMUS
1106 885 1205 928 463.
1238 886 1579 933 EXALANTQUE
1610 900 1690 928 LA-

202 971 290 1000 cus
325 969 581 998 usnemu.
610 954 731 1007 Quae
769 955 835 997 his
870 955 1096 998 interiecta
1131 957 1255 1009 sunt,
1289 966 1342 996 ea
1378 967 1468 996 rem
1504 968 1591 998 non
1629 959 1689 998 at-

201 1027 396 1082 tingunt,
419 1023 496 1068 sed
534 1023 864 1079 descriptionem
901 1023 1105 1079 temporis
1142 1022 1386 1078 continent,
1414 1023 1561 1066 Aurea
1596 1040 1689 1067 eum

195 1096 383 1153 primum
410 1093 659 1151 yemmantzb
690 1107 784 1135 rore
816 1108 895 1149 per
924 1093 1073 1135 herbas
1104 1091 1322 1133 Matutine
1351 1092 1499 1135 rubent
1527 1091 1695 1136 radiati

201 1164 365 1207 lumina
400 1163 502 1205 solis
524 1193 533 1203 .
572 1173 678 1215 ergo
715 1173 771 1202 ne
813 1159 930 1203 labet
965 1160 1134 1214 oratio,
1171 1158 1447 1202 scribendum
1486 1164 1551 1203 est
1590 1161 1688 1204 Non

199 1233 291 1275 alia
321 1232 440 1287 Zonye
469 1230 631 1272 ratione
661 1245 711 1271 ae
746 1245 871 1285 saepe
906 1242 1164 1270 vaN'rUR
1195 1227 1433 1270 EXALARE
1472 1229 1590 1273 lacus
1618 1246 1687 1273 ne-

198 1299 341 1343 bulwm
356 1299 570 1356 fluviique
589 1313 800 1354 perennes
818 1329 827 1338 .

215 1414 219 1417 Δ
311 1367 409 1411 467.
441 1380 538 1408 'run
569 1380 622 1407 SE
652 1379 796 1407 LEvls
826 1379 886 1407 Ac
917 1379 1197 1407 DIFFUSILIS
1228 1379 1426 1407 AETHER
1448 1366 1687 1410 CORPORE

198 1449 457 1479 concREro
490 1449 675 1477 curcum
704 1448 865 1476 DATus
895 1448 1120 1480 UNDIQUE
1142 1448 1346 1476 SAEPsnr
1365 1468 1374 1478 .
1398 1434 1518 1487 Quae
1540 1448 1687 1478 secun-

196 1508 264 1548 tur
302 1503 532 1559 intellego,
555 1503 681 1547 avido
717 1503 936 1560 compleaeu
972 1511 1109 1546 cetera
1144 1505 1331 1560 saepsit:
1358 1503 1505 1546 aether
1542 1507 1686 1547 autem

196 1571 411 1629 quomodo
441 1588 485 1615 se
505 1572 712 1629 saepsisse
743 1570 910 1614 dicatur
930 1583 1018 1613 non
1050 1571 1201 1627 capio.
1224 1571 1479 1615 Plutarchus
1511 1572 1565 1616 de
1595 1573 1685 1629 pla-

195 1641 289 1684 citis
319 1639 676 1696 philosophorum
707 1639 780 1694 1‚4
809 1653 850 1695 p.
868 1639 950 1682 878
971 1654 999 1680 D
1036 1639 1090 1682 de
1127 1640 1376 1695 corporibus
1413 1641 1607 1684 rotundis
1645 1646 1686 1685 et

194 1709 363 1753 levibus
393 1709 437 1751 in
467 1709 600 1751 altum
631 1708 790 1751 evectis
822 1702 882 1760 ὡς
913 1703 952 1751 δ’
986 1701 1066 1751 οὖν
1092 1705 1274 1760 ἐξέλιπε
1302 1707 1386 1763 μὲν
1415 1704 1441 1766 ἡ
1466 1709 1682 1768 πληκτικὴ

195 1773 387 1834 δύναμις
420 1772 768 1834 μετεωρίζουσα,
816 1772 965 1821 οὐκέτι
1005 1776 1056 1821 δὲ
1091 1771 1195 1834 ἦγεν
1230 1772 1255 1834 ἡ
1294 1777 1440 1835 πληγὴ
1479 1778 1595 1835 πρὸς
1631 1777 1683 1822 τὸ

192 1844 429 1903 μετέωρον,
461 1842 679 1890 ἐκωλύετο
703 1844 752 1891 δὲ
772 1846 914 1889 ταῦτα
935 1841 1054 1889 κάτω
1076 1844 1316 1903 φέρεσθαι,
1339 1845 1543 1900 ἐπιέζετο
1566 1846 1682 1906 πρὸς

193 1913 298 1968 τοὺς
321 1911 492 1966 τόπους
519 1913 625 1966 τούς
665 1913 935 1969 δυναμένους
965 1913 1218 1966 δέξασθαι.
1251 1915 1331 1958 hoc
1366 1912 1569 1970 ἐπιέζετο
1602 1917 1683 1958 Lu-

194 1985 351 2028 cretius
379 1984 440 2026 ita
469 1984 682 2039 expressit
717 1987 763 2025 ut
793 1983 955 2026 diceret
990 1984 1166 2028 aethera
1195 1997 1243 2028 se
1273 1997 1452 2041 corpore
1483 1989 1680 2028 concreto

195 2052 347 2096 ceteris
378 2052 665 2108 applicuisse,
688 2065 784 2094 cum
814 2065 953 2107 neque
980 2065 1148 2096 sursum
1177 2053 1289 2096 ultra
1309 2065 1450 2109 neque
1480 2052 1682 2096 deorsum

194 2120 376 2164 ferretur
394 2153 403 2163 .
425 2119 524 2163 huie
559 2121 622 2164 rei
661 2120 928 2176 aptissimum
969 2124 1034 2163 est
1070 2137 1113 2164 se
1151 2123 1310 2165 circum
1340 2121 1465 2164 datus
1495 2121 1682 2178 undique

191 2203 399 2246 FLExrr,
422 2188 553 2244 idque
582 2192 753 2245 poetam
785 2188 960 2232 dedisse
989 2189 1216 2233 existimo.

306 2258 404 2301 472.
437 2258 590 2300 INTER
619 2271 880 2304 UTRASQUE
910 2271 1082 2300 GLOBI.
1109 2258 1208 2302 476.
1238 2273 1388 2301 INTER
1418 2273 1680 2306 UTRASQUE

190 2341 274 2369 ITA
305 2341 453 2369 snm.
481 2326 531 2369 In
567 2326 713 2382 priore
748 2340 876 2370 versu
914 2327 1150 2383 Marullus,
1188 2327 1232 2370 in
1270 2328 1406 2370 altero
1445 2327 1680 2371 Lambinus

190 2396 362 2452 scripsit
381 2396 491 2438 inter
520 2404 742 2452 utrosque,
764 2394 881 2450 quod
910 2394 1096 2438 debebat
1123 2400 1236 2439 certe
1267 2409 1362 2440 esse
1383 2398 1492 2440 incer
1521 2406 1679 2440 utrum-

192 2480 298 2520 que.
327 2463 404 2507 sed
431 2477 819 2509 INTERUTRAQUE
850 2463 1082 2517 legendum
1114 2477 1209 2507 esse
1239 2464 1330 2507 dixi
1361 2465 1418 2508 ad
1449 2465 1604 2508 librum
1634 2480 1678 2521 11,

190 2531 274 2574 518
291 2564 301 2574 .
324 2537 510 2579 ceterum
539 2531 608 2574 hic
628 2531 951 2588 Havercampus
981 2532 1168 2575 mirabili
1199 2533 1425 2576 mendacio
1447 2533 1676 2576 Wakefiel-

193 2597 295 2640 dum
324 2598 519 2654 decepit:
541 2612 681 2655 neque
712 2599 825 2642 enim
852 2613 1002 2643 verum
1034 2601 1163 2643 estin
1194 2601 1340 2644 codice
1362 2602 1549 2656 oblongo
1582 2606 1680 2657 post

191 2675 331 2709 secuta
361 2667 403 2708 in
435 2667 517 2710 fine
537 2680 687 2710 versus
715 2667 798 2710 471
831 2668 1025 2711 additum
1054 2682 1149 2712 esse
1180 2679 1240 2712 et.
1263 2669 1340 2712 sed
1371 2671 1414 2712 in
1444 2683 1573 2713 versu
1593 2670 1679 2713 474

177 2732 364 2788 fuerunt
403 2733 561 2778 habent
596 2736 832 2792 Vossiani,
865 2737 1076 2779 Antonius
1116 2738 1275 2792 Marii,
1306 2739 1406 2781 olim
1450 2739 1676 2794 impressi,

191 2800 398 2844 Marullus
418 2801 610 2858 :fuerint
639 2804 852 2846 Avantius
882 2804 1018 2848 edidit
1047 2805 1212 2862 primus
1229 2838 1239 2847 .

303 2869 400 2912 481.
432 2883 589 2911 PLAGE
621 2883 845 2913 CAERULA
867 2904 877 2915 .
911 2871 1156 2923 Quadratus
1182 2874 1342 2931 playae
1379 2875 1523 2917 cerula
1544 2905 1554 2916 .
1587 2888 1676 2918 cor-

189 2940 327 2980 rector
357 2937 532 2993 oblongi
563 2952 750 2980 PLAGA.

303 3005 401 3049 482.
448 3020 505 3047 ET
556 3020 734 3049 susos
785 3021 998 3050 ori-unu*
1026 3043 1035 3053 .
1082 3007 1307 3064 Oblongus
1357 3010 1497 3066 prima
1545 3024 1675 3054 manu
