2040 3328
403 234 486 276 300
1102 235 1138 276 V

403 345 539 398 magis
570 347 659 387 loca
688 346 850 400 cinqunt
865 377 875 397 ‚
897 344 1008 397 quod
1029 344 1170 398 posuit
1188 343 1416 388 Lambinus
1434 377 1443 388 .
1463 346 1612 389 melius
1633 347 1740 389 foret
1760 356 1846 388 tan-

398 421 526 466 yurat,
547 411 621 453 sed
653 405 918 453 verissimum
948 411 1096 453 eodem
1125 423 1253 453 sensu
1282 420 1318 453 et
1345 412 1434 453 loca
1460 426 1681 454 monemur
1699 446 1708 456 .
1730 413 1772 455 in
1792 427 1846 468 11,

404 477 480 518 141
503 478 600 519 haec
621 478 710 519 loca
729 479 883 518 circum
904 478 1108 519 Laetitiae
1135 478 1336 519 mulcent.
1357 477 1411 520 de
1430 479 1608 522 nubibus
1629 481 1673 521 in
1692 493 1748 533 1v‚
1769 480 1846 522 136

401 544 515 584 Aera
543 544 761 585 mulcentes
781 552 889 585 motu
906 575 916 585 .
937 543 1150 598 Vergilius
1180 544 1223 585 in
1242 557 1314 598 vn,
1332 543 1387 585 34
1415 543 1467 586 de
1493 545 1640 588 avibus
1669 546 1848 589 Aethera

393 610 627 651 mulcebant
656 619 781 652 cantu
798 641 807 651 .
829 614 1010 652 ceterum
1046 610 1235 653 ordinem
1271 623 1464 652 versuum
1497 611 1656 665 primus
1684 612 1752 654 hic
1781 624 1846 654 os-

399 675 532 717 tendit
553 676 751 718 Marullus
778 689 804 718 a
833 676 1132 718 recentioribus
1153 677 1270 719 nulla
1298 676 1424 718 laude
1446 675 1645 730 dignatus
1662 711 1672 720 .
1692 678 1846 721 Wake-

399 741 573 797 fieldus‚
596 744 716 796 quasi
738 744 945 785 elementa
965 755 1089 784 caeco
1121 756 1221 786 casu
1251 744 1293 785 in
1313 743 1421 786 hanc
1451 742 1747 798 dispositurum
1776 745 1846 788 de-

398 809 590 851 venerint
611 842 620 864 ,
647 808 776 851 ‘nulla
811 814 874 852 est
911 809 1084 864 caussa’‚
1113 809 1274 864 inquit,
1301 809 1368 852 ‘de
1407 811 1491 863 qua
1528 820 1729 866 receptam
1764 811 1845 854 loci

399 876 732 918 constitutionem
763 877 832 919 vel
860 876 1104 930 immutare,
1126 877 1195 918 vel
1225 876 1444 931 deserere,
1466 877 1669 920 velimus’.

509 943 603 984 571.
641 943 811 984 FORMA
847 957 1042 989 QUOQUE
1079 957 1193 983 Hmc
1238 956 1372 983 soms
1406 957 1560 984 unsar
1599 957 1845 990 ammom:

398 1022 568 1048 vmnm
585 1040 594 1050 .
617 1010 855 1060 Quadratus
876 1010 1057 1065 ilumque
1072 1041 1082 1050 .
1103 1009 1320 1051 Turnebus
1341 1009 1384 1050 in
1405 1009 1743 1052 adversariorum
1762 1023 1844 1065 ΧΠ,

397 1075 450 1116 23
475 1076 644 1128 egregie
673 1077 826 1118 Forma
855 1077 955 1118 solis
983 1089 1256 1129 summoue,
1279 1075 1392 1129 quod
1422 1080 1561 1118 tamen
1590 1089 1726 1131 neque
1754 1076 1846 1130 ipse

397 1154 474 1183 nee
503 1141 629 1183 ceteri
664 1142 734 1195 qui
772 1141 825 1184 de
860 1142 939 1184 hoe
974 1142 1179 1184 vocabulo
1215 1142 1414 1184 dixerunt
1449 1147 1559 1185 recte
1587 1143 1846 1198 interpretati

396 1211 492 1249 sunt
520 1212 687 1262 praeter
718 1209 950 1251 Bentleium
970 1223 979 1250 ε
1000 1208 1037 1250 is
1074 1207 1128 1248 ad
1165 1221 1332 1251 versum
1361 1208 1441 1250 581
1459 1209 1586 1264 filum
1622 1209 1723 1252 dicit
1753 1222 1845 1252 esse

396 1274 756 1327 magnitudinem:
785 1279 847 1317 est
883 1279 1023 1316 autem
1058 1275 1226 1329 proprie
1263 1274 1523 1330 crassitudo,
1552 1275 1666 1329 quod
1695 1277 1763 1318 vel
1792 1289 1846 1318 ex

395 1341 489 1382 libri
511 1355 553 1381 1v
584 1355 707 1383 versu
728 1342 781 1384 88
811 1346 1012 1396 apparet,
1034 1341 1104 1382 ubi
1125 1345 1221 1383 sunt
1236 1341 1478 1396 formarum
1499 1343 1671 1398 vestzyia
1699 1343 1850 1398 suptili

392 1408 587 1462 praedita
594 1409 674 1463 filo
692 1440 700 1449 .
725 1408 868 1450 Cicero
890 1407 942 1450 de
959 1411 1126 1449 oratore
1141 1408 1248 1450 libro
1264 1421 1307 1462 11,
1324 1409 1376 1450 93
1398 1424 1533 1450 omnes
1548 1409 1670 1450 etiam
1685 1417 1768 1451 tum
1783 1425 1844 1451 re·

396 1475 575 1516 tinebant
589 1475 708 1516 illum
719 1475 881 1517 Pericli
891 1491 1033 1516 sucum
1043 1507 1054 1528 ,
1069 1474 1144 1516 sed
1157 1483 1274 1517 erant
1277 1475 1410 1530 paulo
1421 1476 1607 1517 uberiore
1609 1475 1690 1534 filo
1707 1507 1716 1517 .
1733 1474 1845 1517 idem

395 1541 437 1582 in
453 1555 512 1595 111,
523 1542 575 1582 96
597 1541 780 1584 Ornatur
808 1543 938 1597 iyitur
967 1542 1098 1583 oratio
1123 1557 1271 1596 qenere
1296 1543 1479 1596 primum
1506 1550 1542 1583 et
1562 1541 1688 1597 quasi
1712 1540 1844 1583 colore

395 1607 571 1662 quodam
603 1616 638 1649 et
657 1623 752 1649 suco
781 1624 854 1650 suo
871 1624 883 1650 .·
903 1621 1000 1650 mox
1031 1607 1187 1649 ibidem
1216 1609 1261 1649 in
1281 1616 1359 1650 toto
1387 1616 1622 1664 spectantur
1641 1607 1738 1650 haec
1758 1622 1843 1649 cor-

390 1689 520 1729 pore:
541 1673 694 1716 deinde
718 1675 796 1716 103
817 1675 914 1717 llaec
921 1674 1157 1730 formanda
1175 1674 1253 1727 filo
1283 1675 1372 1729 ipso
1394 1683 1430 1716 et
1445 1690 1593 1730 yenere
1622 1675 1820 1716 orationis
1833 1706 1842 1715 .

395 1740 504 1782 idem
526 1741 568 1781 in
589 1741 735 1782 Laelio
751 1741 804 1782 25
826 1750 862 1782 et
891 1741 1040 1783 audivi
1065 1757 1145 1782 non
1171 1741 1324 1782 invitus
1345 1740 1530 1795 equidem
1551 1739 1842 1795 (philosophos

395 1807 675 1861 disputantes)
693 1822 702 1848 ε
723 1807 796 1849 sed
815 1807 935 1849 aliud
954 1807 1159 1862 quoddam
1167 1807 1293 1862 filum
1314 1808 1512 1848 orationis
1528 1815 1645 1860 tuae,
1666 1806 1744 1848 hoe
1760 1810 1842 1861 est,

393 1874 560 1915 illorum
582 1874 714 1915 oratio
735 1874 899 1915 tenuior
920 1878 982 1916 est
998 1906 1007 1922 ,
1029 1873 1196 1915 uberior
1211 1877 1284 1914 tua
1300 1904 1309 1913 .
1332 1873 1532 1915 Varronis
1549 1873 1680 1915 verba
1695 1872 1749 1914 de
1764 1873 1841 1914 lin-

394 1953 480 1993 gua
494 1940 647 1981 Latina
662 1954 689 1980 x
709 1954 749 1994 p.
765 1940 869 1993 546,
893 1941 1044 1994 quibus
1065 1941 1108 1982 in
1124 1940 1202 1981 hoc
1216 1939 1423 1981 vocabulo
1439 1939 1690 1993 explicando
1705 1951 1842 1992 gram-

393 2007 533 2048 matici
549 2006 608 2048 uti
630 2019 712 2048 non
733 2007 896 2060 solent,
919 2007 1120 2049 Mullerus
1143 2018 1308 2061 quoque
1329 2005 1441 2047 male
1460 2005 1756 2059 interpolavit:
1777 2018 1842 2047 co-

394 2073 475 2115 dex
506 2077 618 2115 reete
638 2074 701 2115 Eo
717 2089 844 2129 porro
871 2074 1091 2116 similiores
1119 2083 1213 2116 sunt
1243 2075 1319 2130 qui
1331 2074 1452 2129 facie
1473 2088 1631 2128 quoque
1653 2087 1760 2127 pene
1780 2088 1843 2115 ea-

393 2140 481 2182 dem
498 2173 508 2193 ‚
531 2141 674 2181 habitu
702 2140 885 2194 corporis
899 2172 910 2193 ‚
919 2141 1000 2194 fllo
1018 2171 1026 2180 .
1050 2141 1239 2195 Nonius,
1264 2141 1335 2195 qui
1356 2139 1502 2182 ceteris
1522 2151 1697 2193 pravam
1718 2139 1843 2182 inter-

392 2206 668 2262 pretationem
697 2205 932 2260 praecinuit
950 2239 960 2255 ,
981 2220 1021 2260 p.
1039 2207 1133 2261 313,
1154 2208 1205 2248 12
1233 2208 1370 2249 Filum
1387 2238 1399 2259 ,
1421 2206 1506 2247 oris
1535 2206 1839 2248 liniamentum.

392 2273 583 2314 Lucilius
614 2273 683 2314 lib.
711 2283 859 2309 XXVIIII
884 2272 1018 2328 Surye
1046 2274 1220 2327 mulier,
1244 2273 1379 2315 ducito
1395 2273 1522 2328 filum
1551 2288 1632 2314 uon
1660 2273 1813 2314 malum
1830 2303 1839 2314 .

391 2338 537 2380 Lucilii
558 2339 689 2381 verba
708 2339 818 2380 male
839 2338 1037 2381 distincta
1066 2353 1159 2381 esse
1181 2344 1368 2394 apertum
1398 2343 1486 2382 est.
1508 2338 1725 2380 novissimi
1755 2338 1840 2380 edi—

391 2410 502 2447 tores
524 2406 657 2447 ducite
672 2422 686 2459 ,-
706 2418 889 2458 quonam
919 2409 1088 2447 auctore
1118 2406 1209 2460 usi,
1231 2405 1403 2446 nescio:
1431 2417 1529 2446 nam
1558 2408 1655 2446 ante
1681 2416 1728 2445 se
1756 2417 1840 2446 non

392 2472 515 2514 modo
547 2473 774 2513 Mei-cerum
805 2471 879 2513 sed
911 2484 1055 2513 omnes
1086 2472 1222 2514 ducito
1259 2471 1429 2513 dedisse
1459 2483 1511 2511 ne
1540 2470 1726 2512 referunt
1753 2471 1857 2524 qui-⁰

392 2539 511 2580 dem.
535 2538 634 2592 quid
655 2539 839 2580 Lucilius
866 2538 1082 2592 scripserit
1113 2538 1195 2579 dici
1216 2551 1299 2579 non
1329 2542 1492 2592 potest:
1512 2540 1690 2592 possunt
1710 2541 1840 2592 temp-

390 2606 469 2647 tari
491 2618 600 2658 quae
623 2618 671 2646 eo
699 2605 829 2657 digna
849 2605 957 2659 sint3
979 2605 1093 2647 velut
1113 2604 1218 2659 hoe,
1249 2605 1401 2659 Vir-'qen
1431 2620 1485 2645 au
1505 2604 1654 2645 mulier
1675 2603 1812 2646 dubito
1829 2635 1838 2645 .

376 2673 503 2727 filum
531 2688 612 2714 nori
640 2672 793 2713 malum
810 2704 821 2724 ‚
842 2672 1004 2713 Nasum
1033 2673 1105 2713 lzoc
1134 2686 1361 2726 corpusque
1390 2671 1534 2711 scitum
1553 2701 1561 2710 .

501 2738 596 2780 576.
627 2738 744 2778 S1vn
775 2751 864 2779 suA
894 2751 1103 2779 PROPRIO
1124 2751 1302 2778 ιΑοΤΑΤ
1327 2751 1386 2776 DE
1409 2749 1635 2777 CORPORE
1654 2739 1838 2778 Limum.

391 2804 598 2846 Antonius
629 2804 752 2846 Marii
782 2808 822 2846 et
850 2804 1054 2846 Marullus
1085 2817 1235 2845 SUAM.
1257 2804 1457 2858 Apuleius
1496 2803 1548 2844 de
1583 2803 1662 2845 deo
1695 2804 1839 2846 Socra-

389 2871 442 2912 tis
471 2884 511 2924 p.
535 2871 611 2911 113
643 2870 741 2912 edit.
763 2871 950 2912 Hildebr.
983 2871 1126 2912 radios
1155 2872 1254 2913 solis
1284 2872 1422 2913 obstiti
1443 2871 1508 2912 vel
1536 2870 1706 2912 adversi
1720 2885 1838 2911 usur-

382 2946 460 2992 pat
490 2946 526 2978 et
539 2969 550 2991 ,
570 2945 613 2978 ut
641 2938 774 2979 verbis
803 2946 898 2979 utar
925 2938 1136 2990 Lucretii,
1157 2939 1320 2980 notham
1351 2937 1476 2979 iactat
1505 2936 1554 2979 de
1583 2935 1837 2992 corporevlu-
