2040 3328
411 208 468 250 40
1154 208 1173 248 Ι

412 332 546 358 INANI
564 351 572 359 .
596 317 861 372 Quadratus,
902 317 1108 370 schedae,
1147 322 1352 359 corrector
1388 319 1557 372 oblongi
1575 351 1584 373 ,
1626 319 1852 373 Marullus,

412 399 597 430 Aoum:
619 385 827 425 Antonius
861 385 981 425 Marii
1021 388 1061 425 et
1097 384 1195 424 olim
1225 384 1417 437 impressi
1450 387 1680 439 niquarum.
1703 385 1855 427 deinde

413 452 617 493 Marullus
653 452 754 492 sami
779 455 819 492 et
849 451 975 504 paulo
1006 450 1159 492 rectius
1189 449 1477 492 Wakefieldus
1514 465 1623 492 sAX1
1635 466 1710 506 ετ,
1741 452 1854 506 quod

412 519 503 573 ipse
529 519 671 572 inepte
701 517 868 570 scripsit
897 518 997 558 saoez‘
1023 525 1105 558 est.
1129 516 1323 568 genetivo
1345 519 1482 557 autem
1513 530 1617 572 opus
1648 523 1735 572 est,
1766 519 1855 561 sive

412 601 618 640 aquarum
638 584 869 625 scribamus
890 582 979 624 sive
1000 584 1155 637 aquai:
1185 595 1283 623 nam
1310 581 1363 623 de
1385 582 1536 626 dativis
1556 585 1599 625 in
1621 586 1669 626 ai
1685 585 1856 640 disylla-

412 652 495 692 bon
534 650 779 692 exeuntibus
821 662 958 702 nugas
999 653 1172 690 narrant
1212 650 1471 702 grammatici
1508 653 1723 704 poetarum
1757 665 1857 693 usus

412 717 576 770 ignari.
598 717 663 758 his
685 721 824 758 tamen
855 715 1059 769 imperitis
1090 716 1127 755 is
1149 716 1488 758 annumerandus
1519 721 1582 758 θεῖ
1611 717 1682 770 qui
1712 717 1856 759 horum

412 797 607 826 versuum
630 783 804 824 alterum
826 782 949 824 fecit:
981 782 1017 823 is
1039 783 1149 824 enim
1167 815 1176 836 ,
1199 783 1235 824 si
1257 784 1490 835 elegantias
1513 783 1767 825 Wakefieldi
1785 816 1794 838 ,
1815 789 1860 826 ut

412 863 490 905 par
521 854 611 903 est,
649 850 868 902 reicimus,
905 862 990 890 non
1021 849 1235 903 procedit,
1267 850 1348 891 nisi
1377 851 1420 890 in
1449 849 1588 903 priore
1619 850 1749 892 dativi
1779 851 1860 892 sint

412 918 530 959 saxis
560 918 656 972 zqu‘
681 917 813 972 aquai
827 946 836 956 .
858 928 1110 969 quamquam
1131 916 1211 957 iste
1231 916 1352 956 huius
1374 916 1567 958 versiculi
1588 929 1768 971 parens,
1801 917 1858 959 fe-

413 987 497 1024 tum
530 997 650 1025 suum
681 983 909 1037 proiecisse
939 985 1183 1035 contentus,
1214 995 1266 1023 ne
1293 982 1542 1024 emendasse
1561 983 1729 1036 quidem
1750 984 1858 1038 prio-

412 1063 499 1091 rem
530 1050 585 1091 ad
615 1054 793 1091 mentem
818 1061 934 1090 suam
957 1048 1149 1101 videtur,
1181 1052 1253 1089 aut
1284 1052 1394 1089 certe
1423 1049 1466 1089 in
1495 1050 1590 1104 ἴφια·
1614 1051 1652 1091 ei
1683 1063 1765 1091 non
1785 1063 1860 1104 pa-

413 1121 584 1158 ruerunt
619 1116 782 1158 librarii
801 1147 808 1156 .
837 1128 914 1156 nos
951 1127 1051 1156 vero
1087 1115 1196 1156 hunc
1229 1115 1427 1156 lectorem
1462 1115 1740 1169 importunum
1775 1117 1859 1158 iam

412 1183 604 1224 novimus
622 1215 631 1236 ,
669 1183 740 1236 qui
778 1195 869 1223 cum
905 1194 1034 1236 supra
1063 1182 1146 1223 334
1173 1182 1364 1222 Lucretio
1400 1182 1443 1222 in
1473 1180 1708 1224 definiendo
1744 1183 1859 1225 inani

413 1250 544 1291 locum
565 1251 763 1291 intactum
790 1249 964 1302 largitus
987 1252 1122 1302 esset,
1155 1247 1331 1289 eandem
1358 1260 1444 1289 rem
1471 1248 1537 1289 hic
1558 1248 1704 1290 iterum
1732 1250 1860 1292 incul-

413 1317 552 1369 cavit3
585 1317 627 1357 in
649 1329 732 1370 quo
754 1316 876 1357 simul
898 1315 1079 1357 ostendit
1099 1328 1144 1356 se
1175 1319 1246 1356 aut
1266 1315 1533 1368 peregrinum
1565 1328 1657 1357 esse
1686 1322 1759 1358 aut
1787 1331 1859 1372 pa-

412 1397 502 1425 rum
526 1383 766 1438 percepisse
787 1383 958 1435 linguae
979 1382 1155 1423 Latinae
1176 1382 1390 1435 ingenium
1408 1413 1417 1422 .
1439 1395 1535 1423 nam
1557 1384 1732 1425 intactus
1748 1389 1859 1426 recto

412 1463 512 1492 casu
531 1483 540 1504 ,
563 1454 609 1491 ut
629 1462 704 1504 pro
723 1449 983 1491 substantivo
1005 1450 1082 1503 sit,
1105 1449 1253 1490 Latine
1275 1448 1356 1489 dici
1377 1461 1461 1488 non
1477 1453 1638 1503 potest,
1662 1451 1857 1503 quoniam

410 1517 533 1559 huius
564 1516 676 1558 modi
698 1516 967 1570 participalia
988 1527 1078 1556 cum
1110 1517 1155 1556 in
1184 1515 1383 1568 negativo
1415 1516 1636 1557 coniuncta
1665 1530 1748 1558 non
1779 1518 1860 1559 nisi

409 1598 536 1625 unum
554 1597 696 1625 casum
712 1582 942 1636 recipiunt,
964 1583 1127 1623 iniussu
1142 1615 1153 1635 ,
1175 1583 1333 1623 incultu
1347 1614 1358 1634 ,
1380 1583 1611 1623 inconsultu
1625 1615 1636 1636 ,
1658 1585 1859 1626 invocata.

409 1653 556 1693 horum
587 1654 799 1705 postremo
830 1649 985 1690 Fronto
1024 1663 1125 1690 usus
1163 1653 1226 1690 est
1261 1663 1300 1702 p.
1327 1649 1405 1690 172
1436 1648 1534 1690 edit.
1565 1650 1709 1703 Rom.‚
1742 1651 1860 1693 cuius

409 1718 540 1760 verba
556 1716 729 1770 subieci,
746 1720 790 1757 ut
806 1715 1279 1768 emendatalegerentur
1297 1746 1304 1755 .
1329 1715 1397 1755 An
1425 1731 1516 1756 cum
1537 1716 1674 1758 labore
1695 1718 1859 1772 quidem

413 1794 450 1827 et
469 1784 606 1826 stadio
627 1784 875 1839 z'ozvestzyare
895 1783 1019 1824 verba
1039 1783 1244 1838 eleqantia
1260 1782 1463 1836 prohibes,
1482 1782 1620 1824 eadem
1637 1799 1729 1826 vero
1745 1785 1858 1826 siul—

410 1860 471 1892 tro
490 1852 532 1892 εί
544 1851 708 1892 iniussu
725 1859 847 1905 atque
863 1851 1051 1891 invocata
1067 1865 1152 1890 meo
1168 1849 1362 1900 venerint,
1383 1856 1427 1888 ut
1442 1849 1676 1891 sslenelaum
1696 1851 1755 1892 ad
1767 1867 1859 1906 epu-

410 1918 473 1959 las
489 1949 500 1971 ‚
522 1918 686 1958 interim
708 1916 871 1971 quidem
886 1917 1021 1971 recipi
1032 1917 1144 1957 iubes
1161 1916 1178 1956 ‚9
1198 1915 1345 1968 scripsi
1364 1915 1474 1955 enim
1492 1916 1655 1958 interim
1672 1918 1855 1972 quidem,

407 1985 486 2026 hoc
507 1987 570 2025 est
589 1983 820 2037 tantisper,
853 1983 924 2024 ubi
946 1984 987 2024 in
1010 1982 1154 2024 codice
1182 1982 1312 2023 fertur
1343 1994 1435 2022 esse
1463 1984 1647 2024 venerint
1667 1984 1830 2039 quidem
1848 2018 1857 2028 .

407 2050 461 2091 ab
478 2050 530 2091 iis
546 2050 799 2104 monoptotis
816 2062 927 2103 quae
945 2050 1033 2091 dixi
1049 2063 1134 2091 non
1151 2048 1279 2091 valde
1296 2047 1496 2089 differunt
1510 2049 1635 2103 haec,
1653 2051 1858 2104 inmerito,

407 2117 585 2158 indebito
601 2148 612 2169 ,
634 2118 884 2172 z'nauyurato
899 2148 910 2169 ,
932 2117 1193 2172 inauspicato
1210 2148 1220 2166 ,
1241 2116 1452 2168 intestato,
1474 2116 1682 2171 insperato
1696 2149 1707 2170 ,
1727 2118 1857 2172 inopi—

406 2192 501 2224 nato
519 2215 529 2236 ,
551 2184 779 2225 inconsulto
798 2215 809 2237 ,
830 2184 1040 2238 inproviso
1055 2215 1065 2236 ,
1087 2183 1347 2238 iueoeplorato
1364 2214 1375 2235 ,
1392 2183 1676 2237 impraepedito
1694 2215 1702 2224 .
1726 2184 1768 2224 in
1785 2183 1857 2225 illo

406 2250 549 2304 priore
565 2254 706 2292 tamen
723 2263 878 2304 genere
896 2250 1059 2290 Livium
1078 2248 1235 2290 dixisse
1250 2249 1397 2291 volunt
1412 2249 1455 2288 in
1468 2263 1565 2302 xm,
1589 2249 1649 2302 12,
1668 2251 1691 2291 7
1700 2266 1781 2305 per
1796 2251 1857 2291 in-

406 2317 578 2370 cultum,
598 2330 680 2370 quo
697 2317 789 2357 loco
807 2316 1071 2370 aptissimum
1090 2319 1241 2370 estper
1257 2315 1461 2356 indultum
1478 2332 1527 2356 ac
1540 2317 1859 2372 wseyleqemia‘m:

406 2388 520 2426 recto
554 2397 655 2425 casu
685 2383 964 2437 interpolator
997 2386 1140 2423 noster
1170 2381 1445 2435 philosophus
1476 2395 1576 2424 usus
1607 2387 1670 2424 est
1699 2383 1838 2424 solus.

516 2451 611 2493 455.
642 2463 928 2490 PAUPERTAS
973 2462 1248 2493 DIVIAEQUE
1273 2480 1282 2490 .
1311 2447 1528 2491 Corrector
1569 2449 1739 2503 oblongi
1784 2463 1857 2489 DI-

406 2531 678 2563 VITIAEQUE
697 2547 705 2556 .

514 2585 610 2627 458.
639 2597 830 2624 Evnuro
867 2596 1087 2624 vocARE.
1124 2581 1243 2623 Idem
1285 2595 1508 2623 EVENTA.
1545 2583 1681 2624 locum
1717 2583 1856 2637 proxi-

404 2664 544 2704 mum,
585 2651 654 2704 qui
695 2655 757 2692 est
787 2650 840 2692 de
870 2654 1085 2704 tempore,
1115 2648 1325 2702 siguificat
1354 2648 1523 2691 Servius
1554 2649 1609 2690 ad
1644 2649 1857 2692 Aeneidos

404 2731 478 2772 111,
508 2718 589 2759 587
622 2721 663 2759 et
691 2731 778 2771 vn,
810 2718 888 2759 37·

515 2784 611 2826 467.
670 2798 859 2825 EVENTA
880 2798 935 2825 FU
948 2797 1056 2824 ERIT
1075 2815 1083 2824 .
1105 2783 1195 2824 Hoc
1216 2795 1268 2823 ex
1289 2796 1555 2836 FUERUNT,
1586 2797 1677 2823 UNT
1707 2783 1856 2825 litteris

404 2851 621 2904 angustius
640 2852 867 2893 contractis
888 2851 1043 2905 scripto
1061 2883 1070 2905 ,
1094 2850 1221 2891 facile
1241 2850 1359 2890 nasci
1380 2850 1538 2903 potuit,
1563 2850 1791 2905 etfaerunt
1812 2849 1855 2890 in

403 2918 568 2962 schedis
612 2930 705 2961 esse
750 2919 912 2961 Gudius
958 2917 1367 2971 Henrichseniusque
1413 2919 1618 2958 testantur
1643 2936 1654 2958 .-
1684 2915 1743 2957 ita
1789 2914 1856 2957 hic
