2040 3328
427 253 508 296 292
1127 254 1165 294 v
1188 316 1191 317 ⁷

424 363 687 406 efficiendum
709 363 986 417 conveniunt3
1008 375 1092 404 non
1119 379 1263 419 saepe,
1285 363 1384 417 quia
1404 363 1448 405 id
1468 376 1592 418 quam
1620 375 1749 418 saepe
1778 363 1863 405 fac-

423 434 509 472 tum
540 430 594 471 sit
623 442 707 471 non
736 429 979 484 quaeritur,
1011 429 1085 472 sed.
1113 430 1156 471 in
1187 442 1270 472 uno
1301 442 1467 484 quoque
1496 431 1664 472 illorum
1696 429 1864 484 Epicuri

422 495 672 538 mundorum
702 494 791 537 fieri
822 494 971 537 debet.

532 562 628 603 431.
664 563 830 603 TERRE
865 576 1012 603 MARIS
1035 594 1045 604 .
1082 562 1322 614 Quadratus
1362 563 1513 605 Terrae
1533 595 1543 605 .
1580 563 1624 605 in
1658 563 1776 621 libro⁸
1801 577 1864 607 se-

422 628 556 671 cundo
591 629 746 682 Terra,
767 628 879 682 quod
910 633 972 671 est
1000 631 1190 670 Temen
1207 661 1216 670 .

531 694 627 736 433.
658 695 788 735 Amr:
809 709 992 736 vonANS
1020 709 1299 749 POTERRAT,
1321 709 1410 736 unc
1432 729 1440 739 .
1463 695 1588 750 Apud
1608 695 1863 739 Macrobium

421 761 585 804 Saturn.
607 775 663 816 v1,
684 761 711 803 2
747 762 823 804 His
861 779 990 818 neque
1027 771 1110 804 tum
1150 763 1251 805 solis
1291 765 1379 804 tota
1413 763 1531 804 cerni
1562 762 1713 806 lumine
1749 763 1864 806 claro

421 828 735 870 AnnvonANS
755 838 950 884 poterat,
973 841 1108 882 neque
1136 830 1282 884 rnayni
1307 827 1460 884 sydera
1487 827 1638 870 mundi
1659 860 1668 870 .
1709 829 1866 872 ibidem

420 895 464 937 in
494 908 619 937 versu
648 896 839 950 proximo
870 911 942 937 nee
972 902 1068 937 aer.
1293 891 1295 893 ’

530 961 765 1004 440—445.
796 961 1079 1004 Ommennus
1110 976 1135 1002 E
1165 975 1432 1002 pausemus
1598 976 1723 1003 DARE
1754 975 1865 1003 cou-

420 1042 676 1069 vnmnn'ns
698 1060 707 1069 .
735 1028 900 1070 Certum
932 1032 996 1070 est
1017 1028 1272 1070 Macrobium
1290 1061 1299 1082 ‚
1321 1033 1469 1072 testem
1489 1029 1678 1072 codicum
1706 1033 1867 1071 nostro-

419 1109 508 1137 rum
539 1095 766 1149 archetypo
798 1094 977 1137 fortasse
1006 1108 1090 1136 non
1120 1095 1395 1149 antiquiorem
1413 1129 1423 1146 ‚
1452 1097 1595 1138 omnia
1621 1095 1688 1137 hic
1718 1095 1864 1138 eodem

418 1162 564 1204 ordine
586 1174 667 1215 quo
698 1174 808 1202 nunc
839 1162 881 1203 in
911 1161 1066 1203 nostris
1091 1165 1234 1204 extant
1262 1163 1416 1215 legisse
1445 1163 1680 1218 perscripta
1699 1193 1709 1204 .
1734 1162 1864 1204 nihilo

418 1229 554 1270 minus
585 1227 767 1269 dubitari
797 1241 880 1269 non
911 1232 1049 1282 potest
1078 1229 1179 1282 quin
1208 1229 1248 1270 hi
1280 1242 1355 1271 sex
1384 1242 1531 1272 versus
1562 1229 1618 1271 ad
1648 1228 1867 1283 superiora

416 1294 642 1338 revocandi
681 1294 795 1348 sint3
827 1294 939 1348 quod
976 1295 1058 1336 nisi
1098 1295 1329 1349 faciemus,
1362 1301 1403 1338 et
1438 1295 1648 1338 ordinatio
1685 1295 1864 1350 partium

418 1361 560 1403 mundi
600 1365 698 1403 ante
740 1361 994 1403 discordiam
1034 1361 1290 1416 ineptissime
1330 1362 1617 1417 describetur,
1649 1366 1690 1403 et
1730 1361 1863 1403 oratio

417 1428 654 1482 turpissime
674 1428 852 1470 discidet
869 1443 878 1482 3
905 1441 1001 1469 nam
1023 1427 1136 1482 quod
1157 1428 1403 1482 interpretes
1424 1429 1499 1470 illa
1517 1429 1674 1482 verba,
1697 1445 1723 1470 a
1743 1429 1865 1470 terris

417 1496 545 1537 altum
565 1511 771 1537 secernere
787 1495 946 1537 caelum
960 1527 971 1548 ,
993 1495 1053 1536 ita
1072 1494 1321 1548 intellegunt
1339 1499 1385 1536 ut
1405 1508 1457 1537 ex
1476 1495 1685 1549 prioribus
1707 1494 1866 1536 addant

417 1562 527 1617 quod
546 1561 787 1617 primordia
816 1578 896 1603 non
922 1570 1139 1616 poterant,
1163 1561 1206 1602 id
1237 1561 1271 1603 si
1293 1561 1472 1603 dicerem
1505 1561 1601 1603 ferri
1633 1574 1782 1615 posse,
1803 1561 1864 1603 in-

416 1632 618 1683 terpretes
634 1628 831 1670 adularer
848 1660 856 1682 ‚
877 1631 1028 1682 poetae
1044 1633 1182 1670 autem
1204 1628 1385 1670 facerem
1405 1628 1600 1669 iniuriam
1617 1659 1626 1668 .
1647 1627 1722 1669 sed
1739 1627 1864 1670 valde

414 1694 652 1737 laudandus
683 1700 747 1736 est
775 1695 978 1749 Iosephus
1008 1694 1320 1747 Reisackerus,
1349 1694 1421 1748 qui
1451 1695 1494 1735 in
1521 1694 1864 1736 Lucretianarum

415 1761 704 1815 quaestionum
735 1762 895 1816 pagina
924 1762 1072 1803 ultima
1101 1766 1142 1803 et
1171 1761 1268 1815 ipse*
1290 1773 1433 1803 verum
1462 1773 1654 1802 versuum
1676 1759 1863 1802 ordinem

415 1828 690 1883 indicaverit,
719 1841 843 1882 quem
874 1828 917 1869 in
947 1842 986 1882 p.
1008 1829 1061 1870 29
1091 1827 1276 1869 nondum
1306 1827 1618 1882 perspexisset.
1650 1826 1693 1867 in
1725 1827 1858 1880 primo

415 1899 552 1937 autem
591 1894 738 1936 horum
769 1907 966 1936 versuum
1004 1895 1118 1936 solus
1158 1893 1387 1948 quadratus
1423 1893 1550 1935 habet
1586 1893 1862 1948 Omniqenus‚

415 1962 540 2004 ceteri
571 1974 663 2003 cum
694 1961 876 2014 oblongo
908 1960 1146 2017 Omniqenis
1168 1994 1177 2003 .
1208 1960 1283 2002 sed
1321 1960 1400 2002 hoc
1428 1959 1596 2001 nomine
1626 1958 1862 2013 adieetivo,

414 2027 526 2083 quod
566 2032 628 2069 est
670 2029 926 2083 omniqenum
946 2061 957 2081 ‚
987 2028 1126 2070 nullus
1156 2032 1342 2070 veterum
1376 2030 1596 2081 poiitarum
1632 2038 1733 2067 usus
1772 2029 1860 2067 est.

413 2108 511 2136 nam
541 2095 887 2150 Omniqenurnque
909 2094 1026 2137 deum
1047 2103 1230 2136 monstra
1261 2095 1305 2135 in
1334 2093 1511 2147 Vergilii
1542 2091 1755 2134 Aeneidos
1775 2106 1862 2147 vm,

413 2163 494 2203 698
515 2161 753 2203 Priscianus
774 2175 815 2215 p.
834 2162 856 2202 7
861 2161 915 2202 32
935 2161 1088 2203 rectius
1104 2161 1160 2202 ad
1177 2161 1354 2215 primam
1371 2160 1694 2202 declinationem
1709 2158 1861 2213 refert,

411 2242 488 2283 pro
511 2229 847 2283 omniqenarum:
868 2232 909 2269 et
930 2228 1140 2270 Mediceus
1162 2227 1295 2269 codex
1326 2227 1451 2268 habet
1479 2226 1616 2281 prima
1645 2238 1771 2267 manu
1799 2226 1862 2267 ni-

409 2311 598 2352 9enwmq.
614 2326 624 2348 ‚
647 2306 670 2335 e
700 2307 782 2347 quo
813 2295 994 2349 suspicio
1026 2295 1209 2336 nascitur
1240 2293 1369 2335 fuisse
1399 2293 1471 2347 qui
1501 2292 1730 2335 scriberent
1750 2291 1861 2334 Nili—

409 2377 638 2417 ‚qenumque
668 2360 787 2402 deum
817 2370 1029 2403 monstra.
1058 2364 1168 2403 certe
1189 2359 1405 2402 Lucretius
1425 2359 1496 2401 vix
1526 2359 1648 2401 aliter
1678 2359 1861 2401 scribere

410 2428 544 2482 potuit
583 2440 708 2481 quam
749 2428 952 2483 molesque
986 2437 1122 2470 coorta
1153 2426 1286 2470 ΟΜΝΕ
1323 2440 1477 2467 Genus
1513 2439 1573 2465 Dr:
1608 2426 1860 2481 principiis.

411 2495 471 2537 ita
500 2494 767 2536 membranae
798 2494 842 2535 in
871 2508 914 2545 11,
937 2494 1016 2536 821
1044 2494 1294 2550 Omnz'yenus
1320 2493 1497 2550 perfusa
1525 2492 1754 2545 coloribus,
1776 2503 1860 2533 non

411 2561 650 2616 Omniqenis
667 2593 675 2602 .

520 2628 616 2669 441.
647 2642 730 2668 v1A
761 2641 980 2669 conexus
1003 2658 1012 2668 .
1044 2627 1262 2669 Corrector
1288 2626 1483 2681 quadrati
1506 2629 1546 2668 et
1566 2625 1692 2668 ceteri
1723 2639 1859 2668 vus·
1905 2669 1909 2674 ,

410 2694 471 2736 ita
499 2694 700 2749 scriptum
730 2699 794 2736 est
825 2695 867 2736 in
897 2694 1005 2736 libro
1035 2708 1078 2749 11,
1098 2695 1177 2736 726
1209 2698 1250 2736 et
1283 2694 1417 2736 1020.

519 2761 614 2803 437.
659 2775 806 2802 moun
849 2774 961 2802 Locl
983 2793 992 2803 .
1036 2760 1160 2815 Apud
1203 2759 1460 2802 Macrobium
1504 2759 1590 2802 Sat.
1621 2773 1677 2812 vx,
1708 2759 1735 2801 2
1763 2762 1804 2801 et
1831 2757 1860 2799 4

409 2840 528 2867 INDE
560 2828 662 2870 loci.

519 2894 614 2936 439.
658 2908 821 2934 MAGNA
864 2908 1137 2935 DrsPONERE
1183 2907 1393 2934 PARTES.
1432 2892 1557 2947 Apud
1601 2891 1855 2935 Mam-obium

409 2960 493 3002 Sat.
518 2961 616 3014 v1,2
645 2974 840 3001 MAGNAS
858 2993 866 3001 .
