2040 3328
478 237 557 279 164
1162 244 1223 285 III

474 361 610 402 neque
630 350 788 391 Ennius
810 351 852 391 in
874 364 1056 404 quonam
1077 354 1196 395 metri
1227 367 1380 407 genere
1401 357 1484 398 Eia
1503 359 1742 400 machaeras
1763 358 1915 402 dixerit

474 426 526 455 ex
546 413 691 456 Servio
723 416 776 457 ad
798 417 902 458 Aen.
925 432 980 472 IX,
999 419 1051 460 38
1082 420 1185 461 satis
1216 425 1391 474 apparet
1412 453 1421 463 .
1445 423 1604 466 Probus
1625 439 1665 479 p.
1687 426 1790 467 1421
1820 428 1913 469 item

473 480 565 521 heia
581 491 737 523 constat
753 483 924 537 spondz'o
942 515 950 524 .
968 484 1078 526 idem
1094 499 1133 539 p.
1155 485 1262 528 1430
1277 487 1368 528 heia
1385 498 1539 531 constat
1554 492 1736 534 trochaeo
1751 509 1827 534 —:
1843 510 1914 549 po—

472 554 545 588 test
560 556 692 604 tamen
709 550 752 589 in
768 552 1002 592 necessitate
1015 567 1093 606 pro
1110 552 1369 608 Zonqapom‘.
1388 554 1500 608 apud.
1517 556 1708 599 Plautum
1729 559 1911 601 Ritsehe-

471 613 550 654 lius
574 614 615 654 in
638 627 846 668 parergon
867 620 976 658 tomo
994 631 1008 657 1
1024 631 1062 671 p.
1079 618 1162 660 454
1183 620 1247 660 eia
1268 620 1450 662 trochaei
1473 634 1707 665 mensuram
1728 638 1912 680 aequare

473 680 643 734 scribit;
675 682 791 724 cuius
822 683 880 724 rei
913 696 991 736 ego
1023 687 1176 725 certum
1199 687 1433 740 exemplum
1455 701 1538 730 non
1568 692 1760 744 repperi:
1790 705 1912 735 voca-

470 746 551 787 lem
583 751 623 788 et
645 748 791 789 elisam
814 753 854 790 et
874 749 965 791 sine
986 750 1160 792 elisione
1177 752 1419 805 productam
1440 755 1565 796 video
1586 756 1629 797 in
1654 757 1732 799 hoc
1761 771 1910 812 versu,

476 813 546 866 qui
566 818 630 855 est
645 814 685 856 in
703 815 834 857 Persa
851 830 892 870 11,
910 817 947 871 2,
967 817 1022 859 30
1040 850 1048 872 ,
1071 819 1182 859 He'm
1199 850 1207 859 .
1226 820 1323 860 heia*
1335 853 1343 863 .
1361 829 1427 862 tuo
1445 824 1495 863 ἐκ·
1511 823 1673 877 z'nqem'o
1687 826 1820 867 ‘mo'res
1835 826 1911 868 ali-

470 881 565 922 eno‘s
578 882 737 936 probas
759 914 767 923 .
793 886 972 925 ceterum
994 884 1233 938 frequentat
1254 886 1471 928 elisionem
1493 888 1601 930 idem
1623 893 1772 944 poeta,
1798 895 1843 933 ut
1868 892 1910 933 in

468 946 617 1001 Amph.
636 962 694 998 111,
712 948 749 1002 2,
768 949 846 1003 20,
865 950 907 991 in
924 950 1073 992 Bacch.
1091 966 1118 1001 1,
1138 952 1173 1005 1,
1190 952 1244 993 43
1262 984 1270 1006 ,
1288 953 1330 993 in
1347 953 1503 995 Casina
1518 969 1576 1008 111,
1594 956 1631 1009 6,
1647 956 1699 1011 4,
1721 957 1764 998 in
1779 958 1910 1004 Poen.

466 1026 525 1067 111,
546 1014 581 1063 1,
598 1014 669 1068 69,
693 1014 736 1055 in
752 1016 915 1058 Trucul.
934 1031 959 1071 1,
979 1018 1015 1071 2,
1034 1018 1088 1059 90
1104 1021 1144 1060 et
1159 1032 1202 1072 11,
1217 1018 1255 1071 6,
1273 1018 1328 1061 40
1345 1034 1352 1060 :
1376 1033 1511 1073 neque
1534 1021 1736 1065 abstinuit
1757 1036 1809 1066 ea
1832 1025 1910 1066 Te-

467 1079 626 1121 rentius
643 1081 684 1121 in
703 1081 807 1124 Eun.
826 1096 864 1136 V,
883 1083 919 1137 8,
938 1083 1013 1137 35,
1031 1083 1074 1124 in
1091 1083 1294 1139 Adelphis
1308 1099 1346 1139 V,
1363 1086 1402 1139 4,
1425 1087 1486 1140 14,
1506 1087 1547 1128 in
1567 1088 1714 1131 Heaut.
1731 1103 1771 1143 V,
1788 1090 1827 1143 5,
1846 1091 1909 1133 19.

466 1143 542 1187 hos
564 1150 702 1189 tamen
723 1161 774 1190 ex
796 1150 944 1191 ceteris
965 1150 1100 1204 poetis
1122 1152 1244 1205 pauci
1268 1153 1397 1194 secuti
1418 1158 1538 1207 sunt,
1569 1154 1650 1196 nisi
1677 1155 1791 1210 quod
1811 1156 1910 1199 Ver-

467 1212 594 1264 gilius
625 1214 667 1254 in
689 1216 792 1257 Aen.
814 1230 870 1269 1x,
893 1216 946 1258 38
977 1217 1166 1259 vocalem
1197 1222 1294 1260 ante
1324 1219 1698 1274 interpunctionem
1727 1222 1840 1264 elisit
1869 1227 1910 1266 et

466 1279 509 1320 in
539 1294 581 1320 1v
602 1281 706 1325 Aen.
729 1282 810 1324 569
841 1283 1007 1337 scripsit
1027 1284 1138 1325 Heia
1160 1301 1260 1340 aye,
1291 1301 1434 1342 rumpe
1463 1303 1627 1341 moras,
1659 1288 1772 1342 quod
1792 1301 1908 1344 repe-

465 1347 618 1389 tierunt
639 1347 796 1391 Statius
819 1349 967 1391 Achill.
990 1364 1033 1404 11,
1059 1351 1136 1392 198
1168 1355 1208 1393 et
1237 1351 1440 1394 Martialis
1470 1353 1512 1395 in
1541 1368 1583 1408 11,
1612 1354 1691 1396 64:
1721 1354 1794 1396 alii
1823 1368 1907 1397 ma-

463 1413 628 1455 luerunt
649 1415 787 1457 dicere
803 1417 869 1457 En
891 1433 966 1473 aye
981 1451 992 1470 ,
1014 1418 1154 1471 itaque
1177 1418 1267 1472 ipse
1286 1418 1494 1472 Vergilius
1515 1421 1743 1474 georgicon
1762 1435 1821 1476 111,
1838 1422 1906 1464 42.

463 1480 538 1522 sed
571 1485 611 1522 et
640 1481 709 1522 hic
738 1483 782 1523 in
813 1483 931 1537 Copa
951 1483 1002 1524 31
1036 1488 1076 1525 et
1097 1483 1331 1526 Columella
1361 1498 1400 1537 Χ,
1419 1487 1471 1528 68
1502 1491 1542 1528 et
1573 1487 1729 1529 Statius
1759 1488 1907 1530 iterum

462 1547 546 1588 Eia
567 1563 642 1603 aye
662 1548 756 1591 silv,
778 1563 804 1604 1,
823 1550 860 1603 2,
878 1551 959 1592 266
977 1583 986 1604 ,
1008 1549 1202 1603 idemque
1224 1550 1378 1594 Statius
1399 1555 1621 1606 praeterea
1640 1554 1776 1596 vocali
1799 1555 1907 1597 elisa

463 1618 610 1667 quater
628 1647 636 1667 ,
659 1615 790 1658 Theb.
808 1629 848 1671 x,
865 1617 947 1660 210
962 1618 1042 1659 597
1065 1631 1136 1671 xn,
1154 1617 1236 1659 406
1258 1618 1360 1660 Ach.
1378 1633 1404 1672 x,
1421 1619 1515 1673 508,
1539 1618 1754 1662 Phaedrus
1776 1622 1906 1663 semel

462 1681 504 1720 in
525 1694 564 1734 v,
589 1681 625 1735 7,
648 1682 673 1722 3
693 1683 806 1724 Heia
835 1684 996 1739 inquit,
1029 1683 1155 1725 Silius
1186 1684 1315 1725 semel
1346 1684 1423 1725 hoc
1452 1697 1603 1739 versu,
1627 1686 1717 1727 Hoc
1739 1687 1906 1730 Cannae

460 1755 643 1790 stravere
673 1749 750 1791 tibi
763 1765 775 1791 .·
797 1751 862 1791 eia
892 1751 1026 1792 incute
1054 1751 1212 1803 murz‘s,
1242 1763 1314 1803 xn,
1331 1750 1439 1792 514.

569 1814 663 1856 375.
696 1814 838 1865 QUAM
871 1830 1047 1862 QUIBUS
1078 1831 1102 1856 E
1133 1830 1317 1857 conpos
1340 1848 1349 1858 .
1371 1817 1434 1858 Ita
1453 1821 1627 1872 uterque
1647 1818 1807 1860 codex:
1828 1820 1903 1863 sed

458 1879 501 1921 in
538 1884 714 1934 utroque
753 1887 1008 1925 correctores
1046 1883 1233 1925 fecerunt
1269 1892 1303 1925 et
1339 1899 1486 1939 corpus
1503 1916 1512 1938 ,
1554 1885 1695 1939 itaque
1731 1885 1826 1927 Itali
1861 1891 1903 1928 et

457 1946 556 1988 olim
597 1948 790 2002 impressi
828 1953 869 1991 et
905 1949 1107 1991 Marullus
1141 1982 1149 1991 .
1181 1954 1292 1992 recte
1327 1950 1506 1992 restituit
1547 1951 1901 2005 praepositionem
1978 1978 1994 1995 .

455 2013 683 2057 Lambinus
706 2048 715 2056 .

567 2082 660 2124 378.
699 2081 965 2133 QUANTULA
995 2097 1140 2124 PmMA
1298 2082 1526 2124 Conrons
1680 2097 1900 2126 axoan

453 2161 602 2188 panus
633 2162 808 2190 ANIMA.
842 2150 1043 2203 Apertum
1074 2153 1136 2191 est
1163 2149 1230 2190 hic
1250 2162 1414 2202 quoque
1435 2149 1498 2190 bis
1519 2149 1784 2192 scribendum
1807 2164 1900 2193 esse

452 2227 607 2254 vaA
626 2246 634 2268 ‚
655 2220 701 2256 ut
721 2224 845 2257 versu
867 2216 949 2257 372
969 2248 978 2258 .
1002 2229 1136 2269 neque
1166 2215 1243 2257 hoc
1266 2215 1498 2257 Bentleium
1527 2216 1647 2257 latuit
1668 2249 1677 2259 .
1699 2229 1796 2258 mox
1816 2217 1898 2259 389

453 2284 627 2334 uterque
656 2281 763 2324 liber
793 2286 904 2324 reete
925 2284 1055 2338 priva
1077 2281 1230 2337 pedum
1251 2283 1426 2337 vestzjqia
1448 2313 1457 2324 .
1478 2295 1645 2325 versum
1665 2283 1898 2337 proximum

452 2346 531 2388 381
566 2347 729 2389 Nonius
759 2347 885 2390 habet
913 2361 953 2403 p.
977 2347 1087 2413 73‚·7
1109 2380 1118 2389 .

560 2412 655 2454 383.
691 2428 855 2460 NEQUE
895 2428 1047 2455 ARANI
1087 2427 1302 2454 TENULLA
1343 2427 1451 2454 ΗΒΑ
1474 2444 1483 2454 .
1511 2414 1605 2456 Itali
1636 2419 1676 2456 et
1705 2415 1897 2469 impressi

449 2491 629 2519 rmsvm
656 2511 664 2520 .
697 2480 740 2522 in
771 2480 970 2526 Mediceis
1001 2480 1174 2533 Vergilii
1205 2480 1457 2522 membranis
1488 2480 1740 2534 aliquotiens
1770 2482 1896 2536 scrip-

447 2548 533 2586 tum
550 2549 612 2586 est
628 2548 809 2599 tennuz'a,
828 2546 925 2588 item
945 2547 1124 2588 Tennuis
1141 2558 1285 2599 georg.
1304 2561 1346 2599 11,
1367 2547 1458 2588 180.
1481 2547 1680 2589 Marullus
1697 2561 1895 2590 Annivm.

448 2609 527 2652 hoc
548 2602 661 2664 quod
683 2614 814 2654 arani
830 2614 1031 2667 scriptum
1052 2613 1233 2665 legimus
1256 2645 1265 2667 ,
1288 2613 1367 2654 nisi
1392 2612 1498 2654 forte
1518 2618 1681 2655 veteres
1704 2615 1896 2656 aranium

448 2682 489 2718 et
510 2680 703 2719 aram‘am
726 2678 918 2720 dixerunt
941 2710 951 2733 ,
979 2679 1135 2720 indicio
1158 2684 1221 2720 est
1242 2679 1340 2720 olim
1362 2680 1528 2733 saepius
1550 2679 1593 2720 in
1615 2679 1692 2720 hoc
1714 2681 1895 2722 carmine

447 2744 667 2796 genetivos
696 2757 772 2798 per
803 2746 845 2786 ei
869 2745 1046 2799 scriptos
1078 2745 1235 2800 fuisse,
1258 2745 1371 2798 quod
1394 2745 1555 2787 librarii
1577 2758 1631 2787 ne
1653 2745 1725 2787 ubi
1754 2758 1894 2788 neces-

445 2810 600 2851 sarium
631 2811 800 2864 quidem
832 2811 885 2852 sit
914 2812 1085 2854 tulerint
1106 2843 1115 2854 .
1137 2813 1363 2868 unquentez'
1379 2825 1401 2854 e
1421 2812 1613 2865 vestigiis
1640 2812 1893 2869 agnovimus

444 2876 570 2928 paulo
593 2882 715 2931 ante,
739 2877 821 2918 222
843 2910 852 2918 .
875 2882 1057 2920 ceterum
1078 2878 1146 2920 hic
1175 2882 1301 2932 poe'ta
1330 2879 1539 2921 vocalium
1570 2878 1895 2921 contractionem

445 2953 497 2983 ea
529 2943 691 2985 ratione
723 2944 881 2986 evitare
911 2957 995 2986 non
1026 2945 1184 2999 potuit,
1217 2958 1302 2998 qua
1331 2944 1513 2988 Serenus
1540 2942 1787 2988 Samonicus
1810 2945 1892 2986 966
