2040 3328
845 242 867 285 I
1546 243 1602 287 45

117 359 227 403 ratio
257 358 446 402 absurde
466 357 652 401 ‘inversa
689 360 755 400 est
792 356 873 398 hoc
911 354 1038 398 modo
1061 388 1070 410 ‚
1110 355 1159 396 In
1200 355 1329 398 rebus
1368 358 1603 398 extremum

116 427 317 484 quodque
347 427 550 481 quoniam
580 425 627 468 id
656 429 721 468 est
745 424 858 479 quod
881 425 1028 466 oculos
1051 422 1228 477 effugit,
1262 423 1359 465 ideo
1390 423 1434 464 id
1467 429 1602 466 extre-

115 509 230 539 mum
251 495 471 538 minimum
493 499 558 538 est
579 498 620 537 ct
641 494 732 536 sine
763 492 959 549 partibus
979 525 987 533 .
1011 504 1113 545 ergo
1145 491 1189 533 in
1212 492 1411 548 quoniam
1433 497 1602 534 senten·

115 565 178 608 tia
205 564 402 607 laborat.
423 567 651 620 praeterea
680 562 801 604 illius
831 573 886 603 ne
917 561 960 602 in
992 560 1072 602 hac
1102 573 1308 615 perversa
1336 559 1506 614 quidem
1539 574 1602 603 ar-

115 632 434 688 gumentatione
466 631 608 674 locum
639 630 799 684 habet,
833 628 910 671 sed
942 628 1069 670 debet
1090 641 1186 670 esse
1207 627 1321 670 illud
1347 628 1408 682 (et
1434 628 1604 684 scripsit

113 701 227 745 illud
241 699 513 744 Eiehstadius
531 733 541 756 ,
563 699 797 756 Lambinus
819 696 1014 754 aliquod)
1032 712 1045 738 .·
1072 710 1171 738 nam
1197 698 1387 752 corporis
1402 698 1522 739 illius
1542 698 1603 740 ita

115 769 415 826 accipiendum
448 782 543 812 esse
563 772 610 810 ut
631 769 685 810 sit
707 768 796 809 eius
816 775 995 808 naturae
1011 798 1021 819 ,
1055 771 1338 807 commentum
1370 770 1435 808 est
1457 767 1603 809 Forbi-

114 851 219 893 gero
250 839 343 881 solo
375 837 554 891 dignum
583 869 592 878 .
620 835 723 877 mihi
756 834 863 876 nihil
895 834 1064 876 facilius
1094 834 1265 876 videtur
1295 847 1423 889 quam
1454 849 1599 878 veram

113 907 368 950 sententiam
399 906 492 948 sine
527 903 783 958 ambagibus
816 902 1015 956 efficere,
1047 902 1128 944 hoc
1148 902 1276 944 modo
1300 935 1310 945 .
1345 905 1449 945 Tum
1470 921 1600 960 porro

114 988 346 1022 QUIANAM
376 983 436 1017 est
465 982 697 1016 eoetre‘mum
731 971 922 1030 quodque
945 987 1141 1013 cacumen
1167 970 1366 1026 Corporis
1395 987 1599 1027 ULLIUs,

113 1042 229 1100 quod
245 1043 384 1086 ‘nostri
399 1058 568 1084 cernere
588 1057 735 1083 sensus
752 1040 847 1081 Iam
864 1039 1101 1096 nequeunt?
1122 1038 1415 1096 Quapropter,
1440 1042 1598 1095 inquit,

113 1111 159 1154 in
189 1111 280 1153 ulla
311 1123 358 1153 re
390 1122 598 1166 corporea
630 1113 820 1152 extrema
856 1121 1052 1163 quaeque
1082 1121 1184 1163 pars
1214 1112 1278 1150 est
1308 1122 1435 1163 quam
1468 1111 1602 1153 oculis

115 1179 362 1235 conspicere
392 1192 477 1221 non
511 1177 777 1233 possumus?
808 1176 857 1218 id
884 1178 935 1218 'm'
959 1177 1113 1218 ‘mirum
1145 1178 1234 1219 sine
1260 1179 1458 1234 partibus
1489 1188 1603 1221 eoetat

113 1249 171 1290 Et
198 1249 378 1290 ‘minima
409 1255 570 1289 constat
598 1255 755 1288 natura
772 1277 781 1286 .
802 1250 989 1286 ceterum
1021 1246 1222 1300 quianam
1253 1247 1410 1289 multos
1442 1247 1602 1290 dixisse

113 1319 282 1359 constat
303 1348 312 1371 ,
336 1315 548 1358 Naevium
567 1346 576 1368 ‚
600 1314 824 1367 Plautum,
849 1313 1060 1367 Ennium,
1083 1313 1260 1356 Accium
1282 1315 1326 1356 in
1349 1315 1600 1359 Phoenissa-

111 1397 204 1426 rum
235 1383 441 1438 exordio,
475 1382 708 1436 Vergilium
727 1414 736 1423 .

225 1453 322 1496 606.
353 1465 591 1494 NATURAM
613 1464 865 1492 conpoms
887 1465 1078 1491 EXPLET
1096 1483 1104 1492 .
1125 1452 1421 1506 Antiquissimi
1441 1466 1599 1496 correc-

110 1524 226 1564 tores
255 1535 472 1562 nxpnnm·
494 1553 503 1563 .
663 1514 674 1527 “

224 1590 321 1633 608.
369 1590 612 1632 HAERERE
656 1603 793 1630 UNDE
836 1602 1037 1634 QUEANT
1086 1602 1209 1630 ULLA
1254 1603 1471 1630 RATIONE
1517 1605 1597 1630 RE-

110 1672 264 1700 VELLI
287 1691 297 1702 .
329 1658 553 1702 eorrector
590 1657 790 1713 quadrati
820 1666 866 1699 ut
895 1667 1100 1714 nequeam
1127 1691 1136 1700 .
1174 1658 1329 1700 melius
1360 1659 1459 1700 Itali
1490 1659 1600 1702 made

110 1736 266 1784 queant
293 1741 470 1769 NULLA
491 1760 502 1770 .

225 1796 323 1839 611.
370 1796 481 1838 Nos
511 1809 574 1836 Ex
604 1807 828 1836 ILLORUM
851 1826 860 1836 .
894 1794 1064 1851 Optime
1096 1796 1302 1838 Marullus
1334 1811 1597 1839 rLLonuM.

225 1865 321 1907 613.
371 1878 542 1912 NEQUE
574 1877 788 1905 mmmm
820 1878 915 1905 TAM
939 1897 948 1906 .
972 1864 1197 1907 Com-ector
1229 1865 1405 1919 oblongi
1436 1880 1521 1906 ΙΑΜ
1545 1899 1554 1908 .

223 1934 320 1976 619.
366 1948 502 1980 Quon
533 1949 674 1975 nscm-
698 1967 706 1976 .
729 1933 799 1976 Sic
821 1933 1057 1988 quadratus
1080 1937 1120 1974 et
1141 1933 1353 1987 schedae,
1385 1933 1597 1988 oblongus

110 2001 210 2043 escit
225 2017 238 2043 :
269 2000 395 2044 huius
416 2007 630 2044 corrector
651 2012 754 2045 esset
775 2035 785 2045 .
808 2016 926 2048 Qum
948 2001 1110 2056 primus
1131 2001 1338 2044 Marullus
1356 2035 1365 2057 ,
1395 2005 1494 2044 escit
1514 2003 1595 2058 pri-

108 2081 204 2111 mus
233 2070 435 2125 probavit
467 2070 701 2112 Lambinus
720 2102 729 2112 .

225 2137 322 2180 625.
365 2138 463 2181 626.
509 2153 700 2179 EXTENT
742 2139 809 2181 ΕΤ
849 2152 1030 2180 MINIMA
1076 2151 1327 2179 CONSTANT
1366 2153 1593 2181 NATrRA.

107 2204 316 2249 Marullus
347 2220 598 2249 CONSTENT
622 2240 631 2249 .

223 2274 320 2317 628.
351 2289 395 2316 ει
425 2289 633 2316 MINIMAS
658 2308 666 2317 .
689 2275 785 2318 631.
818 2289 948 2322 QUAE
980 2290 1185 2317 NULLIS.
1218 2275 1329 2318 Vere
1361 2276 1593 2319 Lambinus

107 2356 159 2383 NI
185 2343 385 2385 mim’mas
419 2348 460 2386 et
490 2360 598 2400 quae
627 2358 807 2386 MULTIS
838 2355 935 2387 sunt
952 2346 1148 2402 partibus
1175 2354 1299 2387 aucta
1324 2378 1331 2386 .
1355 2345 1398 2386 in
1429 2360 1486 2399 11,
1510 2346 1593 2388 489
1649 2373 1658 2381 ·

107 2411 174 2453 Ne
203 2411 412 2468 quaedam
441 2412 633 2467 (semina
663 2412 788 2463 dicit)
821 2430 946 2470 009113
979 2414 1144 2455 inmani
1168 2415 1432 2455 maaez7n22'tate
1464 2415 1595 2467 Esse,

107 2495 241 2536 supra
270 2480 387 2537 quod
413 2482 499 2523 iam
531 2481 659 2523 docui
684 2498 766 2524 non
795 2481 920 2538 po‘sse
947 2483 1155 2539 probari.
1188 2483 1352 2524 scilicet
1389 2482 1453 2524 his
1490 2482 1594 2537 ipsis

106 2548 330 2604 versibus,
361 2562 500 2604 neque
531 2550 636 2592 alibi
662 2582 671 2591 .

221 2617 318 2660 634.
363 2632 457 2659 PER
502 2632 628 2665 QUAS
666 2632 754 2659 RES
790 2632 1026 2665 QUAEQUE
1064 2633 1315 2659 GERUNTUR
1344 2651 1352 2659 .
1387 2618 1593 2659 Marullus

107 2683 340 2738 prudenter
371 2687 543 2742 scripsit
568 2703 648 2743 per
679 2701 837 2742 QUAE,
870 2692 915 2729 ut
946 2692 1010 2730 est
1040 2687 1085 2728 in
1116 2701 1172 2737 11,
1197 2687 1275 2728 727
1302 2720 1310 2729 .
1344 2686 1499 2728 falsum
1532 2691 1595 2728 est

107 2751 223 2805 quod
253 2752 447 2796 fecerunt
475 2755 601 2810 Itali,
628 2772 709 2811 per
739 2772 866 2811 quos,
898 2756 1094 2810 quamvis
1117 2768 1144 2796 a
1164 2754 1432 2797 Wakefieldo
1463 2768 1593 2810 appo-

107 2819 234 2862 situm
266 2821 470 2875 parasitis
501 2823 740 2878 placuerit.

222 2888 320 2931 639.
366 2889 564 2932 Cunus
611 2905 873 2933 OBSCURAM
920 2904 1141 2932 LINGUAM
1181 2922 1189 2931 .
1244 2890 1372 2946 Apud
1418 2891 1593 2934 Festum

106 2969 148 3012 p.
171 2956 252 3000 261
274 2990 284 3012 ,
307 2958 333 3000 9
377 2971 438 2998 ΟΒ
475 2959 719 3015 obscuram,
758 2964 799 3002 et
835 2964 1048 3002 corrector
1088 2958 1264 3013 oblongi
1295 2961 1342 3002 οἵ)
1372 2977 1590 3003 osam-am.

106 3024 207 3068 hine
237 3026 442 3070 Horatius
474 3027 595 3070 duxit
624 3027 756 3083 illud,
791 3028 945 3071 Clarus
976 3029 1023 3071 ob
1055 3028 1104 3070 ‘id
1119 3029 1289 3084 factum
1307 3062 1315 3071 .
