2040 3328
362 238 443 279 246
1067 235 1125 276 IV

364 347 498 389 Farez'
508 379 519 400 ,
543 350 687 388 contra
704 346 854 387 Lucilii
875 345 1062 397 regulam
1083 347 1221 385 autem
1241 342 1372 386 dativi
1389 343 1471 385 duo
1489 377 1497 398 ,
1521 345 1787 387 Herculez'bb
1805 377 1815 399 ,

368 414 445 466 13,
469 414 553 455 mei
576 413 641 465 77,
664 413 689 453 3
720 412 796 466 (ita
824 412 908 453 mei
931 412 1079 452 misero
1109 409 1152 451 in
1180 409 1308 452 Novii
1336 423 1461 452 versu
1491 410 1604 465 apud
1634 411 1817 454 Nonium

365 494 406 534 p.
429 479 622 533 336,13,
644 479 803 532 meique
833 477 876 518 in
906 476 1118 519 Ciceronis
1150 475 1205 518 ad
1235 476 1418 518 Atticum
1447 477 1718 531 epistularum
1746 492 1816 532 x11,

369 546 432 599 13,
450 546 476 586 2
497 578 505 595 ,
533 546 617 586 mei
632 553 773 586 auctor
793 560 835 586 es
854 557 939 597 xm,
960 542 1027 597 40,
1050 543 1076 584 2
1099 557 1109 597 3
1136 555 1389 597 quamquam
1408 543 1520 585 haud
1540 544 1626 585 scio
1647 557 1702 586 an
1721 557 1816 599 pro-

367 612 539 654 nomina
567 610 811 665 personalia
840 610 1025 652 Lucilius
1056 610 1297 664 exceperit:
1330 614 1441 652 certe
1469 610 1576 652 siben*
1590 610 1633 651 in
1653 623 1686 652 s.
1708 623 1742 652 c.
1765 610 1818 653 de

367 677 703 721 Bacchanalibus
732 677 912 731 legitur,
934 689 1011 718 nec
1030 676 1228 730 Nigidius
1248 676 1485 731 discrepat,
1507 676 1578 730 qui
1597 677 1819 732 scripsisse

367 745 535 788 videtur
564 751 646 786 mei
674 743 896 796 genetivo,
917 743 1019 785 miei
1043 742 1232 797 dativo),
1254 739 1439 796 genetivi
1468 741 1582 797 apud
1613 742 1819 785 Catullum

368 812 607 866 complura,
631 811 696 864 28,
713 809 740 852 5
770 810 963 851 Romulei
978 810 1177 864 Remique
1191 842 1203 863 ,
1224 810 1290 863 61,
1308 810 1389 852 206
1415 809 1601 864 pulveris
1629 809 1797 865 Afrz'cei
1807 843 1819 864 ‚

369 878 434 932 63,
452 880 503 920 91
527 878 693 920 domina
712 875 943 932 Dindymei
956 907 966 928 ,
993 875 1059 930 64,
1076 875 1157 917 278
1188 891 1208 918 e
1236 877 1383 918 vertice
1402 875 1543 929 Pelei,
1563 875 1630 930 65,
1649 875 1701 917 14
1716 877 1821 931 fata

369 961 533 1002 {semem
552 943 681 999 Itylei
693 973 703 984 .
724 954 979 996 quamquam
1008 941 1113 984 haec
1143 955 1195 984 ex
1224 954 1307 983 uno
1338 941 1629 995 antiquissimo
1650 942 1794 986 codice
1809 975 1820 997 ,

369 1012 440 1065 qui
477 1014 574 1053 ante
610 1009 733 1051 finem
770 1008 927 1050 saeculi
962 1008 1099 1061 quarti
1138 1007 1287 1050 decimi
1323 1009 1366 1049 in
1403 1008 1510 1050 alios
1546 1009 1821 1063 transcriptus

369 1091 454 1119 non
499 1076 625 1118 fuerit
653 1107 662 1129 ,
694 1075 885 1117 derivata
926 1086 1020 1116 esse
1060 1073 1193 1116 doctis
1235 1086 1364 1127 aegre
1408 1074 1680 1129 persuadeo:
1712 1079 1822 1118 certe

369 1145 437 1186 vel
469 1143 512 1185 O.
534 1143 579 1184 F.
603 1142 868 1184 Hermannus
898 1153 1029 1195 nuper
1059 1153 1224 1182 versum
1254 1140 1464 1194 quendam
1486 1141 1638 1184 Catulli
1658 1141 1822 1195 64,109

370 1211 429 1252 ita
459 1210 654 1252 tractavit
682 1213 726 1250 ut
755 1208 982 1250 editionem
1011 1219 1148 1248 meam
1178 1220 1405 1261 numquam
1426 1207 1583 1250 vidisse
1605 1208 1822 1252 videatur.

370 1279 413 1319 in
450 1275 631 1318 Lucretii
668 1288 793 1318 versu
832 1273 1034 1316 Marullus
1074 1274 1240 1328 scripsit
1269 1276 1422 1330 species
1458 1290 1562 1330 quae
1597 1275 1824 1317 transvolat

371 1345 526 1396 omnis,
547 1354 685 1395 neque
705 1342 931 1396 quisquam
958 1344 1054 1395 post
1083 1352 1178 1382 eum
1209 1356 1317 1396 qua,
1341 1341 1453 1395 quod
1483 1340 1578 1382 libri
1599 1340 1822 1395 exhibent,

371 1410 550 1452 restituit
577 1441 585 1450 .
616 1408 718 1450 mihi
755 1399 857 1450 nihil
887 1407 1055 1449 obstare
1085 1406 1252 1450 videtur
1282 1419 1364 1461 quo
1394 1407 1532 1449 minus
1562 1408 1663 1450 illac
1691 1417 1823 1449 travo-

372 1478 459 1518 Zare
480 1476 640 1518 dicatur
661 1475 822 1529 species
844 1506 853 1516 .
880 1474 941 1515 ita
969 1474 1013 1515 in
1041 1487 1097 1528 VI,
1114 1473 1196 1516 349
1212 1474 1500 1529 foraminibus
1520 1473 1705 1529 liquidas
1723 1474 1826 1530 quia
1892 1495 1901 1505 -

372 1544 597 1585 transvolat
626 1542 765 1597 zqu's,
793 1541 866 1582 ubi
896 1541 1007 1582 male
1035 1540 1132 1582 libri
1162 1541 1363 1583 transviat
1379 1571 1389 1581 .

483 1609 579 1652 603.
608 1622 781 1661 PAnrrs
802 1621 848 1648 m
870 1620 1058 1648 cuncrA
1079 1639 1089 1649 .
1111 1607 1330 1650 Corrector
1351 1607 1573 1663 quadrati,
1594 1606 1824 1661 Antonius,

372 1675 604 1718 Brixiensis
627 1707 637 1730 ,
665 1687 880 1716 CUNCTAS
903 1706 911 1715 .

484 1741 578 1784 604.
611 1755 894 1782 GIGNUNTUR
915 1774 924 1790 ‚
956 1753 1106 1782 UBINA
1136 1741 1390 1781 DISSILUIT
1421 1754 1573 1781 51111111,
1594 1771 1604 1781 .
1637 1739 1825 1790 Quadra-

371 1814 438 1851 tus
458 1808 670 1850 Dz'ssuluit
693 1839 701 1849 .
729 1809 852 1850 huius
874 1811 1081 1849 corrector
1099 1807 1175 1848 ubi
1189 1820 1282 1847 UNA
1304 1839 1314 1857 ,
1341 1806 1454 1860 quod
1475 1806 1587 1849 idem
1616 1810 1712 1861 post
1731 1819 1825 1848 eum

372 1875 575 1918 Lambino
596 1874 753 1928 placuit
774 1906 783 1915 .
812 1874 948 1916 minus
969 1874 1076 1915 bene
1093 1873 1294 1915 Marullus
1315 1873 1389 1914 ubi
1403 1874 1487 1915 iam
1509 1905 1519 1916 .
1547 1873 1644 1915 Itali
1665 1877 1706 1915 et
1725 1872 1826 1914 olim

373 1942 566 1997 impressi
600 1942 675 1982 ubi
699 1957 795 1982 nam
816 1972 826 1982 .
853 1953 906 1982 ne
941 1939 1020 1982 hoc
1055 1939 1224 1994 quidem
1255 1939 1518 1981 Wakefieldo
1555 1939 1680 1982 nimis
1715 1939 1826 1981 insa-

372 2023 471 2051 num
505 2009 639 2050 visum
676 2011 739 2049 est
765 2039 774 2061 ,
807 2007 999 2060 quamvis
1030 2007 1378 2049 constructionem
1411 2010 1625 2061 pervertat
1650 2038 1660 2060 ,
1692 2018 1827 2060 neque

373 2080 472 2118 ante
499 2075 706 2117 Catullum
727 2074 959 2128 Vergilium
979 2074 1197 2116 Horatium
1227 2090 1324 2115 nam
1352 2074 1688 2116 coniunctionem
1715 2073 1827 2126 quis-

373 2156 498 2197 quam
528 2141 628 2183 alibi
660 2154 786 2195 quam
816 2142 861 2182 in
891 2141 984 2195 ipso
1015 2141 1248 2183 sententiae
1277 2140 1394 2182 initio
1419 2140 1634 2195 posuerit.
1654 2152 1752 2182 nam
1774 2139 1828 2181 de

374 2210 511 2251 Plauti
551 2221 676 2250 versu
711 2208 781 2261 (1111
812 2211 875 2249 est
904 2208 946 2248 in
976 2207 1106 2249 Milite
1133 2221 1188 2261 ιν,
1211 2209 1249 2260 9,
1273 2208 1299 2248 2
1329 2207 1496 2249 Handio
1527 2207 1572 2248 111
1600 2205 1826 2248 Tursellini

373 2281 485 2318 tomo
506 2289 548 2314 1v
573 2288 613 2328 p.
632 2275 658 2316 3
680 2274 873 2316 codicum
903 2274 1136 2328 scripturae
1165 2273 1411 2316 adhaerenti
1441 2273 1612 2316 credere
1641 2286 1716 2327 per
1745 2285 1828 2314 me·

367 2343 481 2384 *tium
512 2354 596 2382 non
623 2341 747 2382 licet:
769 2344 908 2394 potest
928 2340 1052 2382 scribi
1079 2341 1210 2396 qu‘
1190 2357 1274 2383 zam
1294 2341 1378 2382 iam
1408 2341 1642 2382 conveniam
1670 2339 1800 2381 illunc
1814 2371 1825 2393 ,

374 2411 448 2451 ubi
473 2410 548 2450 ubi
573 2416 630 2450 est
655 2409 869 2462 qentzQum
891 2407 945 2449 de
975 2407 1171 2449 Dirarum
1200 2410 1338 2449 autem
1367 2407 1596 2461 scriptore,
1618 2405 1735 2447 cuius
1764 2409 1829 2447 est

378 2475 456 2517 115
485 2475 619 2516 Dulci
640 2490 815 2529 namque
836 2483 959 2515 tumet
971 2506 982 2527 ‚
1005 2474 1210 2516 Merkelio
1231 2477 1272 2516 et
1294 2473 1478 2527 Hauptio
1499 2472 1732 2526 assentior,
1754 2471 1827 2526 qui

375 2555 467 2584 eum
498 2541 685 2594 Vergilio
715 2553 860 2595 parem
891 2544 1029 2582 aetate
1059 2540 1245 2594 faciunt,
1267 2540 1375 2582 alter
1394 2539 1450 2581 ad
1470 2538 1563 2580 Ibin
1582 2552 1623 2593 p.
1640 2538 1723 2580 364
1738 2570 1749 2592 ,
1770 2538 1828 2580 al-

375 2614 437 2651 ter
458 2609 501 2650 in
523 2607 888 2650 observationibus
919 2607 1071 2648 criticis
1102 2621 1142 2662 p.
1162 2607 1215 2648 47
1239 2638 1249 2649 .
1279 2610 1500 2661 praeterea
1519 2604 1828 2648 observandum

375 2680 440 2718 est
468 2675 634 2717 Tibullo
666 2674 743 2716 hoc
772 2674 993 2728 probatum
1023 2687 1107 2715 non
1137 2674 1268 2716 fuisse
1290 2706 1300 2727 ,
1321 2674 1366 2715 in
1396 2673 1512 2715 cuius
1531 2672 1637 2714 libro
1657 2685 1700 2726 11,
1716 2671 1756 2725 4,
1777 2671 1828 2713 12

375 2744 418 2784 111
440 2742 646 2795 excerptis
667 2740 974 2782 Parisiensibus
1005 2744 1069 2782 est
1097 2741 1247 2783 Omnia
1275 2756 1408 2793 nunc,
1429 2752 1515 2781 non
1535 2738 1684 2781 Omnia
1702 2753 1800 2779 nam
1815 2769 1826 2779 .

376 2809 619 2863 Lygdamus
658 2820 758 2850 vero
795 2807 838 2848 in
874 2806 952 2848 hoc
990 2811 1034 2848 ut
1067 2808 1111 2849 in
1141 2808 1237 2849 aliis
1267 2820 1294 2849 a
1322 2806 1490 2848 Tibullo
1521 2803 1694 2847 differt:
1722 2803 1827 2846 dixit

377 2876 487 2916 enim
506 2875 545 2928 4,
567 2875 621 2916 43
651 2883 761 2916 casto
791 2890 886 2915 nam
916 2875 993 2916 rite
1014 2881 1160 2930 po‘e‘tae
1178 2906 1187 2915 .
