2040 3328
458 197 536 240 104
1152 201 1192 242 II

455 323 610 351 morem
642 324 759 352 suum
791 315 938 352 tenens
969 311 1210 365 “utrasque:
1238 323 1388 364 nempe
1419 316 1686 366 tempestates
1705 313 1735 352 .'
1766 313 1894 355 nihilo

455 377 592 418 minus
622 377 735 418 idem
765 376 1078 430 Wakefieldus,
1111 375 1341 430 ‘superflua
1376 378 1627 420 coniectura'
1662 383 1704 420 ut
1734 378 1897 422 videtur

455 444 684 497 Forbigero
702 476 711 498 ,
730 443 992 485 verissimum
1014 442 1215 484 iudicavit
1235 443 1454 498 scripsisse
1470 447 1636 498 poetam
1654 446 1768 487 Inter
1783 455 1894 487 utra-

457 526 534 565 que
554 512 688 552 iacent
703 543 714 563 ,
746 509 791 550 ‘i.
809 522 845 551 e.
867 509 1120 551 Interiacent
1141 521 1192 550 ex
1214 513 1391 563 utraque
1410 515 1529 564 parte
1548 511 1575 551 .’
1608 513 1678 565 qui
1699 511 1897 566 quoniam

457 576 720 630 Lucretium,
753 580 798 617 ut
818 575 934 628 dixi,
966 587 1193 630 numquam
1213 575 1400 628 legerat,
1433 576 1540 618 hanc
1569 579 1719 626 tmesin
1749 579 1898 621 ceteris

457 657 531 685 sex
548 644 653 685 locis
670 675 679 697 ,
702 643 852 696 quibus
871 644 977 684 inter
994 651 1190 697 utrasque
1211 642 1409 696 scriptum
1432 646 1546 684 extat
1566 643 1643 698 (111,
1660 644 1740 687 306
1763 659 1799 700 v,
1815 645 1898 687 472

456 710 538 752 476
555 710 635 752 839
657 724 713 764 vl,
731 710 813 752 362
832 709 982 762 1062),
1005 722 1088 750 non
1115 709 1338 751 convenire
1359 709 1607 762 ignorabat.
1629 714 1674 752 at
1692 711 1769 754 hoc
1789 714 1900 754 certe

457 776 603 819 videre
631 781 820 831 poterat,
858 789 911 817 ne
946 775 1013 816 hic
1043 775 1212 828 quidem
1242 784 1415 831 utraque
1443 776 1580 818 locum
1607 777 1789 831 habere,
1817 777 1900 819 nisi

458 845 641 899 quinque
672 843 784 884 orbis
815 847 1020 884 terrarum
1051 854 1179 883 zonas
1208 841 1442 897 fingamus,
1483 843 1536 885 de
1572 843 1722 897 quibus
1752 843 1900 886 Lucre·

457 911 540 952 tius
561 910 663 952 nihil
685 922 860 963 usquam
883 909 1017 950 dixit.
1046 918 1219 963 utraque
1241 909 1377 963 enim,
1409 909 1462 951 de
1482 922 1563 963 quo
1595 914 1741 963 agetur
1770 910 1826 952 ad
1854 910 1900 951 li-

458 979 579 1019 brum
600 991 654 1030 v1,
671 977 751 1018 517
771 1009 780 1030 ,
803 976 968 1018 Nonius
995 979 1106 1017 recte
1127 975 1424 1029 interpretatur
1444 978 1649 1032 utrimque
1668 977 1733 1018 vel
1751 977 1900 1018 utrobi-

459 1061 561 1100 que,
593 1043 783 1097 quamvis
814 1041 974 1084 librarii
1004 1054 1136 1096 prope
1168 1042 1336 1094 singula
1365 1042 1455 1084 eius
1484 1043 1615 1084 verba
1643 1043 1902 1097 corruperint

459 1111 501 1152 in
518 1111 626 1151 hunc
641 1110 828 1163 modum,
856 1109 1148 1163 Utrasquepro
1165 1109 1368 1163 utrimque
1384 1109 1448 1150 vel
1462 1117 1665 1164 utrosque,
1682 1123 1722 1163 p.
1737 1109 1826 1161 183,
1835 1109 1900 1150 22.

460 1177 535 1219 sed
567 1176 758 1218 versibus
789 1174 1052 1216 Lucretianis
1090 1174 1469 1216 commodissimum
1499 1179 1563 1216 est
1592 1177 1902 1217 lui-unums-

461 1260 486 1290 Q
496 1259 553 1285 ΗΕ
568 1245 712 1297 iacent,
727 1242 825 1283 item
842 1242 1130 1296 Interam-aque
1146 1242 1275 1295 {qitur
1287 1257 1378 1282 cum
1393 1242 1502 1282 caeli
1513 1250 1694 1297 tempora
1709 1251 1904 1295 constant,

460 1312 741 1365 imm-utraque
771 1310 830 1350 aa
859 1316 953 1349 suut
970 1340 979 1358 ‚
1002 1310 1043 1348 et
1073 1311 1213 1348 cetera
1242 1307 1432 1349 similiter
1453 1339 1463 1349 .
1487 1321 1538 1350 ex
1570 1321 1619 1350 eo
1641 1322 1797 1362 genere
1816 1308 1904 1350 vul-

461 1378 582 1432 garia
603 1380 699 1418 sunt
719 1384 839 1417 antea
854 1407 865 1428 ,
883 1383 1024 1430 postea
1039 1406 1050 1427 7
1072 1375 1226 1416 interea
1241 1406 1252 1427 7
1265 1383 1484 1429 praeterea
1499 1406 1509 1427 ,
1527 1384 1747 1430 propterea
1762 1408 1772 1428 ,
1794 1383 1903 1417 ante-

461 1447 536 1487 hae
551 1477 561 1498 ,
571 1444 744 1500 posthae
761 1457 773 1483 .·
796 1445 837 1483 et
858 1441 974 1482 fuere
996 1440 1094 1482 olim
1109 1441 1232 1495 plura
1249 1472 1258 1494 ,
1274 1444 1319 1481 ut
1329 1441 1577 1496 praeterhac
1591 1473 1602 1494 ,
1617 1442 1813 1496 postilla,
1831 1441 1903 1483 ad-

460 1527 623 1553 versum
653 1525 726 1551 ea.
745 1507 824 1550 hoc
854 1507 966 1562 quod
995 1507 1139 1548 ultimo
1170 1507 1262 1548 loco
1283 1508 1404 1561 posui
1433 1506 1585 1560 legitur
1612 1508 1656 1548 in
1687 1507 1821 1549 edicto
1852 1506 1905 1549 de

462 1575 798 1619 Bacchanalibus
814 1574 894 1629 24,
916 1575 981 1616 sei
1006 1590 1104 1630 ques
1135 1583 1243 1616 esent
1272 1575 1372 1629 quei
1396 1589 1610 1615 arvorsum
1631 1574 1712 1616 ead
1724 1574 1907 1630 fecisent

462 1660 586 1700 quam
615 1642 777 1699 suprad
804 1642 1002 1697 scrvjptum
1033 1649 1090 1682 est
1116 1672 1126 1681 .
1152 1643 1296 1695 poste'a
1316 1643 1542 1695 propterea
1572 1643 1613 1682 et
1641 1645 1780 1683 cetera
1808 1652 1907 1694 quo-

462 1724 560 1752 nam
591 1713 765 1752 accentu
794 1707 1048 1762 proferenda
1078 1707 1162 1749 sint
1190 1707 1291 1748 sciet
1311 1707 1382 1760 qui
1402 1710 1566 1748 veteres
1587 1707 1688 1748 ade'o
1719 1706 1906 1748 secunda

463 1780 585 1818 acuta
615 1775 771 1817 dixisse
802 1789 824 1816 e
854 1774 987 1816 Paulo
1018 1774 1195 1815 diacono
1227 1773 1420 1815 didicerit
1447 1786 1487 1827 p.
1513 1774 1563 1815 16
1581 1805 1590 1814 .

574 1843 668 1885 520.
701 1844 879 1883 ANCIPI
909 1854 1129 1886 QUONIAM
1158 1853 1401 1882 Mucnom.
1425 1839 1520 1881 Itali
1540 1844 1581 1881 et
1600 1839 1793 1894 impressi
1814 1839 1906 1880 Au-

464 1925 638 1964 01P1T1,
660 1913 706 1951 ut
725 1909 768 1950 in
789 1923 844 1961 v1,
862 1909 941 1950 377
962 1941 971 1950 .
989 1923 1178 1950 mucrone
1192 1907 1351 1962 primus
1367 1906 1566 1948 Marullus
1584 1939 1593 1960 ,
1611 1910 1654 1948 ut
1669 1907 1712 1947 in
1729 1920 1766 1960 V,
1787 1906 1906 1948 1274.

462 1979 623 2020 rationi
633 1981 806 2029 uterque
828 1975 962 2016 codex
983 1975 1026 2016 in
1046 1989 1100 2030 v1,
1119 1975 1172 2016 66
1190 2007 1199 2027 ,
1231 1974 1461 2028 quadratus
1491 1973 1627 2014 minus
1649 1977 1759 2014 recte
1785 1973 1828 2013 in
1847 1986 1907 2026 111,

463 2045 517 2086 74
538 2049 634 2086 ante
654 2043 844 2085 vocalem
865 2043 1033 2085 brevem
1055 2045 1096 2084 et
1115 2041 1242 2096 plane
1262 2041 1412 2082 vitiose
1433 2041 1476 2081 in
1497 2054 1524 2094 1,
1549 2040 1652 2082 1081
1677 2071 1687 2080 .
1708 2040 1752 2081 in
1773 2038 1908 2081 edicto

463 2111 516 2153 de
538 2109 870 2151 Bacchanalibus
899 2122 1025 2151 versu
1045 2109 1100 2149 22
1128 2110 1173 2149 iu
1203 2106 1460 2150 coveutz'om‘d
1475 2138 1484 2147 .
1502 2106 1545 2147 in
1565 2107 1660 2160 lege
1682 2105 1840 2148 Thoria
1854 2104 1908 2146 23

463 2178 607 2234 quoz've
647 2177 698 2217 ab
734 2191 777 2218 eo
807 2175 995 2218 heredive
1031 2176 1118 2217 eius
1156 2176 1192 2216 is
1222 2191 1322 2230 ayer
1351 2175 1462 2215 loeus
1493 2181 1724 2215 testamento
1753 2170 1909 2213 heredi-

462 2245 542 2285 tati
558 2242 805 2284 deditiom've
825 2243 982 2284 obvenit
1001 2242 1249 2284 obveneritve
1266 2272 1275 2282 .
1291 2241 1336 2282 in
1357 2239 1540 2282 Servilia
1568 2252 1607 2293 p.
1630 2239 1681 2281 67
1714 2238 1764 2280 de
1792 2251 1907 2279 sanc-

463 2311 568 2353 tioni
592 2311 754 2351 Izoiusee
784 2309 911 2365 ἱεράς.
932 2309 975 2349 iu
1005 2308 1113 2349 Iulia
1143 2306 1382 2361 municipali
1403 2306 1456 2348 38
1482 2321 1561 2362 pro
1587 2306 1796 2361 portioni.
1853 2346 1871 2363 ⁶

574 2377 670 2420 521.
702 2376 796 2418 Hm
816 2389 1037 2416 FLAMMPS
1064 2389 1227 2415 ILLINC
1248 2386 1438 2414 monus
1458 2385 1654 2412 lui-assis
1682 2384 1879 2412 paunus
1898 2401 1908 2411 .

465 2442 704 2494 Quadratus
730 2443 881 2497 flamps
902 2445 943 2483 et
964 2440 1122 2496 reyidz's
1143 2472 1152 2482 .
1174 2441 1218 2482 in
1238 2439 1346 2481 libro
1367 2453 1422 2492 v1,
1445 2439 1526 2481 378
1557 2439 1679 2480 Hmc
1699 2451 1909 2478 usurus

463 2510 608 2552 illine.
630 2508 782 2551 deinde
812 2508 936 2561 Itali,
968 2508 1066 2549 item
1096 2506 1316 2560 impressi,
1346 2506 1457 2548 male
1486 2506 1680 2561 infensa:
1710 2504 1910 2546 Marullus

464 2578 625 2619 insessa
639 2607 651 2629 ‚
683 2575 795 2629 quod
817 2574 962 2615 dubito
985 2587 1039 2615 an
1069 2577 1154 2614 tam
1185 2574 1356 2627 antiquo
1379 2573 1569 2628 scriptori
1589 2584 1672 2613 non
1694 2571 1796 2613 satis
1818 2583 1911 2612 con-

463 2643 633 2685 veniat.
654 2645 765 2684 recte
787 2639 1016 2682 Lambinus
1037 2653 1240 2680 mensu
1266 2641 1463 2695 pruinis:
1493 2640 1635 2693 itaque
1665 2641 1791 2693 poeta
1819 2638 1912 2692 ipse

464 2708 615 2751 iisdem
646 2708 786 2750 verbis
816 2708 860 2749 in
891 2721 929 2760 v,
953 2708 1036 2749 760
1066 2707 1154 2748 loca
1170 2707 1357 2762 flammis
1378 2706 1530 2761 infesta
1546 2737 1555 2746 .
1576 2705 1655 2746 hoc
1674 2705 1803 2758 igitur
1822 2703 1912 2745 iure

463 2775 659 2830 probavit
689 2774 925 2816 Fridericus
955 2771 1134 2815 Iacobus
1165 2772 1220 2814 ad
1251 2775 1430 2816 Aetnam
1460 2786 1499 2827 p.
1524 2771 1602 2813 166
1620 2801 1629 2812 .

575 2842 670 2884 522.
701 2835 839 2892 Quoi)
862 2854 1085 2886 QUONIAM
1105 2853 1494 2892 DOCU1,PERGAM
1516 2851 1795 2879 cousensus
1815 2850 1910 2877 REM

465 2922 558 2956 Qui:
599 2909 670 2950 Ex
711 2922 804 2948 Hoc
841 2921 963 2950 ΑΡΤΑ
999 2920 1146 2947 rmum
1180 2919 1340 2947 DucAr
1368 2938 1377 2948 .
1415 2905 1630 2959 Oblongus
1666 2905 1732 2946 hic
1768 2903 1904 2957 ducit,
