2040 3328
373 289 422 330 18
1083 290 1103 331 Ι

369 403 409 440 et
437 400 525 440 alia
553 398 821 454 philosophia
841 399 1098 453 instructis),
1133 401 1352 455 eleyantem
1382 405 1519 443 tamen
1549 404 1593 443 in
1622 418 1699 444 sua
1727 419 1812 444 ma-

368 466 474 507 teria
502 479 594 508 esse
625 466 845 507 concedit:
874 465 987 507 solus
1014 465 1280 507 Eichstadius
1302 480 1341 520 p.
1359 481 1646 508 Lxxwrnxmx
1672 469 1714 510 in
1735 469 1812 510 hoc

367 536 519 586 poe'ta,
552 545 634 586 quo
665 532 823 573 nullum
853 531 933 573 sibi
961 545 1037 585 per
1069 532 1209 574 omnia
1238 533 1483 575 similiorem
1516 535 1720 589 cognovi,
1750 536 1812 576 in-

367 599 667 652 aequalitatem
696 598 909 651 quandam
937 602 977 639 et
998 597 1323 653 discrepantiam
1354 600 1552 643 orationis
1583 600 1811 655 deprehen-

367 665 452 720 dit,
475 666 587 707 unde
618 676 784 706 carmen
815 677 867 705 ex
898 665 1077 707 auctoris
1109 678 1234 707 manu
1265 667 1495 708 incohatum
1526 676 1562 709 et
1588 667 1691 709 rude
1719 680 1812 722 pro-

368 731 482 773 disse
519 745 654 785 neque
691 745 718 773 a
757 735 988 773 correctore
1035 733 1140 774 satis
1185 737 1425 774 constanter
1464 733 1692 786 expolitum
1733 733 1812 778 sibi

367 811 619 850 cognoscere
655 799 771 840 visus
808 803 897 852 est3
934 799 970 840 is
1007 798 1165 840 scilicet
1205 799 1277 852 qui
1307 812 1360 840 ne
1389 798 1615 841 manifesta
1644 799 1812 853 quidem

353 865 476 907 ‘recte
497 865 799 919 intellexisset,
829 869 875 906 ut
902 865 972 918 qui
1001 865 1270 917 coniungeret
1284 866 1397 907 ‘inter
1417 879 1462 908 se
1483 865 1588 907 haec
1607 866 1650 907 in
1670 880 1709 916 v,
1733 866 1812 908 118

362 947 444 986 par
465 948 549 973 esse
569 933 653 973 ritu
674 932 899 988 quantum
914 963 924 984 7
947 931 989 972 in
1010 945 1064 985 vx,
1086 932 1189 973 1067
1212 933 1481 989 sinyulariter
1499 948 1724 975 memorare
1738 965 1748 983 ‚
1769 932 1811 973 in

358 1011 394 1053 ⁹11
410 1031 419 1048 ‚
436 998 519 1040 402
549 1014 623 1040 ora
650 999 841 1041 centauri
866 1013 1012 1053 sapore
1033 1006 1299 1052 pertorquent
1322 1003 1362 1040 et
1383 999 1489 1041 alias
1517 1001 1707 1041 centauri
1716 999 1816 1055 feri

364 1073 518 1106 natura
537 1081 684 1120 sapore
700 1073 966 1119 pertorquent
985 1079 1059 1105 ora
1073 1096 1084 1117 7
1113 1064 1156 1105 in
1178 1078 1232 1115 VI,
1251 1065 1331 1106 238
1352 1065 1440 1107 vini
1460 1066 1542 1106 vim
1561 1065 1810 1107 mobiliorem

365 1131 445 1172 dici
477 1131 741 1185 opinaretur,
765 1135 806 1173 et
834 1130 877 1171 in
898 1144 940 1169 1v
958 1162 967 1179 ‚
990 1130 1072 1171 864
1099 1131 1304 1185 Zanyuz'da
1334 1131 1527 1172 anhelare
1546 1131 1613 1173 vel
1635 1143 1813 1185 corpora

362 1198 431 1239 vel
451 1197 663 1251 membra,
695 1198 738 1238 in
759 1211 831 1246 111,
854 1196 935 1238 683
957 1196 1140 1238 animam
1161 1213 1293 1239 cresse
1322 1199 1366 1239 in
1396 1198 1597 1253 sanquine
1623 1196 1734 1250 quod
1755 1197 1810 1238 ibi

363 1264 569 1317 potuisset
595 1280 757 1306 cernere
771 1297 782 1318 7
813 1264 856 1304 in
883 1278 930 1303 111
957 1268 1095 1305 autem
1116 1264 1138 1304 7
1145 1263 1196 1306 75
1225 1265 1369 1305 obruat
1397 1268 1565 1318 putaret
1593 1264 1736 1306 valere
1766 1263 1810 1304 id

363 1330 476 1384 quod
503 1335 676 1385 proruat
702 1335 742 1373 et
762 1345 818 1385 11,
845 1330 949 1371 1137
972 1346 1182 1386 proquam
1203 1343 1430 1386 perquam,
1463 1331 1561 1373 item
1581 1331 1626 1372 in
1646 1344 1704 1383 111,
1727 1330 1809 1372 569

361 1406 570 1439 moventur
600 1397 642 1438 id
674 1397 785 1451 quod
815 1401 1010 1451 movent,
1039 1397 1220 1450 denique
1242 1397 1286 1438 in
1307 1412 1321 1437 1
1338 1430 1348 1447 ‚
1369 1397 1450 1439 508
1482 1397 1640 1452 Corpus
1661 1413 1710 1438 ea
1732 1412 1811 1438 non

363 1474 420 1506 est
440 1465 500 1506 ita
520 1465 889 1519 interpretaretur,
913 1464 1073 1518 Corpus
1095 1467 1246 1505 natura
1267 1464 1346 1506 loci
1368 1477 1451 1505 non
1473 1468 1536 1505 est
1554 1494 1562 1504 .
1587 1463 1659 1505 sed
1685 1463 1810 1516 Berg—

362 1531 460 1572 kius
491 1545 592 1573 suae
623 1531 676 1573 de
707 1531 785 1572 hoc
812 1534 936 1585 poeta
956 1530 1188 1574 sententiae
1209 1534 1419 1572 auctorem
1441 1530 1493 1572 M.
1517 1530 1699 1571 Tullium
1719 1542 1809 1584 per-

364 1597 504 1651 hibet;
527 1597 639 1652 quod
662 1597 848 1652 profecto
870 1610 952 1639 non
975 1596 1157 1651 faceret,
1180 1597 1261 1638 nisi
1285 1596 1337 1638 ab
1360 1597 1455 1638 aliis
1476 1609 1662 1639 seorsum
1683 1608 1808 1649 quam

363 1664 608 1718 simpliciter
643 1665 828 1707 iudicare
867 1664 1114 1705 maluisset.
1144 1676 1241 1705 nam
1270 1663 1456 1704 Marcum
1491 1663 1678 1717 plerique
1716 1675 1809 1704 cum

362 1732 465 1772 haec
496 1731 551 1773 ad
582 1731 778 1782 Quintum
817 1731 987 1772 fratrem
1024 1731 1066 1772 in
1109 1730 1214 1771 libro
1245 1744 1275 1769 11
1303 1762 1311 1783 7
1348 1730 1394 1770 11
1427 1730 1649 1784 scripsisse
1679 1729 1807 1772 credi-

359 1798 543 1852 dissent,
566 1798 757 1841 Lucretii
763 1805 958 1854 poemata
978 1807 1022 1839 ut
1041 1798 1189 1839 scribis
1210 1798 1268 1838 ita
1289 1805 1382 1838 sunt
1396 1829 1407 1849 7
1429 1813 1510 1839 non
1530 1797 1668 1838 multis
1689 1796 1806 1838 lumi-

357 1866 477 1907 nibus
493 1866 655 1920 inqenii
660 1897 670 1918 7
686 1866 837 1907 multae
851 1874 984 1906 tamen
999 1865 1103 1905 artis
1113 1896 1124 1916 7
1141 1862 1287 1904 addita
1302 1862 1461 1904 scilieet
1476 1863 1605 1916 priori
1621 1862 1806 1904 membro

357 1932 544 1984 negandi
575 1932 806 1986 particula,
844 1944 969 1984 quam
1005 1930 1098 1972 libri
1130 1930 1355 1982 ignorant,
1395 1942 1418 1970 e
1448 1930 1657 1971 contraria
1687 1933 1806 1984 parte

358 1998 430 2039 ille
468 1998 692 2040 Cicerones
730 1998 923 2039 Lucretio
966 1998 1179 2050 ingenium
1223 1997 1480 2038 concessisse
1521 1996 1691 2049 statuit,
1731 1996 1806 2038 sed

358 2064 528 2107 eosdem
567 2066 610 2106 in
651 2078 700 2106 eo
741 2077 888 2118 parum
931 2064 1032 2105 artis
1070 2076 1162 2105 esse
1191 2063 1428 2104 iudicasse.
1452 2062 1564 2116 quod
1592 2063 1635 2104 in
1666 2064 1806 2105 Marco

358 2145 458 2173 sane
494 2131 731 2173 mirandum
767 2136 900 2182 esset,
940 2131 1094 2184 quippe
1126 2131 1194 2183 qui
1227 2131 1314 2172 eius
1345 2131 1446 2171 artis
1476 2143 1560 2183 qua
1592 2129 1806 2171 Lucretius

355 2199 485 2252 pollet
516 2212 568 2240 ne
598 2199 812 2239 minimam
842 2197 1009 2250 quidem
1037 2202 1198 2251 partem
1219 2198 1260 2238 in
1283 2197 1535 2238 carminibus
1566 2197 1652 2238 suis
1683 2196 1805 2238 adse-

357 2268 476 2307 cutus
498 2269 609 2306 esset
626 2297 634 2305 .
657 2268 802 2305 contra
822 2264 933 2305 idem
956 2277 1027 2305 cur
1048 2276 1183 2318 pauca
1204 2265 1365 2319 2'n9enz'z'
1382 2264 1539 2304 lumina
1560 2263 1602 2303 in
1623 2262 1805 2304 Lucretii

357 2332 544 2373 carmine
575 2331 944 2385 animadverterit,
976 2344 1059 2372 non
1080 2335 1217 2384 potest
1237 2330 1458 2371 obscurum
1489 2341 1606 2371 esse:
1639 2341 1735 2371 nam
1767 2329 1805 2370 ei

356 2399 514 2440 Ennius
536 2403 576 2440 et
597 2399 734 2440 Attius
756 2411 808 2440 ea
828 2410 872 2439 re
894 2398 1101 2453 z'nyeniosi
1117 2396 1389 2450 videbantur,
1422 2396 1534 2450 quod
1556 2395 1804 2438 oblectando

356 2465 554 2507 docerent
569 2470 609 2508 et
625 2465 775 2507 animis
791 2463 1010 2506 movendis
1029 2465 1285 2517 corrigerent
1301 2477 1437 2506 mores
1455 2496 1463 2504 .
1481 2476 1556 2518 pro
1569 2462 1742 2505 Murena
1751 2463 1806 2504 30

355 2533 517 2574 Etenim
548 2542 592 2574 ut
622 2534 681 2574 ait
710 2532 947 2586 inqeniosus
971 2538 1093 2586 poe'ta
1123 2539 1159 2573 et
1189 2539 1330 2572 auctor
1358 2530 1478 2572 valde
1509 2531 1634 2572 bonus
1648 2561 1659 2583 7
1686 2544 1803 2584 proe-

353 2599 423 2640 liis
447 2600 722 2655 promulgatis
750 2599 928 2639 Pellitur
958 2614 977 2639 e
1006 2597 1137 2640 medio
1168 2613 1248 2638 non
1278 2598 1408 2639 solum
1438 2598 1519 2638 ista
1547 2605 1683 2638 vestra
1711 2612 1799 2637 verr—

355 2666 451 2707 bosa
472 2667 680 2707 simulatio
696 2664 969 2720 prudentiae7
997 2663 1070 2704 sed
1097 2664 1218 2704 etiam
1243 2665 1338 2718 ipsa
1366 2664 1443 2705 illa
1473 2663 1639 2705 domina
1667 2678 1804 2704 rerum

353 2733 586 2787 sapientia,
615 2733 660 2773 vi
682 2733 843 2788 yeritur
870 2747 936 2771 res
955 2762 963 2770 .
994 2743 1069 2783 pro
1091 2730 1261 2772 Plancio
1283 2730 1336 2771 59
1369 2730 1482 2780 Quae
1511 2731 1679 2785 scripsit
1706 2745 1803 2784 qra-

352 2799 415 2840 vis
444 2799 516 2841 ille
548 2809 582 2841 et
612 2799 850 2854 inqeniosus
875 2803 1020 2852 poeta,
1053 2812 1133 2838 non
1163 2805 1208 2838 ut
1236 2797 1332 2837 illos
1362 2798 1497 2852 reyios
1522 2812 1700 2852 pueros,
1733 2795 1809 2851 qui

352 2866 437 2907 iam
466 2882 670 2921 nusquam
701 2873 818 2907 erant
832 2896 842 2917 7
874 2863 948 2905 sed
977 2872 1019 2904 ut
1047 2878 1120 2905 nos
1141 2871 1176 2905 et
1196 2871 1355 2905 nostros
1378 2864 1525 2905 liberos
1547 2863 1605 2905 ad
1623 2863 1803 2905 laborem

353 2941 389 2973 et
419 2932 478 2974 ad
506 2932 669 2974 laudem
700 2933 921 2973 eoecitaret.

467 2999 867 3040 14.ETRAP1D0s
1549 2997 1802 3037 16.T1=:SE—

1027 2999 1096 3041 15.
1120 2998 1242 3039 lum:
1263 3011 1385 3037 snm:
