2040 3328
367 182 445 224 198
778 246 781 248 v
1053 182 1117 223 III

364 297 485 348 runt,
507 293 718 346 Lucilius,
742 293 929 335 Catullus
947 324 956 346 ,
979 292 1165 346 Seneca,
1187 292 1340 346 Silius,
1362 293 1436 335 sed
1468 293 1612 336 Cicero
1630 327 1639 348 ,
1661 288 1808 348 Vergi-

364 361 445 402 lius
462 393 472 415 ,
489 359 708 411 Horatius,
726 359 968 412 Propertius
985 390 995 412 ,
1012 357 1187 400 Ovidius
1205 359 1248 399 in
1264 359 1653 414 metamorphoseon
1669 361 1807 414 libris,

366 426 611 478 Petronius,
639 426 863 477 Lucanus,
893 424 1085 466 Valerius
1122 425 1323 478 Flaccus,
1354 426 1536 480 Statius,
1567 427 1809 470 Iuvenalis.

365 497 461 535 sunt
490 493 560 546 qui
590 491 669 533 hoc
699 490 928 532 collisionis
959 503 1116 544 genere
1142 492 1354 533 rarissime
1383 496 1579 548 utantur,
1601 493 1746 536 Cicero
1766 493 1810 535 in

365 559 533 600 Arateis
563 558 652 610 bis,
674 566 782 599 retro
803 557 861 598 ad
890 557 996 609 152,
1018 559 1188 613 Maynu'
1220 559 1279 600 leo
1300 567 1335 600 et
1361 559 1474 600 claro
1495 559 1603 614 263,
1624 560 1736 602 idem
1757 559 1810 602 de

365 625 585 666 consulatu
614 624 658 664 in
687 637 730 677 11,
753 624 804 665 67
844 623 962 665 modo
991 626 1242 677 ac'vz'rtute,
1264 625 1306 665 in
1335 624 1568 668 Homericis
1598 625 1651 668 de
1681 626 1809 669 divin.

365 705 409 745 11,
427 691 480 732 63
496 692 584 732 viri
595 699 630 732 et
645 690 770 732 duros
788 707 801 743 7·
822 690 1040 732 Petronius
1054 690 1118 731 bis
1130 723 1140 740 ,
1157 692 1217 732 cic
1232 692 1433 743 acffiubac
1449 708 1516 743 ac,
1537 692 1627 747 120,
1645 692 1700 735 94
1717 693 1810 747 124,

367 758 475 811 270,
497 756 684 811 Sulpicia
706 756 852 798 Caleni
873 756 1004 797 semel
1019 756 1134 798 domi
1149 766 1186 798 et
1200 757 1254 798 22
1271 772 1280 811 ;
1302 758 1516 800 Iuvenalis
1531 758 1596 800 bis
1613 790 1622 812 ,
1635 759 1732 814 pati
1747 759 1812 800 his

367 824 500 879 epulis
515 837 555 877 v,
576 823 654 864 173
671 855 680 876 ,
699 838 837 864 rmorae
852 824 1071 878 impatiens
1087 837 1142 876 VI,
1160 823 1238 865 327
1258 855 1267 877 ,
1286 837 1379 865 eum
1394 829 1455 866 ter
1475 825 1593 866 hiare
1608 825 1811 879 maluerit,

367 890 490 933 Samo
505 923 515 943 ,
532 891 597 931 hio
613 904 672 944 111,
691 890 769 943 70,
783 890 920 944 qula?
946 904 1040 943 erqo
1063 891 1201 931 omnia
1220 904 1258 943 V,
1279 891 1381 944 158,
1403 907 1481 933 sua
1496 900 1616 946 atque
1635 905 1692 944 vr,
1708 891 1812 934 274.

367 956 496 998 semel
516 956 559 997 in
579 955 665 998 Ciri
686 955 740 998 94
758 971 844 998 meo
864 956 1052 1011 inficiunt
1067 987 1077 1008 ,
1099 957 1228 998 semel
1250 957 1525 999 Germanicus
1540 957 1623 1000 439
1644 958 1729 999 loco
1750 966 1786 999 et
1802 987 1812 998 .

367 1022 520 1064 Lucilii
555 1023 598 1063 in
633 1022 887 1064 hexametris
931 1021 1036 1063 haec
1076 1023 1221 1064 notavi
1245 1054 1254 1063 .
1286 1025 1386 1065 bono
1425 1032 1462 1066 et
1497 1023 1598 1078 (Cic.
1639 1023 1694 1066 ad
1730 1025 1812 1066 Att.

367 1103 456 1142 xm,
473 1089 571 1144 52),
596 1090 651 1130 Et
671 1090 819 1130 virtute
840 1097 911 1130 tua
932 1097 968 1130 et
983 1089 1110 1130 claris
1129 1090 1256 1143 (Non.
1274 1103 1315 1143 p.
1333 1090 1426 1144 274,
1444 1090 1516 1144 21)
1533 1123 1543 1140 ,
1568 1091 1815 1145 Tempestate

368 1172 445 1197 sua
480 1164 601 1210 atque
637 1155 772 1197 eodem
809 1154 937 1209 (Gell.
969 1169 1027 1209 111,
1063 1156 1132 1211 14)
1157 1189 1166 1210 ,
1195 1158 1272 1198 cito
1308 1166 1429 1212 atque
1464 1159 1650 1213 anquina
1685 1156 1813 1211 (Non.

368 1221 511 1276 p.536,
530 1222 574 1276 8)
589 1254 597 1263 .
614 1222 659 1263 in
675 1222 835 1263 Moreto
852 1221 906 1263 95
922 1221 1095 1278 Sparyz't
1111 1223 1228 1264 humi
1239 1233 1360 1278 atque
1375 1225 1500 1266 abicit
1512 1255 1521 1266 .
1543 1223 1756 1277 Vergilius
1772 1223 1815 1264 in

370 1289 447 1330 hoe
469 1301 625 1342 genere
647 1298 683 1332 et
701 1289 950 1343 saepissime
970 1289 1134 1343 posuit,
1156 1306 1282 1332 manu
1309 1299 1345 1332 et
1365 1299 1475 1332 creta
1490 1323 1500 1343 ,
1523 1290 1597 1332 diu
1617 1299 1654 1332 et
1667 1323 1678 1343 ,
1689 1291 1816 1346 ferae

370 1365 405 1397 et
417 1388 428 1409 ,
468 1371 533 1397 ere
549 1365 585 1398 et
595 1388 606 1409 ‚
623 1357 720 1411 iu'qo
737 1364 773 1398 et
787 1388 798 1408 ,
814 1356 912 1397 veni
923 1364 977 1409 et,
993 1356 1078 1398 solo
1095 1365 1130 1397 et
1145 1389 1155 1409 ,
1165 1358 1264 1412 pati
1276 1365 1311 1398 et
1326 1389 1336 1409 ‚
1352 1373 1457 1402 nova
1474 1366 1510 1399 et
1524 1389 1535 1410 ,
1552 1358 1612 1399 cie
1628 1365 1664 1398 et
1677 1356 1815 1411 ,fame

370 1431 433 1475 et,
461 1422 588 1464 draco
611 1431 671 1476 et,
700 1427 745 1464 ut
765 1434 817 1464 ea
835 1426 997 1464 tantum
1019 1435 1255 1464 enumerem
1277 1435 1386 1476 quae
1407 1427 1502 1465 sunt
1522 1423 1565 1464 in
1587 1422 1816 1476 georgicis,

372 1490 500 1530 multo
521 1489 690 1543 parcius
707 1498 828 1544 atque
849 1489 956 1531 elisa
975 1489 1113 1531 vocali
1130 1522 1140 1543 ,
1161 1494 1207 1532 ut
1226 1505 1350 1532 cavae
1365 1499 1486 1545 atque
1507 1491 1660 1532 obiecta
1674 1501 1817 1543 georg.

370 1570 428 1609 111,
451 1555 532 1597 253
554 1555 638 1597 434
659 1556 762 1596 Aen.
785 1570 824 1609 X,
846 1556 898 1597 31
920 1571 976 1610 XI,
998 1557 1077 1598 401
1097 1589 1106 1610 ,
1134 1569 1273 1610 neque
1299 1557 1469 1610 saepius
1495 1566 1566 1598 aut
1592 1569 1736 1610 georg.
1756 1570 1816 1609 111,

370 1622 453 1664 466
469 1636 509 1675 X,
527 1623 580 1664 66
598 1636 653 1676 IX,
670 1622 769 1675 408,
788 1623 916 1664 semel
926 1625 1127 1678 inprimis
1139 1624 1243 1665 Aen.
1262 1638 1289 1677 1,
1306 1624 1409 1676 303,
1427 1623 1556 1664 semel
1567 1624 1624 1664 ad
1633 1637 1705 1675 ΧΠ,
1723 1624 1816 1678 739,

373 1689 502 1731 semel
517 1689 565 1730 id
579 1701 724 1742 georg.
740 1703 782 1743 11,
799 1690 881 1731 263
899 1722 908 1743 ,
930 1690 1061 1731 semel
1076 1691 1182 1731 hunc
1198 1704 1270 1744 xn,
1286 1690 1392 1743 5323
1413 1689 1524 1731 idem
1539 1690 1720 1744 plurium
1735 1690 1817 1744 syl-

371 1755 562 1797 labarum
579 1756 702 1809 haec,
721 1756 924 1797 invadunt
934 1756 1038 1797 Aen.
1049 1770 1108 1809 111,
1126 1756 1228 1810 240,
1247 1757 1455 1798 involvens
1470 1757 1615 1810 v1,336
1632 1789 1641 1811 ,
1660 1757 1818 1812 eloquio
1832 1778 1834 1780 v

372 1836 428 1875 xx,
438 1823 520 1864 383
537 1854 546 1876 ,
564 1823 706 1864 omnia
726 1823 769 1864 in
790 1823 977 1864 secunda
997 1823 1164 1877 syllaba
1184 1827 1307 1865 acuta
1324 1855 1333 1865 .
1355 1823 1398 1864 in
1413 1823 1570 1864 Sabino
1591 1823 1702 1865 idem
1717 1824 1818 1866 Ver·

373 1889 499 1942 gilius
532 1890 623 1931 Tua
651 1891 697 1930 in
722 1889 880 1944 palude
898 1922 907 1930 .
938 1889 1114 1932 Ovidius
1144 1890 1313 1943 quidem
1343 1891 1386 1931 in
1418 1890 1819 1944 metamorphosesin

373 1956 466 1998 sola
495 1965 531 1998 et
560 1957 850 1998 coniunctione
880 1957 940 1998 ita
969 1969 1070 1998 usus
1101 1960 1189 2009 est,
1212 1961 1253 1998 et
1281 1957 1326 1998 in
1346 1957 1532 1998 secunda
1558 1958 1690 1999 acutis
1707 1971 1718 2011 3
1738 1957 1819 1999 Lu-

374 2035 502 2064 canus
520 2032 556 2065 et
577 2037 603 2076 1,
620 2024 702 2065 578
718 2038 772 2077 lv,
783 2023 864 2065 238
880 2024 961 2065 471
979 2037 1017 2077 ν,
1030 2023 1110 2065 733
1126 2037 1181 2076 v1,
1200 2024 1280 2065 709
1298 2055 1307 2075 ,
1324 2023 1668 2078 hyperdisyllabo
1684 2023 1819 2078 nullo;

372 2093 541 2143 praeter
557 2099 593 2131 et
608 2080 913 2144 monosyllabis
930 2122 939 2143 ,
963 2099 1034 2131 aut
1051 2090 1248 2132 Horatius
1267 2091 1507 2143 Propertius
1524 2090 1650 2132 Silius
1664 2123 1675 2144 ,
1697 2099 1820 2146 atque

375 2156 480 2198 eliso
498 2161 539 2198 et
559 2172 607 2198 ac
623 2157 750 2205 Silius
768 2189 777 2211 ,
795 2157 988 2199 Valerius
1005 2156 1180 2198 Flaccus
1198 2189 1206 2211 ,
1225 2157 1381 2198 Statius
1399 2189 1408 2210 ,
1426 2157 1484 2199 ad
1498 2157 1685 2199 Catullus
1702 2161 1744 2199 et
1758 2157 1820 2200 Si-

373 2223 453 2264 lius
470 2255 479 2273 ,
502 2238 553 2264 ea:
569 2222 756 2264 Catullus
774 2255 783 2276 ,
805 2226 850 2264 in
867 2224 1107 2278 Propertius
1125 2255 1134 2277 ,
1153 2223 1225 2264 deo
1241 2224 1365 2278 inque
1380 2224 1478 2264 aliis
1493 2224 1686 2266 Valerius
1702 2224 1821 2266 Flac-

375 2302 448 2331 cus
464 2303 552 2342 vm,
568 2289 647 2331 102
665 2322 674 2340 ,
692 2290 803 2345 quod
816 2290 912 2331 Iovi
925 2291 998 2331 hoc
1014 2292 1108 2346 φερε·
1120 2290 1281 2332 Seneca
1298 2290 1342 2330 in
1353 2290 1532 2331 Hercule
1547 2290 1710 2332 furente
1724 2290 1819 2343 489,

375 2371 456 2397 ‘non
476 2371 549 2397 suo
571 2364 613 2396 at
627 2372 754 2398 vacuo
770 2356 884 2397 idem
899 2357 942 2398 in
957 2357 1187 2412 Hippolyto
1208 2356 1314 2397 1268
1331 2387 1340 2410 ,
1357 2357 1476 2398 humo
1496 2357 1610 2398 haud
1627 2373 1821 2412 umquam

375 2422 502 2464 Silius
518 2436 557 2475 v,
575 2422 655 2464 298
674 2454 684 2476 ,
701 2423 766 2464 hic
782 2422 986 2466 adverbio
1003 2423 1158 2466 Statius
1174 2422 1305 2464 Theb.
1327 2436 1366 2476 V,
1385 2422 1464 2464 577
1484 2454 1494 2475 ,
1517 2424 1615 2478 equi
1624 2433 1669 2465 ut
1681 2423 1822 2466 videre

376 2489 487 2531 idem
516 2489 559 2530 in
587 2503 642 2542 vx,
663 2489 746 2531 486
765 2522 773 2530 .
796 2502 905 2542 quae
940 2490 985 2531 in
1020 2490 1142 2532 tertia
1180 2493 1384 2544 quartave
1419 2493 1632 2531 accentum
1668 2490 1823 2533 habent

374 2555 615 2609 paucissimi
646 2568 737 2597 cum
757 2556 951 2598 'iambicis
973 2556 1241 2609 colliserunt,
1266 2555 1416 2597 Varius
1437 2556 1479 2597 in
1500 2569 1625 2598 versu
1654 2557 1822 2599 senario

375 2623 460 2663 iam
477 2622 580 2677 fero
609 2622 909 2676 infandissima
938 2622 1052 2676 apud
1084 2621 1387 2672 Quintilianum
1417 2636 1475 2676 111,
1498 2623 1537 2676 8,
1558 2623 1639 2676 45,
1662 2622 1824 2666 Seneca

376 2689 464 2730 Diu
495 2693 692 2743 expetitos
721 2688 765 2729 in
785 2687 970 2742 Thyeste
1003 2688 1135 2742 1022,
1158 2688 1287 2730 Silius
1317 2698 1407 2730 noto
1433 2688 1644 2732 advertere
1663 2704 1690 2743 1,
1712 2689 1822 2744 288,

378 2755 460 2796 loci
476 2755 694 2810 explorare
715 2767 770 2809 vl,
795 2755 900 2809 168,
924 2755 1006 2797 loci
1021 2764 1266 2810 aspernatus
1286 2769 1340 2808 V1,
1361 2755 1445 2797 460
1462 2787 1471 2808 ,
1492 2756 1587 2797 sinu
1606 2756 1823 2811 indefensa

376 2835 432 2874 vr,
453 2822 559 2874 652,
583 2837 683 2877 equo
713 2821 935 2864 adventare
955 2835 1023 2875 xv,
1040 2822 1150 2876 439,
1174 2838 1311 2864 morae
1339 2823 1590 2877 increpita'rc
1609 2825 1697 2877 vm,
1713 2822 1821 2875 265,

365 2887 484 2942 freto
514 2889 742 2943 imposuere
770 2902 872 2942 xvn,
889 2888 970 2931 255
987 2920 997 2931 .
1022 2888 1100 2931 hoc
1129 2901 1260 2941 genus
1293 2888 1456 2931 Catullo
1486 2887 1611 2930 valde
1638 2888 1821 2943 placuit,
