2040 3328
393 222 474 264 252
1085 223 1142 263 IV

392 337 487 386 tur,
515 332 588 374 sed
617 332 834 374 verissime
863 331 1053 373 concedit
1079 331 1132 373 de
1160 333 1274 374 melle
1304 336 1469 388 poe‘tam
1492 334 1595 375 nihil
1616 335 1703 376 eius
1724 334 1836 376 modi

393 399 549 440 dixisse
578 431 586 440 .
619 399 743 440 ceteri
779 402 949 451 tacent,
981 398 1112 452 Pius,
1144 398 1359 455 Nardius,
1391 400 1556 455 Faber,
1587 399 1836 455 Creechius,

393 466 705 518 Havercampus
729 479 738 506 ε
769 465 883 506 solus
913 465 1148 519 Forbiger,
1177 464 1461 508 difficultatem
1492 467 1639 509 fraude
1669 467 1836 522 celans,

393 532 501 572 hunc
530 543 696 572 versum
734 531 946 584 paululum
982 535 1184 574 mutatum
1219 532 1303 573 iam
1333 531 1521 574 adfuisse
1551 533 1652 575 dicit
1681 548 1707 587 1,
1729 533 1837 576 430.

391 597 465 639 sed
487 597 611 639 velim
633 598 738 639 seire
758 611 964 651 quaenam
986 598 1058 640 illa
1078 599 1161 640 sint
1182 611 1291 652 quae
1312 607 1485 654 ucraque
1508 602 1633 652 poeta
1653 600 1695 641 in
1716 601 1839 642 melle

392 663 614 706 commixta
644 664 755 706 dicat
775 680 783 706 :
807 678 904 706 nam
935 674 970 707 ec
990 681 1138 706 amara
1159 674 1194 707 et
1214 665 1354 707 dulcia
1382 665 1493 707 unde
1519 670 1654 708 sumat
1674 667 1839 708 Lambi-

393 743 469 772 nus
491 743 575 772 non
597 730 720 773 video
743 763 752 773 .
776 735 1092 785 praecesserant
1113 732 1222 773 enim
1253 732 1356 774 haec
1378 764 1387 786 ,
1410 732 1631 775 668—670
1650 765 1660 787 ,
1682 745 1733 775 ea
1753 746 1839 775 cor-

392 798 567 851 puscula
597 810 705 851 quae
735 798 827 839 sani
867 797 1044 840 hominis
1075 797 1216 840 sensui
1248 799 1520 840 convenerint
1548 803 1720 852 aegroto
1757 813 1840 846 non

392 865 614 906 convenire
643 897 651 918 ‚
684 864 758 906 sed
789 869 927 906 cetera
963 865 1178 918 asperiora
1214 865 1252 907 ei
1289 865 1423 918 magis
1453 869 1554 920 apta
1583 878 1706 908 esse.
1737 867 1842 908 haec

394 930 521 983 igitur
552 935 729 984 utraque
759 932 794 972 si
825 931 962 972 mellis
992 935 1145 973 natura
1175 932 1399 973 commixta
1434 932 1476 973 in
1511 945 1557 974 se
1587 933 1814 975 continebit
1822 965 1839 987 0

392 1002 564 1050 aegroto
595 998 751 1051 pariter
782 1011 830 1039 ac
860 1011 964 1039 sano
996 999 1244 1052 conveniet,
1274 998 1453 1052 ideoque
1483 1003 1570 1041 tota
1599 1012 1696 1052 res,
1722 1012 1840 1054 prae-

392 1069 454 1106 ter
484 1078 607 1118 quam
639 1064 752 1118 quod
782 1078 860 1107 nec
890 1078 991 1107 vera
1021 1069 1084 1107 est
1114 1077 1248 1118 neque
1280 1066 1394 1120 prius
1425 1079 1451 1107 a
1480 1069 1604 1121 poeta
1624 1067 1841 1122 exposita,

392 1133 471 1173 huc
500 1145 584 1173 non
614 1132 840 1186 pertinebit
862 1164 870 1172 .
894 1131 978 1173 iam
998 1144 1097 1174 vero
1121 1131 1173 1174 de
1203 1132 1324 1174 melle
1355 1137 1395 1174 et
1423 1133 1530 1175 lacte
1551 1133 1715 1175 dixerat
1734 1133 1778 1174 in
1799 1148 1842 1187 ιι,

391 1199 474 1241 402
503 1200 650 1240 horum
671 1199 908 1252 elementa,
936 1211 1044 1252 quae
1064 1212 1210 1241 sensus
1231 1199 1410 1241 iucunde
1430 1203 1634 1253 tangant,
1662 1199 1774 1242 levia
1804 1203 1851 1254 et¹
1888 1232 1901 1245 .

394 1266 573 1307 rotunda
593 1279 686 1308 esse
716 1265 934 1319 minusque
963 1264 1132 1307 hamata
1153 1281 1162 1320 ;
1190 1265 1342 1309 deinde
1363 1267 1406 1307 in
1426 1281 1484 1320 111,
1506 1266 1583 1308 193
1606 1267 1740 1308 mellis
1761 1279 1845 1308 ma-

392 1334 540 1375 teriam
571 1333 705 1387 magis
735 1346 862 1387 quam
892 1345 1029 1386 aquae
1058 1332 1167 1375 inter
1196 1345 1243 1374 se
1263 1333 1517 1388 cohaerere,
1543 1334 1643 1389 quia
1662 1341 1845 1374 nontam

393 1400 673 1443 lcvz'bus'extet
694 1401 943 1456 Corporibus
973 1416 1101 1454 neque
1129 1409 1210 1441 tam
1236 1401 1455 1455 suptilibus
1481 1409 1602 1456 atque
1626 1399 1819 1442 rutundis
1834 1431 1844 1441 .

393 1481 444 1509 ex
466 1468 529 1509 his
551 1472 727 1522 apparet
748 1466 830 1508 mel
852 1479 903 1508 ex
924 1466 1086 1508 levibus
1108 1466 1477 1521 asperioribusque
1497 1466 1712 1509 elementis
1739 1479 1846 1508 com-

392 1534 573 1588 positum
613 1548 760 1576 sensus
791 1533 926 1587 magis
958 1534 1147 1575 minusve
1177 1534 1363 1575 suaviter
1400 1533 1567 1575 afficere
1604 1546 1679 1588 pro
1716 1536 1846 1574 textu-

393 1613 533 1642 rarum
563 1602 796 1644 varietate.
826 1601 968 1654 itaque
1005 1601 1083 1642 hoc
1122 1604 1246 1654 poe‘ta
1284 1600 1327 1642 in
1359 1600 1591 1654 exemplum
1622 1599 1683 1642 rei
1719 1599 1845 1654 paulo

394 1672 490 1709 ante
520 1667 700 1709 traditae
731 1671 841 1709 recte
872 1668 931 1709 uti
961 1667 1097 1721 potuit
1118 1682 1127 1720 ;
1151 1670 1195 1708 ut
1225 1666 1491 1708 manifestum
1519 1666 1573 1708 sit
1602 1666 1678 1708 hos
1699 1678 1845 1708 versus

395 1739 488 1787 post
518 1735 599 1776 662
637 1734 906 1777 collocandos
943 1747 1066 1787 esse3
1097 1733 1168 1786 qui
1206 1746 1296 1774 cum
1333 1733 1391 1775 ibi
1427 1746 1527 1776 casu
1562 1733 1846 1787 praetermissi

395 1806 565 1855 essent,
597 1801 771 1856 repositi
801 1805 898 1842 sunt
927 1801 972 1842 in
1002 1800 1083 1842 fine
1114 1800 1316 1854 capituli.

504 1869 598 1910 668.
630 1869 716 1909 F1r
746 1882 891 1908 rmus
921 1881 982 1907 An
1014 1879 1230 1908 sensum,
1262 1867 1338 1908 His
1365 1865 1620 1909 addiderunt
1647 1876 1691 1908 ut
1721 1867 1847 1908 Anto-

394 1935 487 1977 nius
517 1935 638 1976 Marii
662 1939 702 1976 et
722 1935 924 1976 Marullus
947 1950 956 1988 3
979 1933 1092 1987 quod
1114 1933 1401 1976 Wakefieldus
1431 1933 1588 1988 respuit
1608 1965 1617 1987 ,
1645 1933 1847 1986 Forbiger

393 2016 445 2044 ne
467 2001 807 2044 commemoravit
828 2001 996 2055 quidem
1020 2016 1028 2042 :
1051 2000 1159 2043 adeo
1190 2000 1232 2042 hi
1263 2001 1466 2043 infantem
1496 2004 1662 2055 poetam
1691 2000 1849 2041 malunt

393 2082 518 2123 quam
549 2081 663 2110 more
695 2068 908 2110 hominum
928 2069 1169 2122 loquentem
1191 2099 1200 2110 .
1222 2067 1298 2110 sed
1319 2067 1551 2110 sententiae
1573 2066 1712 2122 aptius
1741 2066 1848 2107 inter

393 2150 439 2178 se
470 2137 728 2189 iunguntur,
756 2136 790 2177 si
815 2135 883 2177 Ur
905 2135 1123 2178 scribimus
1145 2148 1194 2176 eo
1226 2135 1317 2177 loco
1349 2135 1420 2176 ubi
1451 2134 1546 2175 libri
1576 2133 1732 2175 habent
1752 2134 1846 2175 Fit.

506 2203 600 2244 677.
632 2216 771 2243 Amos
803 2217 859 2242 m·
889 2216 1036 2243 MAGls
1068 2216 1154 2242 EST
1177 2234 1186 2243 .
1220 2200 1458 2252 Quadratus
1489 2202 1599 2243 alius
1630 2209 1687 2243 est
1715 2200 1848 2255 maqis

394 2280 429 2312 et
450 2303 459 2311 .
493 2269 725 2311 Brixiensis.
754 2269 888 2311 editor
918 2268 1055 2310 omisit
1085 2283 1174 2323 Er,
1202 2268 1344 2321 itaque
1374 2267 1581 2309 Antonius
1610 2266 1756 2308 Marii.

505 2337 599 2378 680.
631 2337 957 2381 Vomumoum
980 2367 989 2377 .
1018 2336 1220 2378 Marullus
1247 2334 1590 2379 VULTURHQUE
1612 2365 1620 2374 .
1650 2333 1693 2374 in
1723 2332 1847 2374 Hera-

394 2404 547 2446 cleensi
570 2403 714 2444 tabula
735 2404 789 2445 80
809 2404 967 2444 scribae
988 2403 1164 2444 Zz'brarei
1175 2435 1186 2455 ,
1208 2402 1251 2442 in
1272 2401 1439 2442 decreto
1461 2401 1615 2443 Pisano
1636 2414 1663 2453 1,
1679 2399 1733 2441 56
1764 2399 1849 2440 sive

394 2472 471 2526 qui
486 2471 550 2512 ali
565 2470 832 2524 magjistratus
850 2478 967 2511 erunt
985 2501 993 2510 .
1015 2468 1090 2510 sed
1112 2469 1215 2510 haec
1230 2469 1384 2511 vitiosa
1400 2473 1520 2521 sunt,
1543 2479 1680 2521 neque
1700 2468 1850 2519 poe‘tae

394 2537 458 2578 his
488 2541 687 2578 utuntur.
718 2535 1006 2589 quaerendum
1037 2538 1100 2576 est
1138 2548 1218 2588 quo
1257 2535 1344 2576 iure
1375 2534 1489 2575 Gaba·
1513 2532 1753 2588 Propertius
1791 2531 1850 2572 di-

395 2605 502 2645 xerit
523 2618 561 2657 v,
582 2604 616 2657 1,
634 2603 717 2644 34:
743 2606 909 2656 praeter
940 2601 1048 2643 hunc
1078 2601 1187 2643 enim
1215 2602 1284 2655 qui
1315 2613 1415 2642 casu
1435 2603 1546 2642 recto
1568 2613 1667 2642 usus
1688 2599 1741 2641 sit
1761 2598 1849 2640 nul·
1902 2595 1906 2598 ’

395 2672 479 2712 lum
509 2670 607 2712 novi
631 2702 639 2723 ‚
668 2682 803 2723 neque
835 2673 1026 2710 constare
1056 2667 1192 2710 adhuc
1222 2672 1322 2723 puto
1355 2667 1565 2722 quomodo
1597 2665 1854 2709 Crustumeri

396 2738 535 2779 dicere
565 2733 747 2791 potuerit
773 2736 985 2789 Vergilius
1015 2736 1058 2776 in
1088 2749 1159 2789 vu,
1177 2735 1255 2776 631
1281 2767 1290 2776 .
1318 2735 1361 2776 in
1391 2733 1554 2776 Manilii
1575 2748 1601 2787 1,
1620 2733 1698 2774 787
1731 2731 1849 2773 Bent—

397 2805 503 2846 leius
534 2807 676 2857 recte,
704 2802 784 2844 nisi
816 2802 972 2856 fallor,
1001 2801 1253 2856 improbavit
1274 2801 1560 2856 Certantesque
1591 2799 1698 2842 Deci
1721 2798 1848 2840 votis.

395 2883 531 2923 neque
554 2869 807 2912 credendum
829 2868 1034 2923 Eutychio
1057 2901 1066 2923 ‚
1096 2881 1189 2909 cum
1210 2867 1310 2909 dicit
1339 2881 1379 2921 p.
1402 2866 1508 2908 2147
1537 2865 1775 2908 Terentium
1805 2862 1849 2904 in

398 2936 598 2977 Eunucho
628 2949 704 2990 per
725 2947 958 2990 apocopam
986 2934 1178 2989 posuisse
1200 2934 1293 2975 lani
1308 2965 1317 2974 .
1340 2931 1444 2974 illud
1465 2932 1736 2974 certissimum
1759 2932 1846 2982 est,
