2040 3328
906 214 966 256 VI
1591 214 1674 256 395

199 329 401 372 carmina‘
425 327 562 382 inquit
584 327 747 369 ‘mutila
777 331 876 370 sunt
905 331 947 369 et
966 330 1220 382 praecerpta
1250 340 1303 370 ea
1322 328 1489 370 incuria
1508 331 1554 369 ut
1583 340 1676 370 sen-

199 410 273 440 sus
302 395 446 438 nullus
467 395 565 438 elici
595 395 759 451 possit:
781 399 967 438 ceterum
999 395 1042 435 in
1070 395 1251 438 lectione
1281 396 1424 450 prisca
1444 396 1506 438 sic
1536 408 1676 438 emen-

199 465 302 508 data
321 464 490 519 reperio
507 496 517 518 ‚
539 464 597 506 At
627 480 719 506 oum
739 464 923 506 membra
949 462 1098 505 domus
1114 465 1302 519 percepit
1317 464 1522 520 fervidus
1542 464 1676 519 zqu‘s,

202 534 306 576 Tum
323 532 383 588 fit
412 531 515 574 odor
543 533 668 574 viri!
691 531 926 574 rectissime
952 531 1022 573 hic
1042 530 1290 573 emendator
1320 531 1438 586 (nam
1459 531 1513 573 de
1534 532 1678 586 prisca

198 599 381 643 lectione
413 612 520 643 cave
550 599 626 642 Pio
659 598 828 654 credas)
867 599 1052 641 membra
1082 611 1273 654 DOMUS,
1297 599 1411 653 quod
1442 599 1676 641 Brixiensis

201 681 368 725 quoque
399 667 531 711 editio
562 667 721 710 habere
752 667 911 722 fertur,
934 671 976 709 et
997 667 1172 721 egregie
1202 671 1340 709 tuetur
1363 667 1603 710 Gronovius
1633 667 1677 709 in

200 736 573 789 observationibus
609 735 713 783 111,5
743 749 784 790 p.
800 734 882 777 467
903 767 912 777 .
942 734 1158 777 Gesnerus
1195 735 1239 776 in
1284 734 1483 776 thesauro
1521 734 1574 777 de
1612 735 1677 776 his

199 805 396 848 membris
416 804 550 846 multa
569 803 757 858 rettulit,
780 803 881 845 item
903 803 946 844 in
968 802 1028 844 rei
1047 802 1230 844 rusticae
1246 803 1501 857 scriptorum
1517 802 1677 857 indice,

201 867 279 916 sed
309 873 501 927 neglexit
531 871 774 914 Lucretium
813 874 855 918 et
885 870 1149 914 Gronovium
1168 903 1176 913 .
1198 883 1327 925 porro
1370 870 1527 925 optime
1563 869 1678 912 idem

201 945 324 985 vetus
345 939 595 984 emendator
615 939 718 982 odor
739 953 872 993 vnn,
895 939 965 993 qui
988 938 1212 992 genetivus
1234 942 1299 981 est
1319 938 1362 980 in
1382 938 1491 980 libro
1513 952 1556 993 11,
1573 937 1677 980 476.

201 1021 462 1064 quamquam
491 1008 622 1051 miror
661 1021 756 1050 eum
786 1007 858 1062 qui
893 1006 974 1048 hoc
1009 1006 1190 1049 vidisset
1227 1007 1282 1050 ab
1324 1007 1438 1049 omni
1469 1006 1680 1048 sententia

203 1090 299 1120 cum
329 1077 481 1119 ceteris
503 1076 809 1131 Gronovioque
836 1075 930 1130 ipso
961 1075 1214 1130 aberrasse,
1238 1089 1331 1117 cum
1362 1078 1508 1130 posset
1535 1077 1680 1116 tamen

202 1154 246 1204 ap
267 1145 507 1188 coniunctio
529 1145 599 1187 vel
619 1144 714 1188 sola
740 1143 900 1186 indicio
923 1156 1018 1186 esse
1046 1147 1216 1198 poetam
1247 1143 1315 1186 hic
1335 1156 1420 1185 non
1443 1142 1496 1184 de
1526 1141 1615 1184 alia
1635 1155 1680 1184 re

203 1213 345 1256 dicere
375 1225 503 1267 quam
534 1213 588 1255 de
609 1212 684 1255 illo
706 1212 802 1268 ipso
824 1212 1048 1254 carbonum
1079 1211 1228 1265 odore,
1250 1213 1295 1254 in
1317 1224 1400 1266 quo
1422 1223 1572 1253 versus
1594 1209 1679 1251 duo

202 1281 388 1338 proximi
419 1284 672 1324 versantur.
696 1293 829 1336 quare
866 1279 1144 1322 certissimum
1185 1283 1248 1322 est
1283 1280 1369 1332 legi
1401 1278 1558 1321 debere
1584 1294 1679 1334 per-

202 1351 310 1407 cepit
339 1362 611 1390 rnnvnnon
631 1350 695 1391 vis
712 1381 721 1390 .
743 1352 929 1391 ceterum
956 1347 1216 1390 mactabz'lem
1238 1348 1413 1390 odorem
1445 1351 1486 1389 et
1506 1346 1681 1401 plagam

202 1419 308 1462 nihil
337 1417 456 1461 aliud
487 1430 582 1460 esse
613 1430 740 1472 quam
773 1417 935 1460 letalem
970 1415 1074 1459 satis
1112 1420 1304 1471 apertum
1337 1420 1427 1458 est.
1450 1416 1510 1458 ita
1541 1415 1680 1457 Attius

202 1487 248 1530 in
279 1486 434 1530 Medea
464 1486 689 1528 liberorum
721 1486 798 1528 Zeto
828 1484 1102 1540 tabfficabz'lz'.

318 1555 416 1598 806.
448 1567 639 1596 sumum
675 1567 722 1594 IN
759 1566 870 1594 1Pso
894 1585 903 1594 .
938 1553 1160 1596 Cori-ector
1201 1551 1400 1606 quadrati
1438 1555 1479 1594 et
1509 1551 1606 1594 Itali
1638 1552 1681 1593 z’n

202 1638 247 1665 11³
259 1637 313 1665 sA
332 1656 341 1665 .

317 1693 412 1736 808.
445 1705 680 1733 ARGENTO
713 1703 869 1731 VENAS
900 1688 1272 1735 Ann1oun.1tali
1303 1702 1548 1730 ARGENTI.

318 1760 414 1803 810.
448 1759 636 1811 QUAms
682 1773 894 1800 nxpxmrr
941 1771 1285 1799 SCAPTENSULA
1310 1789 1319 1799 .
1358 1757 1424 1798 Ita
1470 1762 1511 1798 et
1556 1770 1681 1798 mem-

203 1829 366 1871 branae
387 1833 429 1871 et
451 1829 602 1870 Festus
629 1841 671 1882 p.
687 1827 782 1882 330,
805 1827 856 1870 15
888 1831 1017 1880 atque
1049 1839 1101 1868 ex
1132 1838 1182 1867 eo
1214 1825 1374 1867 Paulus
1406 1838 1446 1879 p.
1471 1824 1575 1878 147,
1598 1824 1681 1865 nisi

203 1896 319 1952 quod
349 1896 465 1952 apud
493 1895 570 1938 hos
592 1896 748 1947 Quales
778 1895 984 1950 scriptum
1015 1897 1107 1936 est.
1130 1892 1260 1935 iidem
1282 1892 1607 1947 Scaptensulam
1638 1892 1683 1933 in

204 1965 460 2008 Macedonia
475 1976 571 2007 esse
587 1962 761 2006 tradunt
791 1966 834 2004 et
863 1975 891 2004 a
922 1960 1127 2004 fodiendo
1159 1960 1342 2015 dictam,
1365 1973 1459 2002 cum
1486 1961 1530 2002 in
1550 1961 1682 2003 Thra-

203 2033 271 2076 cia
290 2031 570 2075 Macedoniae
601 2036 724 2085 parte
744 2031 799 2073 sit
829 2035 871 2073 et
892 2043 919 2072 a
949 2030 1042 2072 solo
1073 2029 1259 2072 silvestri
1285 2029 1403 2071 fosso
1432 2042 1587 2071 nomen
1610 2029 1682 2070 du-

203 2102 340 2145 xerit.
361 2114 462 2143 nam
492 2099 678 2142 Fabrum
710 2112 853 2142 errare
883 2102 1014 2154 puto,
1038 2111 1133 2140 cum
1163 2111 1318 2140 nomen
1354 2098 1557 2151 generale
1588 2110 1683 2139 esse

203 2170 334 2224 dicit,
357 2182 441 2224 quo
463 2168 645 2210 materia
666 2167 826 2210 fossilis
843 2166 1132 2222 significetur,
1155 2165 1199 2208 id
1221 2170 1285 2208 est
1305 2166 1523 2208 metallum
1541 2198 1549 2207 .
1572 2164 1684 2207 hunc

204 2244 347 2282 tamen
369 2236 597 2280 Creechius
628 2240 669 2278 et
695 2234 991 2278 Wakefieldus
1022 2248 1116 2277 cum
1146 2234 1333 2277 servitiis
1363 2239 1588 2288 secuntur,
1611 2233 1682 2287 qui

203 2320 360 2350 nomen
382 2305 692 2361 appellativum
722 2304 912 2359 faciunt,
935 2304 1142 2347 Dacerius
1165 2302 1347 2346 eundem
1376 2315 1454 2345 suo
1475 2316 1592 2344 more
1614 2315 1683 2344 ex-

203 2375 313 2431 pilat
342 2374 399 2416 ad
425 2374 600 2416 Festum
619 2405 629 2416 .
651 2372 822 2416 Mlilleri
853 2372 988 2415 verba
1018 2372 1206 2427 subieci,
1230 2384 1340 2426 quae
1371 2371 1470 2413 aliis
1502 2370 1685 2412 fortasse

205 2443 390 2486 clariora
429 2442 514 2485 sint
543 2454 672 2496 quam
702 2441 834 2484 mihi.
856 2440 961 2483 ‘Hoc
998 2440 1230 2496 oppidum,
1253 2438 1517 2494 Thucydidis
1555 2438 1683 2481 exilio

205 2511 475 2554 nobilitatum
491 2543 502 2562 ‚
524 2511 705 2566 primum
720 2508 903 2565 Σκαπτὴ
919 2506 1001 2565 ὕλη
1018 2543 1027 2560 ,
1051 2508 1207 2551 deinde
1228 2507 1418 2562 genitivo
1436 2508 1477 2549 in
1494 2506 1683 2548 nomina-

205 2580 339 2622 tivum
361 2578 526 2622 deflexo
548 2575 847 2636 Σκαπτησύλη
878 2578 1126 2631 dicebatur,
1150 2576 1434 2632 Scaptensula
1462 2578 1604 2622 autem
1630 2586 1684 2615 ex

206 2647 342 2689 tribus
372 2646 543 2690 casibus
582 2648 742 2690 factum
779 2647 970 2702 pessima
985 2644 1309 2687 -consuetudine
1339 2644 1517 2685 invaluit
1535 2644 1556 2682 .'
1581 2641 1682 2683 mihi

207 2719 367 2758 certum
398 2714 567 2758 videtur
597 2715 909 2771 Scaptesylitas
945 2714 990 2755 in
1020 2713 1189 2755 nomine
1219 2726 1297 2754 suo
1328 2712 1466 2764 sigma
1496 2709 1682 2750 litteram

206 2783 250 2825 in
280 2783 411 2825 silvae
431 2783 640 2826 vocabulo
662 2797 715 2826 ex
734 2784 883 2825 ultima
903 2781 1158 2835 antiquitate
1184 2779 1409 2821 deductam
1430 2776 1681 2829 retinuisse,

207 2851 250 2892 in
282 2863 366 2904 quo
397 2851 578 2894 aliarum
609 2852 832 2906 regionum
863 2849 1093 2903 scriptores
1124 2861 1151 2890 a
1176 2860 1257 2889 sua
1287 2844 1592 2888 consuetudine
1614 2843 1684 2886 de—

206 2917 376 2961 flectere
407 2932 491 2961 non
522 2921 739 2975 potuerint
769 2920 1047 2974 (quamquam
1076 2916 1119 2957 in
1149 2914 1426 2969 inscriptione
1449 2913 1591 2955 Attica
1619 2916 1685 2955 est

208 3002 255 3029 εκ
276 2989 600 3040 σκαπτεσυλες,
625 2988 669 3029 in
691 2999 869 3042 corpore
891 2983 1212 3039 inscriptionum
1236 2982 1497 3024 Graecarum
1527 2994 1567 3022 n.
1590 2979 1681 3036 146,
