2040 3328
421 249 500 290 288
1123 248 1159 288 V

420 360 535 400 cuius
567 357 678 399 modi
710 354 981 413 ἒπιφώνησις
1011 357 1110 410 quia
1140 357 1369 398 orationem
1399 357 1663 412 interrumpit
1682 358 1799 411 (nam
1819 357 1861 398 in

419 425 619 479 proximis
650 424 704 464 ad
734 426 828 465 Non
857 439 975 465 ruere
1006 436 1057 464 ex
1092 423 1232 477 priore
1269 423 1414 464 horum
1450 437 1644 466 versuum
1678 423 1862 465 videmus

420 491 689 546 repetendum
722 492 826 543 est),
849 503 875 531 a
895 490 1147 532 Lucretiana
1177 489 1341 531 dicendi
1373 493 1462 531 arte
1491 490 1716 532 abhorret.
1744 503 1862 544 prae—

419 563 535 600 terea
565 573 733 612 eumque
771 557 849 598 nisi
892 569 982 598 cum
1018 557 1205 598 relativis
1243 557 1507 597 coniunctum
1537 557 1684 610 lingua
1713 557 1863 599 Latina

419 637 502 665 non
534 623 754 676 agnoscit:
785 636 920 677 neque
946 623 1146 665 Horatius
1176 624 1218 664 in
1250 623 1480 664 carminum
1508 637 1535 677 1,
1557 623 1611 664 32
1640 624 1772 678 potuit
1802 624 1862 664 di-

419 703 512 733 cere
541 691 647 731 mihi
663 706 831 745 eumque
850 691 962 731 salve
980 690 1145 744 (volunt
1166 691 1276 732 enim
1306 690 1385 730 hoc
1405 701 1499 731 esse
1519 688 1650 731 ‘salve
1670 691 1862 744 quotiens

419 762 458 799 te
490 757 693 798 advoco’:
721 761 764 798 at
794 770 865 798 cur
894 757 988 810 lyra
1018 756 1126 798 alias
1157 757 1194 798 ei
1226 769 1308 797 non
1340 757 1503 798 salveat
1517 755 1583 810 P),
1604 756 1680 798 sed
1700 757 1864 812 scripsit

419 840 440 865 0
457 824 640 864 laborum
656 823 787 864 Dulce
803 823 975 864 lenimen
991 823 1269 879 medicumque
1284 824 1394 864 salve
1409 823 1503 864 Rite
1518 824 1682 864 vocanti
1693 854 1702 864 .
1723 824 1766 864 in
1785 825 1864 866 Lu-

419 890 533 931 cretii
555 904 596 944 11,
615 890 692 931 721
715 902 798 930 non
819 889 1050 931 tolerarunt
1070 889 1180 930 docti
1201 891 1260 930 ita
1281 895 1449 944 cumque
1470 898 1665 930 necessest
1685 919 1695 930 .
1721 890 1863 944 itaque

419 958 453 998 si
475 957 583 998 viam
614 969 639 997 a
660 955 828 997 Gifanio
861 960 1131 997 monstratam
1150 989 1158 1010 ,
1180 960 1226 996 ut
1246 959 1390 997 cautos
1412 955 1555 1008 decet,
1579 955 1861 1011 declinamus,

420 1023 528 1064 duae
564 1026 722 1063 restant
759 1022 941 1062 rationes
972 1022 1120 1075 quibus
1158 1022 1197 1062 hi
1228 1035 1405 1076 versus,
1437 1025 1534 1063 ante
1564 1034 1689 1075 quam
1721 1035 1862 1065 eorum

419 1091 523 1130 alter
553 1092 636 1130 tam
668 1089 840 1142 turpiter
871 1092 1234 1143 corrumperetur,
1266 1089 1374 1129 inter
1409 1100 1454 1130 se
1491 1089 1698 1130 coniuncti
1733 1088 1865 1131 fuisse

418 1155 628 1210 potuerint
651 1169 659 1195 ε
690 1168 786 1197 nam
818 1160 888 1197 aut
917 1155 971 1196 ad
1002 1155 1168 1210 dilapsa
1188 1154 1372 1196 videmus
1392 1155 1581 1197 adiectus
1602 1155 1680 1197 fuit
1700 1154 1865 1197 infiniti-

418 1236 495 1265 vus
512 1254 521 1275 ,
543 1222 680 1275 qualis
703 1227 766 1263 est
786 1221 956 1275 cadere,
979 1225 1050 1263 aut
1070 1221 1124 1262 ad
1145 1222 1390 1263 ‘monimenta
1411 1223 1544 1263 virum
1565 1222 1724 1276 aliquid
1745 1222 1864 1264 addi-

417 1284 529 1343 tum,
551 1287 662 1342 quod
683 1301 710 1330 a
730 1288 842 1339 Quae
869 1289 1117 1342 pronomine
1144 1288 1186 1328 in
1208 1288 1343 1342 capite
1363 1301 1508 1331 versus
1534 1289 1672 1343 posito
1694 1302 1864 1344 suspen-

416 1369 506 1397 sum
529 1355 657 1396 fuisse
678 1354 899 1409 probabile
919 1358 1007 1396 est.
1035 1359 1079 1395 at
1099 1355 1242 1397 harum
1265 1359 1412 1397 neutra
1431 1355 1593 1397 ratione
1613 1355 1792 1410 probata
1812 1369 1863 1398 ex

417 1423 466 1464 iis
507 1421 723 1464 vocabulis
760 1434 868 1474 quae
906 1421 1150 1476 incorrupta
1188 1425 1347 1464 restant
1385 1422 1617 1464 sententiae
1660 1434 1863 1464 summam

418 1490 569 1530 elicere
599 1501 848 1542 possumus,
877 1489 1074 1541 quoniam
1099 1504 1330 1544 proporro,
1359 1488 1472 1542 quod
1503 1492 1566 1530 est
1594 1490 1704 1531 ultra
1733 1489 1864 1544 (Han-

419 1556 512 1597 dius
534 1555 643 1596 enim
666 1555 707 1596 in
730 1554 956 1596 Tursellini
986 1559 1098 1596 tomo
1119 1570 1161 1595 1v
1182 1570 1222 1610 p.
1239 1556 1320 1598 608
1340 1555 1444 1597 mire
1466 1555 1642 1610 fallitur)
1660 1588 1670 1610 ,
1692 1560 1734 1598 et
1752 1559 1863 1598 retro

418 1626 607 1678 spectare
643 1625 782 1676 potest
811 1626 852 1663 et
881 1621 936 1663 ad
973 1621 1269 1675 succedentia,
1301 1638 1505 1664 senescere
1535 1626 1673 1663 autem
1707 1622 1863 1676 pariter

416 1702 684 1744 progressum
721 1689 872 1730 aetatis
911 1687 1098 1729 indicare
1133 1692 1271 1742 potest
1307 1693 1349 1731 et
1386 1688 1694 1731 decrementum
1715 1721 1724 1730 .
1755 1701 1864 1743 quae

418 1770 508 1798 cum
539 1756 598 1797 ita
629 1755 736 1808 sint,
759 1755 826 1796 hic
855 1767 924 1797 ars
955 1760 995 1797 et
1025 1755 1324 1797 demonstratio
1354 1755 1488 1797 locum
1510 1769 1593 1797 non
1615 1755 1766 1810 habet,
1788 1755 1864 1798 sed

418 1822 621 1866 divinatio
637 1852 647 1863 .
670 1835 770 1875 ergo
786 1821 1013 1876 Marullus,
1037 1835 1129 1864 cum
1149 1821 1399 1864 infinitivum
1419 1827 1663 1877 quaereret,
1683 1822 1727 1864 id
1749 1823 1864 1865 inve-

418 1891 478 1932 nit
503 1889 615 1944 quod
643 1889 752 1931 serio
781 1889 958 1931 laudare
988 1901 1111 1931 nemo
1139 1892 1301 1943 potest,
1324 1889 1490 1944 dilapsa
1510 1889 1693 1931 videmus
1714 1889 1865 1932 Cedere

413 1973 615 2013 proporro
636 1957 845 2012 subitoque
865 1971 1069 1998 senescere
1090 1971 1188 1997 casu
1211 1988 1219 1996 .
1248 1956 1512 1998 Abrahamus
1539 1960 1675 1998 autem
1697 1956 1863 2010 Preige-

416 2037 518 2078 rus,
549 2023 828 2077 Havercampi
861 2023 1051 2076 amicus,
1083 2023 1147 2064 cui
1179 2022 1231 2064 de
1261 2023 1508 2078 pronomine
1536 2023 1711 2065 relativo
1741 2023 1864 2065 subo-

416 2091 588 2145 luisset,
611 2090 716 2131 haec
730 2090 994 2145 ineptissima
1010 2089 1182 2143 effudit,
1207 2090 1374 2146 dilapsa
1389 2090 1596 2144 videmus,
1619 2090 1732 2140 Quae
1746 2106 1866 2132 ruere

410 2173 615 2213 proporro
636 2157 699 2198 ibi
715 2173 867 2212 conque
887 2173 1090 2199 senescere
1111 2156 1255 2198 credas
1278 2188 1287 2198 .
1314 2156 1412 2197 mihi
1432 2188 1441 2210 ,
1462 2160 1508 2198 ut
1527 2156 1631 2198 nihil
1652 2155 1864 2198 adfirmari

417 2237 544 2279 posse
575 2222 784 2277 concedo,
816 2223 875 2265 ita
905 2224 1162 2278 aptissimum
1192 2223 1254 2265 rei
1283 2222 1448 2265 videtur
1479 2224 1592 2274 Quae
1621 2236 1742 2263 που)
1767 2239 1863 2278 pro-

413 2307 540 2346 porro
570 2303 888 2335 vmmumoun
919 2306 1123 2333 senescere
1143 2289 1289 2332 credas
1310 2322 1318 2331 .
1341 2303 1507 2332 versum
1528 2291 1762 2345 proximum
1782 2290 1864 2332 No-

417 2358 510 2399 nius
541 2357 707 2399 exhibet
736 2371 776 2412 p.
795 2357 888 2411 225,
908 2357 989 2399 20.

529 2424 623 2466 318.
647 2438 775 2469 QUOD
798 2438 926 2465 OMNE
944 2424 1187 2466 Corsi-mar
1208 2438 1433 2465 AMPLExu
1454 2437 1668 2465 TERRAM.
1690 2438 1731 2464 SI
1748 2437 1864 2464 Pno-

418 2506 572 2533 cREAr
603 2505 662 2531 Ex
693 2506 743 2532 sn
774 2491 930 2534 OMNIA
955 2523 964 2532 .
996 2491 1196 2532 Marullus
1229 2491 1340 2546 quod
1368 2505 1530 2531 OMNEM
1559 2523 1567 2533 .
1599 2493 1666 2545 sz',
1696 2491 1809 2545 quod
1841 2504 1864 2532 e

416 2559 535 2600 libris
567 2559 723 2600 Italicis
754 2558 937 2608 excidit,
959 2557 1012 2598 de
1042 2558 1280 2599 coniectura
1310 2557 1587 2613 addideram,
1610 2571 1700 2600 cum
1730 2559 1774 2600 id
1805 2559 1865 2613 ip-

417 2639 506 2667 sum
544 2626 586 2666 in
620 2629 797 2679 utroque
827 2624 1034 2666 Vossiano
1071 2623 1268 2677 scriptum
1303 2624 1390 2666 vidi
1418 2639 1427 2678 3
1466 2625 1579 2678 quod
1613 2625 1864 2668 Havercam-

418 2705 521 2746 pus,
547 2693 685 2745 gentis
718 2692 906 2734 Batavae
937 2691 1145 2744 dedecus,
1173 2692 1275 2732 tanti
1307 2704 1391 2732 non
1421 2691 1540 2734 duxit
1570 2696 1614 2734 ut
1641 2691 1864 2734 dicendum

418 2759 680 2800 existimaret
701 2790 710 2799 .
733 2758 933 2800 Marullus
954 2771 1038 2799 non
1059 2757 1166 2799 bene
1187 2757 1298 2812 quod
1312 2767 1528 2813 procreat,
1553 2759 1758 2801 Antonius
1780 2759 1864 2800 Ma-

420 2826 470 2865 rii
508 2826 598 2867 sine
636 2838 761 2867 sensu
792 2842 875 2881 qua
906 2834 1090 2867 terram:
1118 2823 1299 2878 pessime
1329 2823 1648 2879 Wakefieldus,
1680 2825 1863 2868 Eichsta-

420 2891 490 2932 dio
522 2896 563 2933 et
592 2892 819 2945 Forbigero
850 2891 1147 2946 plaudentibus
1170 2924 1179 2945 ,
1201 2907 1314 2933 omne
1344 2900 1548 2934 terrarum
1567 2925 1578 2946 ‚
1606 2905 1697 2934 cum
1727 2896 1865 2934 tamen

417 2958 571 2999 scirent
601 2959 769 3000 Pacuvii
801 2959 904 3000 haec
935 2971 1054 3012 esse,
1084 2959 1174 3000 Hoc
1201 2958 1293 3000 vide
1308 2991 1318 3011 ,
1346 2959 1499 3000 circum
1524 2975 1731 3014 supraque
1757 2957 1868 3013 quod

1912 1805 1928 1822 Ο
