2040 3328
419 246 472 288 66
1131 248 1152 288 Ι

417 370 543 399 versu
562 356 699 398 vitai’s
720 357 942 398 dicendum
965 370 1057 398 esse
1079 356 1236 398 docebo
1260 354 1314 398 ad
1336 357 1483 398 librum
1504 372 1562 411 111,
1584 358 1666 399 374
1685 390 1692 398 .
1715 359 1757 399 in
1780 358 1862 400 fas-

417 423 470 465 tis
492 424 777 466 Praenestinis
799 424 969 465 Verrius
991 423 1166 464 Flaccus
1195 423 1323 464 semel
1352 437 1409 465 1v.
1430 424 1471 464 k.
1496 424 1590 465 Mai.
1622 425 1861 479 dedicatast,

417 490 460 532 in
482 490 630 532 iisdem
653 503 780 544 saepe
802 490 993 532 dedicata
1015 498 1096 531 est.
1119 489 1268 530 Festus
1289 503 1330 544 p.
1351 489 1445 544 334,
1475 491 1496 530 1
1518 491 1719 533 Verrione
1741 504 1795 532 an
1816 503 1862 533 se

417 561 587 599 auctore
618 557 832 611 scripserit
846 564 1165 612 praetervectast
1180 588 1190 608 ‚
1222 556 1293 597 vix
1314 556 1411 598 licet
1431 569 1632 609 quaerere
1650 588 1658 598 .
1681 558 1722 599 in
1744 558 1862 599 Luci-

415 623 461 663 lii
483 623 700 677 versibus,
732 624 803 676 qui
831 627 926 665 sunt
955 622 1069 677 apud
1092 622 1270 663 Nonium
1300 636 1340 676 p.
1359 623 1396 675 2,
1419 623 1472 664 29
1493 627 1754 665 monstruose
1775 637 1862 666 cor-

415 690 553 744 rupti,
584 695 771 731 monstra
807 690 901 744 ipsa
937 698 994 731 est
1030 689 1175 731 vocali·
1199 702 1276 730 sua
1305 693 1537 731 truncatum
1568 689 1698 732 fuisse
1728 694 1862 733 osten-

415 755 536 810 dunt,
555 757 607 797 In
623 773 789 798 numero
807 772 980 812 quorum
996 771 1104 797 nuuc
1112 757 1270 811 primu'
1290 757 1505 798 Trebellz‘u'
1520 756 1684 798 multost
1698 758 1862 799 Luciu’:

415 839 511 864 uam
533 832 656 865 sanat
662 823 822 879 febris,
854 824 1031 875 senium,
1061 824 1273 874 vomitum,
1300 834 1412 878 pus:
1442 822 1534 864 libri
1567 823 1675 864 enim
1706 823 1862 866 habent

413 890 560 931 multos
579 890 691 931 Titos
707 890 861 931 Lucios
880 890 1118 931 uarossibai
1121 889 1262 944 febris
1279 919 1288 929 .
1310 888 1420 930 idem
1436 889 1620 931 Lucilius
1635 889 1748 944 apud
1763 902 1861 932 eun-

414 955 510 997 dem
530 969 569 1010 p.
593 957 658 1011 78,
681 958 707 998 9
728 957 859 997 omnis
878 957 923 997 in
945 965 1067 997 unast
1087 956 1169 997 Res
1189 956 1346 997 homiui
1372 957 1507 1012 bulya,
1535 956 1659 1012 bulqa
1678 958 1776 999 haec
1797 957 1862 999 de-

414 1024 552 1064 vincta
573 1023 723 1064 lacerto
741 1031 797 1064 est
805 1039 819 1076 ;
838 1022 910 1063 ubi
925 1022 1021 1063 libri
1038 1023 1081 1063 in
1098 1038 1182 1063 una
1204 1023 1282 1063 seti
1298 1023 1526 1063 hominibus
1542 1023 1666 1078 bulqa
1681 1024 1778 1065 haec
1794 1024 1860 1066 de-

413 1090 549 1130 vincta
570 1098 675 1131 certo
693 1099 774 1131 est.
796 1090 839 1130 in
857 1089 1068 1131 Ciceronis
1089 1089 1368 1130 accusationis
1384 1088 1491 1129 libro
1509 1102 1534 1141 1,
1551 1088 1629 1130 153
1650 1090 1776 1132 scribi
1793 1090 1860 1132 de-

415 1156 484 1198 bet
505 1158 712 1198 communi
723 1155 938 1212 praesidio
955 1156 1052 1197 talis
1071 1157 1300 1210 inprobitas
1316 1165 1524 1210 tamquam
1539 1155 1712 1210 aliquod
1726 1158 1859 1199 incen-

413 1222 528 1264 dium
544 1223 936 1278 restiuyueudu‘mst,
959 1222 1060 1276 quia
1076 1222 1302 1264 Vaticanus
1318 1237 1358 1277 p.
1375 1223 1459 1264 410
1474 1221 1559 1262 Mai
1576 1221 1702 1264 habet
1715 1225 1860 1265 restiu-

408 1289 616 1346 9uendum
633 1291 712 1331 sit:
723 1290 851 1343 vulgo
865 1290 1001 1344 minus
1011 1287 1527 1344 eleganterrestinquenda
1543 1297 1619 1331 est.
1631 1289 1674 1331 in
1683 1290 1859 1343 Vergilii

412 1357 643 1410 georgicon
670 1371 714 1411 11,
737 1357 818 1398 272
847 1356 1017 1410 legebat
1046 1357 1254 1397 multumst
1283 1357 1426 1398 Velius
1456 1357 1627 1410 Longus
1657 1370 1699 1411 p.
1720 1357 1857 1399 2238.

411 1424 608 1465 Horatius
632 1424 674 1464 in
697 1424 882 1465 carmine
897 1423 1104 1465 saeculari
1121 1423 1219 1464 etin
1236 1427 1383 1476 quarto
1401 1424 1628 1465 carminum
1643 1422 1751 1464 libro
1773 1423 1858 1465 lon-

411 1503 488 1544 gas
510 1491 679 1534 vocales
701 1503 786 1532 non
806 1491 943 1532 elisit:
966 1503 1067 1543 ergo
1089 1490 1132 1530 in
1153 1490 1274 1531 huius
1297 1490 1445 1543 ecloga
1459 1490 1582 1532 tertia
1597 1490 1766 1544 scripsit
1789 1491 1860 1532 To-

412 1567 495 1600 tum
515 1558 698 1599 muueris
719 1558 792 1599 hoc
822 1558 920 1599 tuist
933 1589 944 1611 ,
966 1570 1050 1598 non
1071 1558 1136 1598 tui
1152 1565 1209 1598 est
1227 1589 1235 1598 .
1258 1561 1298 1599 et
1318 1557 1490 1611 protulit
1515 1557 1603 1598 eius
1632 1555 1745 1598 modi
1775 1569 1858 1598 11011

410 1624 529 1666 nulla
545 1623 726 1667 Orellius
745 1637 768 1666 e
785 1624 929 1667 codice
947 1623 1149 1665 Bernensi
1167 1624 1478 1678 antiquissimo,
1496 1627 1541 1665 ut
1555 1632 1754 1680 quantos-t,
1771 1633 1858 1665 tan-

410 1694 496 1745 tist,
516 1700 668 1747 eryost,
686 1693 969 1747 quaesitumst‚
987 1691 1029 1732 in
1044 1703 1281 1733 sermonum
1299 1705 1330 1741 1,
1351 1691 1386 1743 1,
1403 1690 1457 1732 59
1473 1691 1568 1733 etin
1587 1694 1677 1733 arte.
1695 1691 1860 1745 poetica

409 1759 492 1801 304
509 1759 590 1801 353
605 1758 688 1800 409
699 1790 708 1798 .
725 1758 769 1799 in
785 1761 1139 1812 pentametrorum
1157 1758 1270 1799 exitu
1287 1756 1463 1800 Ovidius
1480 1757 1698 1812 scripsisse
1713 1761 1860 1812 putan-

409 1825 488 1868 dus
506 1830 686 1881 estpars
702 1825 808 1867 bona
822 1826 969 1867 montis
986 1833 1082 1879 east,
1101 1841 1202 1866 cura
1217 1833 1366 1866 novata
1380 1834 1518 1878 meast,
1536 1840 1658 1866 sacra
1671 1823 1859 1880 ronqanda

407 1894 515 1935 viast
529 1923 539 1940 ‚
566 1893 682 1935 laesa
695 1892 846 1948 flqura
873 1899 982 1932 tuast
998 1923 1009 1944 ,
1024 1891 1148 1947 ferre
1161 1901 1353 1947 97·avest,
1376 1907 1456 1933 uon
1477 1890 1670 1933 adeunda
1680 1890 1830 1947 podest
1848 1923 1857 1940 ,

398 1961 548 2016 palma
568 1958 748 2015 petenda
773 1958 936 2010 mihist,
958 1974 1114 2014 repexa
1140 1958 1323 2012 modost;
1342 1959 1441 2000 item
1462 1958 1654 2000 Tibullus
1674 1973 1755 1999 uon
1785 1957 1864 1998 tibi

407 2028 518 2069 culta
537 2034 713 2079 comast,
736 2033 881 2080 aperta
900 2026 1008 2066 viast
1022 2057 1033 2078 ,
1049 2024 1176 2079 facta
1197 2025 1332 2066 tubast
1345 2058 1356 2078 ‚
1379 2025 1523 2080 puella
1543 2026 1710 2077 bonust,
1739 2023 1859 2065 salva

402 2094 547 2151 puella
563 2094 674 2135 tibist
685 2108 700 2146 ;
720 2092 964 2147 Propertius
981 2093 1127 2134 clausa
1138 2092 1286 2148 puella
1302 2100 1440 2146 meast,
1461 2092 1539 2133 illa
1555 2091 1705 2145 futura
1718 2098 1856 2143 meast,

404 2163 529 2218 siqua
549 2169 678 2213 tuast,
699 2159 924 2215 perfidiast
935 2191 946 2212 ,
974 2174 1095 2200 caeca
1114 2159 1232 2212 via-st,
1254 2160 1297 2200 si
1305 2160 1474 2214 patiare
1492 2159 1634 2210 levest,
1656 2159 1701 2199 in
1721 2172 1858 2198 amore

404 2236 535 2270 rotast
548 2259 559 2280 ‚
586 2242 694 2268 nuuc
709 2227 817 2268 mihi
833 2226 967 2267 dulcis
989 2234 1139 2281 aquast
1155 2258 1164 2275 ‚
1195 2225 1404 2267 invidiosa
1420 2225 1534 2267 deast
1548 2257 1559 2278 ,
1588 2224 1856 2279 Carpathium

404 2311 519 2337 omne
539 2295 701 2347 marest,
724 2307 878 2334 ancora
898 2293 1009 2334 iacta
1028 2293 1168 2333 mihist
1184 2308 1196 2334 .·
1217 2304 1353 2346 neque
1370 2292 1558 2334 Catullus
1580 2291 1702 2332 aliter
1717 2289 1856 2331 dicere

403 2361 565 2416 potuit,
597 2360 673 2402 sed
703 2359 870 2414 scripsit
885 2359 1132 2415 pollicita-st,
1156 2359 1280 2415 culpa
1300 2368 1430 2412 tuast,
1453 2358 1570 2400 dulce
1589 2358 1751 2410 mihist,
1774 2357 1854 2398 Zae-

403 2430 556 2481 titz'ast,
578 2428 679 2481 quia
706 2427 751 2468 in
775 2426 853 2468 illa
877 2426 1128 2481 pentametri
1148 2430 1268 2481 parte
1296 2425 1416 2468 elisio
1437 2425 1574 2466 locum
1601 2436 1685 2465 non
1705 2423 1853 2465 habet.

405 2495 548 2551 itaque
570 2495 842 2548 Priapeorum
863 2496 1014 2548 poetae
1035 2493 1227 2535 similiter
1249 2493 1386 2547 deast,
1417 2500 1567 2545 meast,
1595 2499 1725 2544 tuast,
1750 2506 1853 2532 mer-

403 2562 587 2616 daceast‚
611 2564 652 2603 et
667 2560 873 2602 Martialis
888 2569 1035 2613 meast,
1058 2569 1184 2614 tuast,
1207 2560 1365 2613 datast,
1378 2560 1534 2615 pilast,
1555 2566 1706 2612 rosast,
1728 2558 1852 2606 viaet,

400 2637 564 2683 casast,
581 2629 738 2684 ferast,
766 2627 931 2683 qula-st,
959 2635 1146 2682 gravest,
1177 2627 1336 2679 honest,
1359 2627 1490 2679 tibist,
1512 2626 1684 2678 homost,
1707 2622 1853 2667 Sardi-

399 2698 535 2750 uiast,
566 2696 819 2752 suppositast
833 2726 844 2747 ‚
877 2692 1142 2749 saudapz'last
1156 2726 1166 2746 ,
1198 2693 1432 2747 luxuria-st,
1447 2694 1666 2749 piqritiast
1681 2724 1691 2744 ,
1714 2691 1853 2732 chera-

396 2772 516 2819 9rast
530 2796 541 2816 ,
561 2762 833 2818 pudicitiast,
857 2760 1070 2816 difficilest
1089 2759 1168 2813 (sic
1189 2759 1315 2814 plane
1333 2760 1569 2802 Puteaneus
1590 2759 1634 2800 in
1654 2772 1742 2812 xm,
1759 2756 1850 2811 48),

398 2830 573 2872 similest
588 2862 599 2883 ,
624 2828 872 2871 condiciost.
894 2831 1020 2881 atque
1052 2826 1198 2868 eadem'
1230 2827 1393 2869 ratione
1413 2826 1632 2881 Propertio
1664 2824 1852 2878 cogimur

398 2895 637 2938 adscribere
656 2895 735 2938 hoc
753 2928 762 2950 ,
772 2895 900 2951 facta
914 2894 1091 2950 superba
1107 2894 1216 2936 dea’s
1231 2908 1289 2948 111,
1312 2894 1378 2948 33,
1404 2893 1468 2948 14,
1491 2898 1532 2935 et
1548 2891 1710 2952 Catullo
1727 2890 1850 2946 polli-

397 2963 511 3006 cita’s
531 2963 597 3018 66,
620 2962 675 3004 34
695 2966 736 3004 et
756 2962 909 3004 Lesbia
932 2970 1070 3003 amata
1090 2962 1212 3004 mea’s
1233 2961 1298 3016 87,
1321 2961 1371 3015 23
1394 2972 1648 3015 quamquam
1671 2956 1848 3001 Ovidius
