2040 3328
365 225 448 265 424
751 228 754 230 ’
1068 226 1126 266 VI

368 336 517 377 melius
548 340 659 377 certe
690 336 741 376 iis
772 336 842 388 qui
874 336 1089 390 pueriliter
1119 341 1341 389 peccantes
1368 337 1553 379 fecerunt
1573 354 1734 380 maeror
1753 340 1816 380 is.

368 403 443 444 sed
475 404 553 444 hoc
583 415 719 455 neque
739 403 972 444 sententiae
993 405 1136 457 aptum
1158 405 1221 443 est
1242 402 1354 456 (quis
1375 404 1484 445 enim
1505 406 1705 447 maiorem
1725 418 1818 460 par-

367 475 449 511 tem
481 469 786 522 agricolarum,
809 482 901 510 cum
933 473 1156 522 aegrotare
1187 469 1449 524 coepissent,
1478 471 1519 511 in
1549 471 1694 513 urbem
1724 485 1818 514 con-

367 535 540 577 fluxisse
562 535 706 577 credat
716 535 777 590 ‘?),
801 540 840 578 et
864 537 934 589 qui
955 549 1121 578 versum
1145 536 1284 577 facere
1306 535 1521 578 didicisset
1541 543 1613 579 aut
1633 555 1684 580 ex
1703 541 1819 594 aqris

367 604 405 643 is
424 618 584 644 maeror
612 603 850 657 scripsisset
871 607 944 644 aut
970 603 1109 657 potius
1130 603 1194 644 hic
1223 619 1273 644 ex
1293 604 1408 657 ayrz's
1430 619 1591 646 maeror
1607 637 1616 645 .
1638 605 1819 660 denique

368 669 544 723 septimo
565 669 680 710 urbis
703 671 896 711 conditae
919 670 1088 711 saeculo
1115 681 1263 722 nemo,
1294 669 1375 710 nisi
1403 669 1550 725 fallor,
1583 671 1722 713 dicere
1746 684 1818 726 po·

368 736 446 776 tuit
466 751 626 777 maeros
644 767 651 776 .
684 735 789 776 dixit
818 735 987 789 quidem
1008 736 1226 777 Lucretius
1257 737 1363 777 colos
1391 740 1432 778 et
1451 753 1579 792 vapos
1594 770 1605 790 ,
1626 737 1724 779 item
1745 737 1818 779 alii

368 803 492 843 honos
513 802 609 843 odos
631 802 743 844 labos
765 803 896 857 lepos,
919 802 994 843 sed
1016 803 1157 844 omnia
1175 806 1272 856 post
1286 803 1456 845 brevem
1472 803 1682 858 syllabam
1701 817 1819 858 prae-

369 873 430 910 ter
459 870 580 910 arbos
610 869 854 910 femininum
874 901 881 909 .
912 872 1058 910 contra
1085 884 1230 924 aeqros
1251 873 1291 910 et
1310 885 1424 911 amos
1451 870 1493 911 in
1514 870 1593 912 hoc
1612 870 1718 912 libro
1740 871 1819 912 Lu-

369 935 485 976 cretii
509 936 615 977 1132
642 937 745 977 1187
769 936 908 976 nullus
931 939 1121 977 auctores
1147 935 1327 977 habent.
1355 937 1506 978 clamos
1520 969 1531 990 ,
1560 936 1673 991 quod
1695 936 1819 987 Quin-

368 1002 540 1043 tilianus
568 1003 610 1043 in
638 1017 664 1056 1,
687 1003 725 1056 4,
757 1003 808 1043 13
838 1003 1050 1044 veteribus
1081 1002 1306 1051 adscribit,
1336 1002 1515 1045 Ennium
1547 1003 1706 1045 dixisse
1735 1016 1819 1044 non

368 1068 533 1121 negabo
580 1069 663 1111 illis
709 1068 900 1111 versibus
918 1101 927 1122 ,
977 1069 1152 1110 Tollitur
1196 1070 1240 1110 in
1275 1070 1432 1111 caelum
1469 1071 1621 1112 clamos
1656 1079 1820 1112 exortus

368 1137 574 1191 utrimque
590 1169 600 1189 ,
639 1137 800 1178 Clamo-5¹
835 1135 894 1176 ad
928 1136 1084 1177 caelum
1121 1135 1332 1178 ‘volvenda’
1365 1153 1442 1191 per
1480 1145 1581 1178 ae'ra
1610 1139 1723 1192 vaqit
1736 1170 1747 1191 ‚
1778 1138 1821 1178 in

370 1202 522 1256 quibus
553 1204 709 1244 clamor
739 1207 801 1245 est
831 1203 942 1258 apud
964 1202 1219 1244 Macrobium
1250 1203 1293 1244 in
1315 1203 1480 1244 Saturn.
1503 1218 1557 1258 vi,
1585 1205 1602 1244 1
1636 1208 1676 1245 et
1706 1203 1819 1259 apud

369 1269 597 1311 Varronem
631 1270 683 1311 de
714 1270 861 1324 lingua
881 1270 1033 1311 Latina
1063 1263 1185 1323 vn'p.
1203 1270 1310 1311 381:
1342 1259 1488 1312 sedin
1520 1271 1632 1324 alio,
1664 1271 1735 1325 qui
1757 1275 1820 1312 est

369 1336 480 1390 apud
502 1337 669 1378 Festum
691 1351 730 1391 p.
747 1337 842 1388 375,
861 1337 907 1387 8,
931 1336 1078 1378 eodem
1099 1337 1189 1378 iure
1207 1337 1293 1388 Qui
1304 1338 1454 1379 clamos
1475 1338 1602 1380 scribi
1624 1341 1760 1392 potest
1780 1341 1820 1379 et

370 1403 456 1453 Qui
481 1404 656 1445 elamore
686 1405 964 1460 oppuynantis
980 1436 990 1457 ‚
1021 1419 1170 1459 vayore
1199 1404 1379 1446 volanti.

485 1470 604 1511 1262.
658 1469 817 1512 OMNIA
869 1483 1176 1511 coquBAN'r
1225 1484 1348 1511 LocA
1399 1484 1674 1521 moriscum
1725 1483 1818 1516 Quo

367 1550 518 1576 MAGIS
564 1551 744 1578 AESTUS
791 1538 1078 1580 Cournsros
1128 1551 1207 1578 ITA
1251 1551 1532 1578 ACERVATIM
1574 1551 1697 1578 mous
1741 1551 1820 1578 Ac-

369 1618 661 1644 CUMULABAT
680 1636 689 1645 .
722 1604 939 1646 Corrector
969 1604 1142 1658 oblongi
1172 1604 1422 1646 condebant:
1452 1604 1529 1646 sed
1558 1609 1670 1647 recte
1699 1605 1820 1647 Lam-

368 1671 490 1713 binus
513 1684 827 1711 CONPLEBANT
844 1703 853 1714 .
885 1675 970 1712 tum
991 1671 1222 1725 quadratus
1243 1687 1287 1713 co
1307 1672 1441 1726 maqis
1463 1680 1570 1713 estus
1586 1703 1595 1713 .
1622 1671 1689 1713 hic
1708 1671 1819 1714 idem

368 1738 596 1780 Lambinus
628 1753 706 1793 quo
735 1754 853 1793 maye
884 1753 948 1780 eos
978 1747 1090 1779 tum:
1118 1738 1194 1780 sed
1223 1754 1340 1793 ‘maye
1370 1738 1516 1779 ultima
1545 1738 1683 1780 vocali
1713 1738 1820 1780 elisa

368 1818 451 1846 non
484 1804 634 1846 dicitur
665 1805 707 1845 in
737 1817 862 1846 versu
893 1804 1163 1858 hexametro,
1195 1818 1284 1846 cum
1317 1817 1340 1846 e
1370 1805 1580 1847 contrario
1609 1805 1652 1846 in
1681 1805 1819 1847 Plauti

368 1885 418 1913 ac
439 1872 622 1913 Terentii
646 1871 799 1912 fabulis
820 1884 904 1912 non
924 1871 1164 1913 inveniatur
1184 1871 1264 1912 nisi
1286 1875 1383 1912 ante
1404 1873 1573 1914 vocales
1594 1872 1791 1926 scriptum
1809 1902 1818 1912 .

367 1937 467 1978 mihi
507 1951 590 1979 non
627 1938 793 1980 videtur
829 1938 1001 1979 dubium
1038 1951 1130 1980 esse
1167 1938 1270 1991 quin
1308 1938 1572 1980 scribendum
1609 1938 1663 1980 sit
1697 1952 1817 1979 Asru

368 2005 598 2060 ConfertoS,
622 2005 810 2046 ablativo
833 2017 952 2047 casu:
974 2018 1071 2046 nam
1093 2005 1334 2046 Priscianus
1355 2019 1394 2059 p.
1417 2005 1522 2047 1012
1543 2014 1651 2059 astu,
1667 2005 1820 2059 inquit,

367 2087 510 2113 nomen
532 2080 589 2113 est
609 2071 899 2114 indeclinabile
919 2071 1116 2127 quomodo
1139 2087 1282 2124 cornu,
1312 2075 1352 2113 et
1371 2073 1415 2113 in
1437 2081 1528 2128 asty
1549 2071 1697 2114 eodem
1718 2085 1819 2114 casu

369 2138 563 2180 scribitur
594 2138 707 2193 apud
738 2138 972 2181 Vitruvium
1002 2139 1045 2180 in
1075 2138 1339 2192 praefatione
1369 2138 1465 2180 libri
1495 2153 1555 2179 vu
1574 2141 1612 2191 ξ.
1633 2139 1696 2192 17,
1717 2138 1818 2180 item

365 2205 411 2246 in
440 2219 528 2259 vm,
547 2206 585 2259 3,
609 2206 652 2247 6.

481 2272 601 2314 1264.
634 2273 806 2313 MULTA
838 2286 932 2312 SITI
962 2286 1246 2313 PRos‘rRATA
1268 2287 1387 2313 VIAM
1413 2287 1504 2314 PER
1524 2286 1720 2319 PROQUE
1741 2286 1818 2314 vo-

366 2353 490 2379 LUTA
513 2338 744 2380 CORPORA
767 2353 967 2380 suanos
990 2354 1050 2380 AD
1074 2354 1308 2385 AQUARUM
1329 2354 1518 2380 STRATA
1540 2353 1815 2381 monium.

365 2406 567 2459 Impressi
587 2421 798 2447 IACEBAN
811 2421 852 2448 T.
875 2408 917 2448 in
938 2407 1002 2448 his
1024 2423 1198 2462 corpora
1219 2408 1293 2448 siti
1301 2415 1515 2462 prostrata
1534 2415 1664 2448 strata
1684 2408 1818 2449 iacere

367 2472 449 2514 dici
478 2472 605 2514 valde
634 2474 812 2527 probant
844 2474 1040 2528 exquisiti
1070 2474 1213 2515 iudicii
1244 2473 1349 2525 viri,
1382 2473 1674 2525 Eichstadius‚
1703 2471 1817 2515 Orel-

365 2539 474 2594 lius,
499 2540 729 2593 Forbiger,
762 2554 852 2582 cum
875 2540 1166 2594 Wakefieldus
1197 2540 1264 2581 hic
1292 2552 1401 2580 unus
1432 2539 1616 2581 omnium
1644 2539 1701 2581 ad
1730 2552 1818 2581 rem

366 2605 631 2648 manifestam
653 2608 794 2648 oculos
816 2607 1113 2661 applicuisset.
1135 2607 1210 2649 sed
1231 2606 1342 2648 idem
1362 2606 1586 2648 infeliciter
1599 2606 1818 2661 temptavit

365 2674 522 2715 silanos
553 2673 611 2714 ad
639 2690 844 2728 aquarum
873 2682 1030 2715 structa
1059 2674 1273 2715 iacebant:
1303 2673 1382 2714 hoe
1412 2672 1523 2714 enim
1547 2685 1712 2715 omnem
1732 2686 1816 2715 mo-

366 2739 464 2781 dum
496 2744 695 2794 superat.
732 2740 999 2782 scribendum
1030 2744 1092 2782 est
1121 2740 1258 2781 Multa
1287 2741 1361 2781 siti
1385 2753 1678 2780 PROTRACTA
1707 2740 1819 2781 viam

362 2822 439 2861 per
464 2822 622 2862 proque
652 2807 789 2848 voluta
803 2839 814 2860 ‚
837 2806 1035 2848 videlicet
1063 2807 1131 2848 siti
1162 2810 1373 2860 protracta
1394 2819 1446 2848 ex
1466 2806 1641 2848 aedibus
1658 2838 1667 2848 .
1689 2818 1818 2860 supra

366 2873 446 2914 605
478 2878 568 2914 erat
597 2874 828 2915 substructa
857 2886 931 2928 pro
964 2875 1193 2916 subtracta:
1222 2874 1266 2914 in
1295 2873 1555 2927 1v,411415
1586 2871 1816 2926 quadratus

366 2940 594 2981 substracta
625 2944 665 2982 et
694 2949 847 2982 stracta
877 2954 953 2995 pro
984 2941 1190 2981 substrata
1220 2944 1260 2982 et
1288 2948 1444 2981 strala.
