2040 3328
412 231 466 274 82
1114 236 1157 278 II

410 344 450 397 4,
475 345 525 386 19
555 359 594 399 V,
617 346 654 398 3,
677 346 731 388 59
754 378 762 387 .
787 337 1027 401 'dactylicos
1067 351 1204 388 autem
1236 348 1427 391 heroicos
1457 350 1578 392 binos
1607 351 1665 392 ita
1695 364 1859 405 semper

410 411 741 466 coniunxerunt,
773 417 818 454 ut
847 413 1044 454 continua
1065 418 1175 455 esset
1195 427 1330 468 neque
1353 415 1583 471 interrupta
1612 414 1830 474 συνάφεια
1847 428 1869 458 .·

411 490 512 531 ergo
543 478 611 520 hic
639 479 738 533 pedi
766 483 883 521 sexto
905 481 1119 533 spondeus
1141 481 1360 536 convenit,
1383 495 1468 524 non
1488 485 1708 527 trochaeus
1731 517 1740 526 .
1762 485 1857 527 dac-

409 546 497 599 tylo
528 545 598 598 qui
628 558 729 586 usus
758 546 812 587 sit
840 559 969 587 unum
990 547 1186 590 Ovidium
1207 548 1375 591 invenio
1395 579 1404 602 ,
1428 549 1464 590 si
1484 550 1608 592 modo
1629 565 1774 594 verum
1795 556 1859 594 est

409 625 504 654 eum
516 612 558 653 in
572 613 964 667 metamorphoseon
974 628 1046 669 ΧΠ,
1056 615 1136 657 395
1154 615 1375 670 scripsisse
1383 616 1529 657 Barba
1540 627 1632 659 erac
1643 619 1856 674 incipiem,

410 679 559 721 barbae
579 679 689 720 color
710 695 863 721 aureus
878 712 888 733 ,
921 697 1128 736 aureaque
1155 686 1206 724 em
1234 683 1387 723 umeris
1406 682 1559 724 medios
1579 699 1692 726 coma
1712 685 1857 742 depen-

409 745 528 787 debat
556 746 602 787 in
631 762 795 788 armos:
825 759 922 788 nam
952 749 1212 803 exemplaria
1231 749 1344 791 bona
1366 753 1406 790 et
1425 749 1598 803 antiqua
1619 753 1758 794 omnia
1786 752 1857 795 ha-

408 812 508 854 bent
537 829 668 855 aurea
695 814 767 856 Ex
795 817 979 857 umeris.
1011 814 1090 857 hoc
1125 815 1398 857 certissimum
1437 821 1525 870 est,
1556 831 1780 873 perperam
1813 820 1858 861 in

409 878 570 921 Horatii
601 893 840 923 sermonum
869 896 896 936 1,
919 882 957 937 2,
979 882 1033 924 62
1063 882 1286 937 plerosque
1316 882 1497 925 scribere
1528 884 1634 940 quid
1657 887 1859 928 z'nter-Est

407 947 453 988 in
481 955 672 989 matrona
700 949 856 990 ancilla
882 965 1075 1004 peccesne
1111 950 1282 1004 toqata?
1312 953 1352 991 et
1387 950 1578 1004 imperite
1608 952 1778 995 Servius
1814 953 1858 995 in

409 1013 623 1055 Aeneidos
653 1027 694 1066 X,
715 1014 798 1056 496
836 1015 936 1057 dicit
973 1015 1282 1070 hypermetrum
1318 1029 1486 1058 versum
1516 1031 1608 1060 esse
1638 1031 1765 1073 posse
1794 1021 1855 1062 in-

407 1081 550 1122 mania
570 1080 764 1136 pondera
794 1082 923 1124 baltei
948 1086 1262 1138 impressumque
1292 1083 1412 1139 nefas
1433 1115 1441 1124 .
1483 1083 1526 1125 in
1564 1083 1740 1127 disticho
1778 1086 1859 1128 ele-

408 1146 530 1200 giaco
553 1146 744 1189 Catullus
773 1148 940 1202 syllaba
970 1149 1099 1202 longa
1128 1162 1228 1192 usus
1259 1154 1322 1191 est
1355 1150 1502 1206 115,5,
1533 1151 1697 1206 Prata,
1728 1168 1856 1206 arva,

406 1215 590 1270 inqentes
624 1214 754 1256 silvas
787 1215 1000 1271 saltusque
1030 1216 1291 1272 paludesque
1325 1220 1456 1273 ‘cisque
1486 1218 1545 1260 ad
1570 1219 1858 1275 Hyperboreos

408 1290 443 1323 et
471 1297 586 1323 mare
614 1281 673 1323 ad
700 1281 906 1324 Oceanum
924 1315 932 1323 .

522 1349 613 1390 120.
645 1347 901 1390 CONCILIIS
923 1381 933 1391 .
956 1349 1082 1404 Apud
1105 1351 1288 1393 Nonium
1309 1365 1350 1406 p.
1367 1353 1406 1406 6,
1424 1353 1449 1394 6
1471 1353 1651 1395 Concilis
1666 1368 1680 1406 ,·
1701 1352 1754 1395 de
1774 1366 1856 1406 quo

407 1416 568 1458 dicetur
597 1415 655 1456 ad
685 1415 836 1457 librum
867 1430 907 1470 v,
929 1417 982 1459 85
1001 1447 1010 1457 .
1032 1418 1087 1459 ad
1114 1419 1308 1472 proxima
1330 1418 1575 1461 scholiastes
1596 1420 1756 1462 Lucani
1776 1433 1858 1462 res-

407 1483 510 1538 picit
538 1482 644 1525 libro
666 1496 722 1536 1X,
744 1483 827 1525 563
846 1516 855 1533 ‚
877 1483 947 1525 ubi
977 1483 1082 1526 haec
1110 1485 1330 1538 leguntur.
1354 1486 1437 1527 Hic
1458 1487 1669 1542 ememplar
1690 1489 1858 1543 posuit,

406 1551 627 1592 Lucretius
657 1550 890 1605 ememplare
914 1553 1080 1606 posuit,
1111 1567 1185 1594 uos
1214 1553 1258 1593 in
1287 1569 1366 1594 usu
1396 1553 1625 1608 exemplum
1654 1553 1858 1597 dicimus:

406 1616 507 1659 adeo
538 1618 676 1658 omnia
705 1626 800 1659 sunt
828 1618 986 1660 Latina
1010 1650 1019 1659 .
1047 1618 1313 1660 scribendum
1349 1623 1412 1661 est
1449 1636 1522 1661 uos
1551 1621 1597 1662 in
1623 1637 1703 1662 usu
1732 1637 1859 1664 exem·

396 1684 591 1740 plarz'um
611 1683 815 1726 dicimus:
835 1685 896 1727 Sic
917 1685 1027 1727 enim
1049 1685 1268 1740 dicebant,
1292 1686 1370 1728 hoc
1391 1687 1711 1742 eoeemplarium,
1732 1686 1858 1730 huius

407 1751 679 1807 eaeemplariz',
711 1751 789 1792 hoc
819 1753 1098 1808 eoeemplarz'o,
1129 1752 1228 1794 item
1259 1753 1457 1795 altarium
1488 1757 1528 1795 et
1557 1754 1708 1796 altario
1725 1785 1734 1795 .

522 1818 613 1860 134.
646 1832 945 1860 CONCILIATA
968 1852 976 1860 .
997 1819 1094 1861 Itali
1125 1823 1166 1861 et
1194 1819 1391 1874 impressi
1423 1830 1722 1862 CONCILIATU
1744 1852 1754 1862 .

522 1885 829 1927 136.1N1›ULSA
847 1901 1070 1940 GIENTUR,
1087 1887 1138 1928 11>
1149 1900 1302 1932 sAan
1318 1901 1474 1928 pomzo
1491 1900 1650 1928 PAULO
1666 1902 1856 1930 MAIORA

406 1966 688 1993 LACESSUNT
707 1986 716 1994 .
739 1954 1032 2007 Antiquissimi
1063 1958 1318 1995 correctores
1349 1969 1562 1996 cmm-nn
1584 1986 1592 1996 .
1623 1959 1709 1996 tum
1731 1956 1858 1997 Anto-

405 2021 500 2063 nius
522 2021 644 2062 Marii
666 2021 837 2076 Ictaque
858 2037 962 2076 quae
983 2038 1144 2077 porro,
1169 2021 1372 2063 Marullus
1394 2035 1486 2063 cum
1509 2022 1656 2063 ceteris
1677 2023 1859 2078 Ipsaque

407 2104 511 2143 quae
537 2103 663 2143 porro
685 2088 818 2143 paulo
848 2088 1183 2141 maz‘ora‚'verb0
1214 2088 1474 2130 substantivo
1506 2092 1650 2130 contra
1675 2089 1855 2132 Lucretii

406 2155 748 2196 consuetudinem
779 2154 996 2196 deficiente
1028 2186 1036 2194 .
1073 2155 1213 2208 itaque
1244 2155 1354 2196 malo
1386 2155 1566 2210 Ipsaque
1595 2169 1855 2197 PROPORRO

398 2222 530 2277 paulo
560 2223 722 2264 maiora
753 2222 957 2263 lacessunt
977 2253 986 2262 .
1027 2221 1105 2263 hoc
1142 2221 1371 2274 adverbiO,
1410 2221 1522 2274 quod
1551 2222 1734 2264 Lucretii
1763 2236 1856 2278 pro-

405 2289 542 2342 prium
573 2288 867 2343 esse'putant,
907 2288 1093 2330 Lucilius
1130 2302 1296 2342 quoque
1327 2301 1426 2330 usus
1458 2292 1519 2330 est
1549 2289 1590 2329 in
1619 2289 1725 2330 libro
1755 2304 1854 2344 xxx,

404 2371 578 2411 sperans
609 2357 763 2398 lactare
791 2372 854 2398 me
884 2355 1053 2398 eandem
1072 2358 1197 2398 Hauc
1223 2371 1426 2411 proporro
1452 2371 1572 2411 posse
1603 2363 1639 2396 et
1667 2371 1854 2398 mansum

406 2438 457 2463 em
475 2437 543 2464 ore
565 2421 782 2476 daturum5
803 2435 908 2476 quae
929 2423 1061 2465 verba
1081 2423 1253 2465 nutricis
1275 2426 1371 2464 sunt
1389 2437 1397 2463 ε
1420 2422 1463 2464 in
1483 2422 1609 2464 Nonii
1630 2435 1672 2476 p.
1692 2422 1783 2476 140,
1804 2423 1855 2464 13

404 2489 501 2530 libri
530 2505 704 2545 sperans
734 2498 904 2531 aetatem
934 2490 1102 2532 eandem
1133 2491 1230 2532 haec
1256 2490 1450 2547 proferro
1478 2498 1638 2545 posset.

519 2557 611 2597 144.
654 2557 851 2598 Pmmmu
882 2571 1079 2598 AURORA
1109 2571 1272 2598 Novort
1302 2571 1399 2598 ch
1429 2569 1638 2598 sPARGm*
1668 2570 1855 2596 mmmm

405 2637 593 2664 ramus
612 2655 620 2664 .
644 2624 936 2677 Antiquissimi
958 2628 1213 2666 correctores
1235 2638 1360 2665 Novo
1380 2655 1388 2664 .
1411 2623 1619 2676 Vergilius
1641 2622 1855 2666 Aeneidos

403 2705 459 2744 rx,
480 2691 563 2733 459
599 2691 655 2732 Εὐ
682 2692 767 2732 iam
792 2692 934 2746 prima
964 2706 1065 2732 ‘novo
1096 2693 1316 2748 spavrlqebat
1345 2691 1497 2732 lumine
1527 2699 1659 2731 cerras
1693 2690 1860 2731 Tithoni

403 2774 586 2800 croceum
617 2758 807 2814 linquens
836 2773 992 2799 aurora
1021 2759 1152 2799 cubile
1166 2775 1180 2811 ,-
1219 2757 1331 2812 quod
1361 2757 1532 2800 Servius
1565 2757 1855 2799 Lucretianum

405 2837 498 2866 esse
529 2825 661 2867 dicit.
684 2829 861 2879 apparet
889 2828 1030 2867 autem
1059 2826 1289 2878 Vergilium
1320 2825 1519 2879 temporis
1550 2822 1853 2876 significatione

403 2892 618 2946 accepisse
634 2893 844 2947 primum,
867 2905 951 2934 non
973 2892 1156 2946 ordinis,
1180 2897 1225 2933 ut
1247 2891 1470 2934 Creechius
1487 2896 1528 2933 et
1543 2888 1828 2932 Wakefieldus
1843 2921 1852 2930 .
