2040 3328
429 242 509 284 190
808 260 810 262 ·
1111 247 1176 288 III

423 353 579 407 scripta
609 354 743 396 edidit
764 386 773 395 .
796 354 890 405 qu
918 355 1016 396 Itali
1036 360 1078 397 et
1098 357 1300 399 Marullus
1325 364 1366 401 et
1385 360 1616 415 Avantius,
1638 363 1864 404 secundum

423 419 594 461 eosdem
624 420 755 462 Italos
785 421 991 462 Avantius
1021 422 1216 464 iacentem
1247 437 1324 478 sn,
1357 425 1587 468 Lambinus
1615 441 1805 468 DOLERE
1826 460 1836 470 .

535 486 628 528 890.
666 500 1073 528 TORRERESECERE
1117 503 1326 537 FLAMms
1360 522 1370 533 .
1409 492 1503 534 Itali
1549 498 1590 536 et
1633 494 1864 536 Brixiensis

423 553 549 594 editio
579 566 894 594 TORRESCERE
916 585 926 596 .

531 619 624 661 893.
662 634 875 660 suenum:
910 635 1144 662 OBRUTUM
1171 654 1179 662 .
1207 623 1411 666 Marullus
1449 638 1693 667 OBTRITUM
1715 659 1723 668 .
1746 627 1863 670 scho-

419 686 562 728 liastes
593 685 717 728 Statii
748 687 803 728 ad
833 687 1072 730 Thebaidos
1102 703 1161 742 111,
1182 690 1235 731 98
1264 699 1308 731 ut
1328 691 1551 749 ¹Lucretiam
1567 724 1578 745 ,
1600 692 1718 735 Iusta
1738 694 1862 736 homi-

417 754 484 794 nis
514 753 727 807 sepultura
755 755 863 795 nihil
885 755 1079 810 prodest.

530 819 624 862 894.
655 820 820 860 AM1AM
848 833 940 861 Non
969 834 1130 862 Domus
1159 825 1495 866 Acc1P1nT.Ita
1515 824 1862 880 oblongus.qua-

419 886 564 928 dratus
594 886 768 927 Vimiam
784 902 797 927 .·
826 899 923 928 nam
954 901 1049 930 eum
1078 888 1235 930 habere
1255 889 1365 931 Nam
1385 891 1469 932 iam
1488 891 1752 933 mendacium
1773 897 1836 935 est
1852 923 1862 934 .

418 954 517 995 olim
547 953 740 1006 impressi
770 953 953 995 Atnuam
982 955 1051 996 vel
1080 955 1274 1008 Atvz'am,
1296 956 1407 998 unde
1430 957 1634 1000 Marullus
1664 958 1722 999 At
1750 959 1834 1001 iam
1851 990 1860 1000 .

418 1019 682 1074 aptissimum
713 1023 776 1060 est
805 1019 898 1060 IAM
927 1022 1011 1062 iam
1032 1053 1042 1074 ,
1064 1021 1178 1074 quod
1206 1021 1332 1063 habet
1361 1023 1571 1066 Antonius
1601 1024 1750 1067 Marii.

528 1086 622 1127 897.
653 1099 796 1126 FAcr1
826 1100 1165 1128 nouem-mus
1196 1102 1220 1128 Ε
1239 1102 1318 1128 ssu
1335 1121 1344 1131 .
1368 1089 1586 1132 Gorrector
1606 1091 1801 1144 quadrati
1821 1095 1862 1132 et

416 1152 528 1194 idem
558 1152 767 1194 Antonius
796 1167 968 1193 rAcns
991 1185 1000 1194 .

527 1219 622 1261 902.
654 1218 758 1269 Quo
787 1233 910 1259 BENE
942 1234 983 1260 Sl
1012 1235 1225 1261 BIDEANT
1248 1252 1256 1261 .
1281 1220 1389 1264 Olim
1416 1223 1636 1278 impressi,
1658 1224 1756 1266 item
1776 1224 1860 1267 An-

414 1286 553 1328 tonius
583 1290 624 1327 et
654 1286 882 1340 Marullus,
911 1286 1060 1337 QUOD
1091 1289 1187 1330 bene
1207 1321 1217 1331 .

527 1353 621 1395 906.
660 1354 727 1393 AT
762 1366 849 1393 Nos
885 1367 1157 1395 Hoummco
1197 1369 1346 1396 omniu
1380 1369 1574 1397 FACTUM
1612 1370 1667 1397 ΤΕ
1702 1370 1858 1398 PROPE

414 1433 563 1460 an'ro
589 1451 597 1459 .
621 1419 783 1461 Nonius
800 1433 840 1473 p.
855 1421 920 1474 93,
938 1420 992 1462 33
1016 1421 1295 1476 Cinefactum,
1319 1424 1363 1464 in
1386 1424 1560 1465 cinerem
1588 1423 1830 1465 dissolutum
1847 1455 1857 1464 .

399 1487 605 1542 flyuratz'o
626 1495 669 1527 ut
690 1486 933 1540 tepefactum
955 1496 991 1528 et
1011 1488 1258 1543 labefactum
1275 1520 1284 1529 .
1301 1490 1519 1531 Lueretius
1540 1490 1608 1531 lib.
1627 1503 1675 1545 ni
1695 1489 1768 1531 Ad
1783 1506 1859 1532 ‘nos

413 1554 607 1595 horrz‘cz'eo
639 1566 949 1593 CINEFAGTUM
979 1563 1015 1595 te
1040 1570 1171 1610 prope
1191 1556 1311 1597 cobus
1328 1587 1336 1594 .
1359 1557 1541 1609 pessime
1562 1548 1858 1609 interpretatur

411 1620 574 1662 Nonius
592 1651 601 1673 ,
624 1619 747 1660 huius
766 1619 881 1661 modi
902 1620 1125 1661 verborum
1146 1621 1320 1663 rationis
1342 1622 1514 1674 ignarus
1533 1635 1542 1662 ε
1563 1634 1661 1663 nam
1681 1623 1857 1678 cinefac-

410 1695 477 1728 tus
496 1699 581 1727 non
602 1690 666 1728 est
686 1686 722 1727 is
743 1686 814 1739 qui
836 1686 940 1727 cinis
962 1685 1096 1728 factus
1118 1690 1207 1740 est,
1230 1700 1352 1740 quem
1373 1688 1524 1729 Latine
1545 1688 1696 1730 licebat
1717 1688 1858 1731 dicere

409 1753 658 1808 cinffioatum
686 1753 753 1794 vel
783 1753 937 1794 rustico
965 1752 1169 1794 vocabulo
1190 1754 1297 1794 εἴητί
1313 1753 1482 1808 factum
1501 1755 1618 1808 (nam
1647 1756 1719 1796 hoo
1739 1757 1858 1797 cinus

408 1819 565 1861 habent
593 1819 801 1872 glossaria
830 1818 1017 1860 Labbaei
1047 1823 1088 1860 et
1117 1819 1280 1861 Siculus
1312 1820 1484 1862 Flaccus
1522 1820 1575 1862 de
1606 1821 1857 1863 condicioni-

409 1886 487 1927 bus
518 1899 714 1940 agrorum
735 1899 776 1939 p.
796 1885 886 1938 140,
910 1886 955 1926 17
974 1917 983 1935 ‚
1008 1885 1106 1927 item
1129 1887 1202 1927 alii
1231 1899 1445 1928 mensores
1475 1901 1514 1941 p.
1536 1888 1630 1941 308,
1652 1889 1678 1929 3
1698 1888 1757 1942 5),
1779 1888 1855 1930 sed

404 1969 535 2008 prope
555 1953 782 2008 cinefactus
812 1956 875 1993 est
900 1952 970 2004 qui
991 1952 1075 1993 iam
1096 1965 1226 2006 prope
1248 1953 1399 1995 cineris
1421 1954 1603 1995 colorem
1625 1958 1665 1995 et
1684 1954 1856 2009 adspec-

407 2025 492 2061 tum
523 2024 700 2061 nanctus
731 2023 821 2072 est,
852 2032 904 2060 ex
931 2031 1013 2071 quo
1035 2023 1212 2073 apparet
1233 2032 1357 2061 versu
1376 2021 1568 2074 proximo
1589 2020 1854 2062 membranas

408 2090 519 2128 recte
539 2085 694 2128 habere
714 2086 1014 2127 Insatz'abz‘liter
1036 2085 1269 2140 deflevimus
1284 2118 1294 2138 ‚
1316 2086 1446 2129 libros
1466 2088 1693 2141 impressos
1714 2087 1855 2142 inepte

408 2153 640 2209 deflebimus
657 2185 667 2195 .
685 2153 843 2194 scilicet
863 2152 967 2194 haec
986 2152 1117 2194 verba
1133 2155 1229 2194 ante
1247 2154 1388 2194 omnia
1402 2154 1456 2194 ab
1473 2154 1568 2195 aliis
1588 2153 1856 2207 segreganda

407 2225 529 2273 sunt,
553 2232 645 2261 cum
675 2213 825 2273 quibus
846 2218 948 2260 nihil
971 2231 1189 2260 commune
1210 2218 1391 2274 habent,
1413 2223 1459 2261 ut
1479 2221 1574 2262 bene
1590 2220 1741 2274 facere
1755 2253 1766 2274 ‚
1775 2221 1852 2274 fa-

407 2287 650 2341 brefacere,
670 2287 817 2342 maqm'
836 2286 902 2327 Vel
925 2285 1036 2327 lucri
1052 2286 1121 2327 vel
1138 2286 1344 2341 conpendi
1362 2287 1430 2329 vel
1445 2287 1601 2341 sumpti
1605 2287 1769 2341 facere,
1793 2287 1853 2328 Zu-

409 2353 482 2395 dos
490 2354 666 2408 faeere,
688 2353 956 2409 valefacere,
977 2365 1058 2405 quo
1078 2351 1169 2394 Afri
1186 2353 1250 2394 usi
1269 2357 1364 2395 sunt
1378 2366 1455 2408 pro
1471 2353 1562 2394 vale
1578 2353 1712 2395 dicere
1730 2385 1739 2395 .
1755 2365 1852 2395 nam

407 2433 459 2462 ea
489 2420 542 2462 de
571 2420 722 2474 quibus
752 2420 916 2473 agimus
947 2432 974 2460 a
1003 2419 1143 2461 verbis
1172 2420 1329 2461 neutris
1359 2419 1642 2473 descendunt,
1675 2424 1719 2461 ut
1747 2428 1853 2461 cume

396 2488 573 2543 facere,
594 2487 846 2542 ‘rubefaoere
862 2518 872 2539 ,
886 2494 1012 2541 putre
1019 2486 1170 2541 faeere
1184 2519 1195 2538 ,
1213 2486 1394 2528 emeande
1406 2487 1557 2541 facere
1571 2518 1582 2538 ‚
1599 2485 1853 2541 pauefactus

407 2554 539 2608 (apud
555 2554 792 2596 Diomeden
808 2567 847 2606 p.
865 2551 983 2604 334),
1010 2556 1151 2593 cetera
1167 2584 1175 2592 .
1198 2565 1299 2604 ergo
1319 2553 1545 2607 <timefactus
1561 2556 1624 2593 est
1639 2564 1667 2593 a
1682 2551 1853 2594 cinendo

406 2621 475 2663 vel
503 2619 766 2672 capescendo,
789 2618 902 2672 quod
932 2631 1016 2659 non
1044 2619 1180 2660 minus
1201 2624 1313 2660 recte
1334 2619 1414 2661 dici
1436 2619 1570 2673 potuit
1591 2631 1717 2672 quam
1746 2619 1851 2660 cine-

406 2702 562 2728 reseere
578 2719 589 2740 ,
611 2699 693 2739 quo
715 2685 1021 2727 Tertullianum
1050 2698 1170 2727 usum
1202 2698 1295 2727 esse
1324 2686 1367 2726 in
1398 2685 1535 2727 lexica
1565 2685 1741 2729 relatum
1769 2689 1850 2727 est:

406 2752 541 2794 simile
561 2753 670 2794 enim
691 2757 756 2795 est
777 2752 890 2806 quod
906 2751 1104 2793 Horatius
1123 2751 1228 2792 dixit
1244 2752 1451 2807 oimflones
1468 2784 1477 2794 .
1497 2751 1767 2793 memorabile
1788 2755 1852 2793 est

406 2823 545 2860 autem
566 2832 651 2861 non
668 2820 809 2860 omnia
825 2832 852 2860 a
867 2818 1008 2861 verbis
1025 2818 1235 2860 secundae
1251 2817 1543 2861 declinationis
1565 2818 1756 2871 formari,
1775 2816 1849 2859 sed

405 2901 503 2927 vace
518 2886 627 2940 fieri
648 2891 688 2927 et
715 2887 805 2927 labe
821 2886 931 2941 fieri
946 2897 973 2925 a
992 2900 1141 2926 vacare
1162 2889 1202 2926 et
1223 2885 1362 2926 labare
1383 2918 1394 2939 7
1427 2894 1548 2927 creme
1565 2885 1706 2938 facere
1726 2896 1753 2925 a
1772 2892 1848 2925 tre—

405 2967 532 3004 mere,
564 2953 894 3009 ewperyefaetzcm
925 2964 1025 2994 vero
1057 2964 1109 2992 ne
1139 2952 1192 2994 ab
1225 2968 1446 3007 experyere
1476 2951 1658 3005 quidem,
1689 2949 1764 2992 sed
1794 2950 1848 2992 ab
