2040 3328
428 224 507 266 172
793 276 795 278 ¹
1111 223 1176 264 111

425 335 628 376 Marullus
650 350 748 387 cur,
779 333 1022 375 verissime:
1054 332 1129 373 sed
1158 332 1210 373 ab
1238 344 1287 373 eo
1314 345 1395 373 non
1418 332 1558 373 differt
1577 347 1671 385 cor,
1702 331 1781 372 hoc
1801 335 1864 373 est
1914 334 1916 336 ’

425 417 553 456 quor,
585 413 706 454 quem
738 399 962 441 admodum
994 415 1079 440 com
1099 411 1174 453 pro
1205 414 1324 453 quom
1354 398 1475 440 scribi
1506 398 1687 440 vidimus
1707 398 1814 439 libro
1834 411 1862 452 1,

427 467 530 508 1077
549 498 557 507 .
579 483 647 507 cor
669 467 711 507 in
729 466 935 507 Martialis
955 465 1062 507 libro
1083 479 1138 518 xl,
1159 464 1226 518 46,
1244 463 1268 505 8
1285 477 1308 506 e
1330 464 1472 506 codice
1486 464 1682 506 Leidensi
1699 463 1865 506 Schnei-

425 533 615 575 dewinus
646 532 819 587 protulit
837 564 843 571 .
867 531 1116 573 Wakefieldi
1137 531 1479 585 perversitatem,
1512 542 1605 571 cum
1625 529 1776 585 probat
1795 545 1864 572 cor

425 601 628 641 hominum
645 632 655 652 ,
689 603 729 640 et
757 598 975 652 Forbigeri
1006 597 1292 650 mendacium,
1324 609 1407 650 quo
1427 596 1759 650 Havcrcampum
1789 612 1864 638 cur

423 666 598 707 hominis
629 665 798 707 dedisse
829 665 954 718 dicit,
985 664 1331 719 praeteribimus.

535 732 630 774 479.
663 731 829 773 CRURA
867 744 1215 772 vAc1L1AANT1.
1239 731 1459 773 Corrcctor
1489 729 1658 782 oblongi
1693 743 1862 771 imcu-

422 812 480 839 LA
492 812 570 838 N-r1
586 830 595 839 .

533 865 628 907 482.
661 864 823 906 CURBA
861 878 981 905 SUNT
1006 894 1014 903 .
1044 863 1111 905 Sic
1152 867 1324 916 uterque
1365 863 1598 904 Vossianus
1641 862 1734 904 sine
1775 863 1864 905 ulla

424 931 705 984 correctione,
735 931 884 984 nequis
906 930 1195 984 Havcrcampo
1218 929 1361 971 credat
1380 929 1423 970 in
1445 932 1619 982 utroque
1648 941 1741 971 esse
1763 928 1863 972 Gur-

425 999 620 1039 hasnum.
642 997 833 1050 impressi
863 1000 1000 1051 recte,
1031 1000 1074 1037 ut
1103 996 1225 1050 Itali,
1258 996 1342 1038 Cur
1370 1009 1428 1035 EA
1459 1004 1577 1038 sum.

533 1063 628 1105 492.
661 1063 722 1104 Νι
757 1077 916 1103 MIRUM
947 1076 1043 1108 QUA
1075 1076 1147 1102 V1s
1177 1075 1332 1103 MORBI
1360 1075 1636 1103 DISTRACTA
1664 1075 1755 1102 PER
1783 1075 1864 1103 AR-

423 1144 509 1170 ros
531 1131 756 1182 TURBAT,
782 1142 934 1169 Aenus
955 1143 1141 1169 ANIMAM
1162 1142 1380 1170 SPUMANS
1401 1143 1447 1168 m
1468 1142 1692 1174 Anononn
1713 1142 1863 1170 sAnso

424 1196 695 1237 VENTORUM
716 1209 915 1235 VAL1D1s
936 1209 1250 1236 rmzvnscuNT
1280 1210 1479 1237 vnussus
1510 1210 1671 1236 UNDAE
1688 1227 1697 1237 .
1727 1196 1803 1238 His
1824 1200 1866 1238 et

421 1263 622 1316 proximis
660 1262 853 1304 versibus
889 1266 1015 1316 poeta
1055 1274 1196 1303 eorum
1227 1275 1335 1317 quae
1366 1262 1489 1304 modo
1521 1263 1686 1304 dixerat
1714 1275 1864 1305 causas

421 1329 630 1383 explicat.
653 1341 755 1382 ergo
793 1333 890 1371 ante
926 1329 1069 1371 omnia
1089 1328 1367 1371 ‘scribendum
1403 1334 1468 1372 est
1497 1343 1614 1375 Qum
1645 1330 1707 1370 vis
1735 1330 1870 1371 morbi

424 1397 603 1449 Turbat,
636 1395 748 1448 quod
778 1395 934 1437 habent
954 1397 1160 1438 Antonius
1182 1397 1302 1438 Marii
1324 1401 1364 1438 et
1391 1396 1488 1438 libri
1520 1396 1618 1438 olim
1646 1395 1864 1450 impressi.

420 1475 529 1516 quae
560 1466 697 1504 autem
727 1468 1071 1517 praecesserant,
1104 1467 1223 1505 erant
1251 1463 1381 1513 haee,
1413 1462 1599 1504 Concidit
1634 1471 1670 1503 ec
1697 1479 1866 1518 spumas

420 1530 533 1584 ayic,
565 1530 734 1583 z'nyemz't
772 1538 808 1570 et
836 1531 969 1571 tremit
1005 1539 1121 1572 artus
1138 1563 1148 1583 ,
1179 1531 1345 1586 Desipz't
1362 1562 1371 1572 .
1393 1529 1539 1571 horum
1574 1541 1673 1583 pars
1702 1542 1794 1571 cum
1823 1529 1867 1570 in

420 1596 623 1650 proximis
655 1596 713 1637 ita
743 1600 981 1650 repetatur,
1016 1597 1280 1652 Eoeprz'mitur
1303 1612 1430 1652 porro
1457 1597 1633 1652 ¹‹Jemitus
1649 1627 1660 1649 ,
1692 1596 1793 1651 quia
1815 1620 1862 1626 -

421 1667 462 1704 et
490 1663 752 1718 Desipientz’a
778 1663 825 1713 fit
839 1695 850 1716 ,
882 1665 983 1718 quia
1014 1687 1086 1716 —,
1117 1666 1303 1717 apertum
1326 1666 1388 1704 est
1407 1662 1474 1703 hic
1495 1661 1715 1704 dicendum
1737 1661 1867 1704 fuisse

421 1744 547 1784 ayens
567 1730 750 1770 animam
772 1743 963 1770 SPUMAT
981 1762 989 1782 ,
1012 1742 1094 1770 non
1116 1745 1340 1785 spumans:
1369 1741 1466 1770 nam
1487 1742 1659 1783 prorsus
1679 1728 1820 1783 inepte
1841 1742 1867 1770 a

420 1795 598 1837 Marullo
634 1795 791 1837 inducti
831 1809 974 1838 omnes
1006 1796 1263 1849 coniungunt
1292 1796 1425 1850 haec,
1457 1797 1519 1837 vis
1547 1795 1683 1836 morbi
1711 1796 1867 1837 Turbat

420 1880 546 1919 ayens
567 1864 748 1905 animam
769 1863 972 1916 (animum
993 1863 1215 1905 Creechius
1236 1863 1394 1917 primus
1412 1894 1421 1915 ,
1445 1866 1484 1904 et
1504 1861 1673 1916 quidem
1693 1862 1864 1916 tacite),

421 1930 542 1984 quasi
582 1929 751 1971 morbus
787 1934 930 1984 posset
965 1930 1146 1971 animam
1187 1942 1314 1982 agere
1331 1963 1340 1972 .
1363 1941 1487 1984 porro
1525 1932 1732 1970 corrector
1767 1941 1867 1983 qua-

421 1997 530 2038 drati
553 2009 637 2038 non
658 1997 823 2051 inepte,
857 2001 897 2038 et
915 2002 960 2038 ut
991 1996 1230 2039 ostenderet
1259 2009 1305 2038 se
1334 2009 1460 2037 unum
1491 1996 1672 2038 omnium
1702 2000 1866 2050 partem

421 2064 653 2106 sententiae
682 2067 794 2105 recte
823 2065 1089 2118 percepisse,
1120 2063 1228 2105 velut
1256 2078 1431 2118 aequore
1459 2063 1596 2105 salso.
1619 2062 1695 2105 sed
1724 2064 1865 2119 potius

421 2135 485 2173 est
527 2134 572 2172 ut
616 2134 778 2172 utamur
822 2131 972 2173 litteris
1010 2143 1118 2184 quae
1152 2133 1248 2184 post
1286 2143 1477 2170 SPUMAT
1513 2133 1706 2172 servatae
1742 2134 1864 2184 sunt,

421 2212 560 2238 vsm:
591 2198 732 2250 itaque
763 2197 1028 2239 scribendum
1058 2200 1122 2238 est
1151 2210 1297 2242 QUASI
1336 2211 1383 2236 m
1413 2213 1587 2252 aequore
1617 2197 1726 2239 salso
1765 2198 1864 2239 Vem-

421 2273 552 2306 torum
581 2263 735 2305 validis
752 2264 996 2319 fervescunt
1025 2263 1182 2304 viribus
1212 2263 1368 2306 undae.

531 2332 626 2374 496.
658 2345 713 2370 ET
751 2343 933 2370 OMNmo
971 2343 1100 2375 QUOD
1138 2344 1315 2370 smum»,
1350 2343 1495 2370 voels
1527 2330 1864 2371 Emcnm’run.

421 2397 535 2440 Nihil
572 2403 635 2440 est
678 2401 798 2439 extra
832 2409 982 2450 corpus
1018 2397 1179 2449 aegroti
1215 2396 1328 2450 quod
1365 2396 1526 2438 semina
1556 2395 1671 2437 vocis
1702 2396 1863 2449 eliciat,

419 2464 495 2506 sed
516 2464 610 2518 ipsa
639 2465 681 2505 vi
711 2463 845 2504 morbi
867 2464 1143 2504 EIOIUNTUR
1162 2496 1170 2505 .
1191 2463 1252 2503 ita
1273 2463 1478 2504 Lambino
1500 2467 1604 2504 teste
1635 2462 1864 2503 doctissimi

418 2531 499 2572 viri
528 2530 752 2582 legendum
783 2533 1111 2584 praeceperunt,
1149 2529 1299 2582 quibus
1330 2529 1420 2583 ipse
1451 2528 1681 2570 rectissime
1711 2528 1864 2570 obtem-

419 2597 609 2651 peravit.
631 2597 730 2639 vide
760 2609 870 2650 quae
901 2595 986 2636 dixi
1018 2595 1073 2636 ad
1095 2608 1260 2637 versum
1290 2595 1344 2637 58
1375 2599 1415 2636 et
1435 2595 1491 2636 ad
1513 2595 1664 2637 librum
1684 2609 1740 2649 1v,
1762 2594 1863 2636 944.

531 2664 625 2706 522.
658 2678 738 2704 UTI
757 2677 965 2703 Dnocm.
990 2662 1208 2704 Gor-rector
1229 2660 1423 2714 quadrati
1442 2694 1451 2715 ,
1483 2662 1581 2703 item
1603 2661 1698 2704 Itali
1720 2666 1760 2703 et
1780 2661 1864 2703 Ma-

421 2731 581 2784 rullus,
612 2732 677 2772 utz’
701 2743 851 2770 Docm
867 2762 876 2772 .
1391 2771 1400 2779 ,

531 2797 626 2839 523.
656 2810 843 2837 FALSAE
883 2805 1113 2837 RATIONrs
1132 2827 1141 2836 .
1177 2794 1273 2837 525.
1309 2809 1604 2836 REFUTATUR
1625 2825 1634 2835 .
1661 2793 1863 2835 Marullus

419 2877 622 2903 numm
666 2868 707 2906 et
749 2877 1010 2904 neruum
1034 2896 1042 2906 .
1074 2875 1171 2904 mox
1215 2874 1339 2904 versu
1381 2862 1461 2904 527
1507 2860 1735 2915 quadratus
1779 2858 1862 2901 dis-

415 2929 589 2984 perdere
607 2961 616 2969 .
