2040 3328
980 217 1040 259 IV
1667 218 1749 261 249

269 331 465 374 Lucretio
496 330 671 386 dignum
702 331 758 373 sit
787 343 927 386 neque
956 343 983 374 a
1010 331 1098 374 veri
1122 330 1399 374 similitudine
1421 331 1609 374 alienum
1633 366 1642 386 ,
1666 332 1749 375 nisi

269 400 374 455 hoe,
395 400 521 442 Nunc
541 399 643 442 aliis
664 400 777 442 alius
799 401 877 456 qui
893 400 947 442 sit
967 400 1084 442 cibus
1105 414 1282 442 UNIcUS
1303 413 1459 442 APTth
1481 400 1722 457 Empedz'am
1739 433 1749 444 .

381 467 478 511 636.
517 468 790 515 TANTAQUE
826 481 905 508 HIS
943 481 1097 510 REBUS
1133 483 1402 510 DISTANTIA
1431 482 1751 510 DIFFERITAS-

267 551 363 583 Qun
395 550 513 578 EST.
545 536 799 579 Rectissime
829 535 944 591 apud
974 536 1163 579 Nonium
1194 551 1234 593 p.
1258 537 1326 592 95,
1344 537 1400 581 30
1428 551 1514 579 non
1534 531 1672 579 ¹modo
1704 552 1750 578 IN

266 606 332 649 his
360 606 484 648 rebus
514 605 718 660 scriptum
750 609 842 660 est,
864 603 942 647 sed
963 604 1091 647 etiam
1121 605 1165 647 in
1196 605 1278 648 fine
1311 607 1513 649 omissum
1544 620 1628 646 EST
1653 620 1662 647 ι
1689 605 1751 648 ita

265 673 380 716 enim
410 672 562 716 melior
593 671 637 715 fit
666 672 921 728 compositio
941 705 949 714 .
972 676 1037 715 est
1063 677 1205 716 autem
1228 673 1284 716 ad
1316 674 1428 717 hunc
1447 687 1618 717 versum
1639 687 1662 717 e
1683 688 1749 717 su·

265 741 434 797 periore
465 741 706 784 iterandum
735 742 790 783 sit
810 774 821 795 ,
853 739 968 796 quod
999 741 1103 784 latet
1132 741 1176 783 in
1203 743 1363 798 possit.

379 809 475 852 637.
518 810 589 853 UT
628 824 762 856 QUOD
801 823 931 850 ALIIS
969 823 1110 851 omns
1149 824 1236 851 EST
1271 824 1402 852 Anus
1433 824 1594 852 FRUAT
1624 824 1749 852 Acar:

265 893 495 920 VENENUM
511 911 520 921 .
543 877 786 930 Quadratus
811 878 864 920 Ut
884 877 996 934 quod
1011 878 1123 920 alius
1139 879 1265 935 cybus
1287 887 1346 921 est
1365 879 1466 922 aliis
1473 879 1560 936 fiat
1581 912 1590 920 .
1613 879 1656 921 in
1678 879 1750 922 ob-

263 948 394 1001 longo
424 950 537 990 recte
574 946 731 989 factum
761 959 925 994 FUAT,
957 945 1164 989 Marullus
1197 947 1250 989 Ut
1280 948 1359 1004 qui
1384 947 1486 990 aliis
1515 948 1631 990 cibus
1662 956 1747 1001 est,

264 1015 395 1058 multo
433 1019 546 1058 certe
582 1014 760 1071 peritius
799 1027 926 1069 quam
965 1014 1092 1057 ceteri
1120 1048 1130 1070 ,
1164 1015 1237 1069 qui
1268 1019 1344 1058 aut
1372 1016 1456 1058 alis
1486 1016 1750 1072 scripserunt

263 1087 338 1128 aut
368 1084 470 1127 aliis
499 1082 742 1138 disyllabon
765 1096 861 1126 esse
890 1095 1018 1138 posse
1039 1083 1338 1126 existimarunt
1360 1117 1368 1126 .
1390 1083 1664 1127 scribendum
1686 1087 1751 1127 est

263 1166 373 1207 Am,
397 1150 512 1206 quod
542 1150 701 1194 habent
730 1152 1006 1195 membranae
1027 1151 1070 1194 in
1091 1166 1148 1206 vx,
1170 1152 1275 1194 1227
1295 1185 1305 1207 ,
1327 1153 1441 1195 Nam
1467 1152 1580 1209 quod
1599 1153 1666 1195 ali
1681 1152 1748 1195 de-

191 1219 198 1226 “
263 1220 383 1263 derat
404 1252 413 1262 .
441 1219 484 1261 in
511 1219 660 1261 tabula
680 1219 958 1263 Heracleensi
979 1220 1034 1263 98
1061 1220 1193 1264 aleive
1214 1222 1319 1278 quoi
1333 1237 1444 1278 may.
1466 1220 1654 1278 royando
1675 1221 1750 1263 sub

261 1287 498 1346 royandove
515 1319 524 1328 .
548 1287 791 1330 Priscianus
808 1302 851 1344 p.
867 1288 978 1332 1014
993 1289 1133 1331 Aliter
1149 1305 1311 1346 quoque
1324 1322 1336 1344 ,
1353 1290 1404 1331 ab
1422 1305 1466 1332 eo
1483 1289 1596 1346 quod
1610 1298 1668 1331 est
1683 1290 1750 1331 hie

261 1357 344 1399 alis
356 1389 367 1411 ,
384 1357 510 1399 huius
527 1355 632 1410 alis,
651 1356 748 1398 huic
764 1356 831 1398 ali
840 1389 852 1411 ,
865 1373 946 1413 pro
962 1357 1074 1399 alius
1090 1357 1203 1400 alius
1220 1358 1303 1400 alii
1316 1390 1324 1399 .
1342 1358 1387 1401 in
1404 1357 1586 1400 aliorum
1603 1360 1749 1412 poeta-

260 1439 353 1468 rum
390 1423 587 1467 versibus
625 1423 898 1480 trisyllabum
935 1426 1073 1468 solum
1109 1426 1281 1469 invenio
1310 1460 1319 1478 ‚
1352 1439 1435 1481 quo
1472 1430 1615 1468 tamen
1651 1426 1747 1481 ipso

259 1497 432 1536 utuntur
453 1492 580 1548 pauci
603 1524 611 1534 .
634 1493 824 1542 Naevius
847 1493 963 1549 apud
986 1494 1163 1536 Paulum
1185 1494 1294 1537 libro
1315 1509 1331 1535 1
1352 1507 1405 1536 ex
1427 1495 1553 1537 Festo
1576 1526 1585 1546 ‚
1609 1494 1652 1535 in
1674 1493 1748 1535 ad-

259 1563 388 1604 m'ctat
404 1594 416 1616 ,
439 1562 538 1604 Alii
553 1561 731 1603 adnutat
751 1594 762 1615 ,
792 1562 876 1604 alii
892 1561 1080 1605 adnietat
1099 1597 1110 1618 ,
1138 1563 1270 1605 alium
1292 1572 1405 1605 amat
1424 1596 1435 1617 ,
1463 1563 1595 1604 alium
1616 1570 1720 1604 tenet
1736 1577 1751 1616 ,·

260 1629 415 1685 quibus
442 1642 554 1684 quae
576 1628 767 1672 Isidorus
792 1628 913 1671 addit
934 1630 1040 1684 orig.
1064 1645 1090 1686 1,
1109 1631 1163 1674 25
1186 1664 1195 1682 ‚
1219 1643 1271 1674 ea
1301 1644 1388 1673 non
1418 1635 1596 1685 tangere
1617 1630 1748 1680 tutius
1779 1628 1781 1630 ’

259 1701 323 1742 est
343 1732 352 1742 .
375 1697 600 1740 Terentius
630 1697 673 1740 in
700 1697 871 1752 Hecyra
891 1712 934 1753 11,
953 1698 992 1754 2,
1011 1698 1065 1742 28
1087 1698 1227 1742 Aliud
1241 1700 1435 1756 fortasse
1456 1699 1539 1741 alii
1562 1700 1642 1741 viti
1663 1707 1722 1740 est
1738 1730 1747 1740 .

258 1781 318 1821 111,
333 1765 374 1821 5,
391 1765 448 1809 59
469 1775 514 1808 ut
534 1767 619 1809 alii
633 1799 644 1820 ,
667 1767 711 1808 si
726 1766 823 1808 huic
843 1782 926 1809 ‘non
948 1776 1006 1809 est
1019 1800 1031 1821 ,
1053 1768 1130 1810 siet
1151 1803 1160 1811 .
1189 1767 1391 1811 Horatius
1413 1767 1478 1810 bis
1501 1768 1624 1810 Nunc
1646 1767 1753 1809 mihi

257 1851 367 1878 nuno
384 1835 469 1878 alii
480 1851 493 1877 .·
513 1834 625 1877 idem
647 1835 710 1876 Tu
725 1866 737 1888 ,
758 1835 866 1876 mihi
879 1836 958 1891 qui
968 1836 1212 1892 imperitas,
1230 1837 1315 1879 aliz·
1325 1837 1458 1879 servis
1473 1836 1600 1878 miser
1618 1868 1626 1876 .
1650 1834 1748 1877 Ovi-

258 1902 354 1946 dius
371 1903 457 1946 alii
471 1903 658 1946 rediture
675 1902 860 1958 epistula
883 1917 920 1957 v,
938 1903 993 1946 59
1012 1935 1021 1944 .
1044 1905 1129 1946 alii
1144 1904 1346 1947 Manilius
1367 1919 1427 1958 111,
1445 1904 1526 1959 80,
1549 1904 1747 1946 Lucanus

256 1986 346 2027 vm,
365 1971 449 2014 642
470 1986 526 2026 xx,
547 1970 656 2014 1053
675 2003 684 2012 .
709 1971 885 2013 Plautus
907 1971 950 2013 in
967 1972 1100 2015 Milite
1116 1987 1173 2028 1v,
1192 1973 1230 2027 8,
1248 1972 1301 2015 47
1326 1974 1383 2015 Et
1403 1974 1463 2015 ita
1484 1974 1528 2015 si
1544 1973 1747 2014 sententia

258 2049 361 2083 esset
377 2072 388 2093 ,
417 2041 497 2082 tibi
520 2041 678 2082 servire
705 2039 845 2081 malui
862 2039 996 2082 Multo
1018 2056 1143 2096 quam
1165 2041 1250 2084 alii
1266 2041 1437 2083 libertus
1458 2057 1544 2083 esse
1566 2073 1575 2082 .
1603 2042 1745 2083 habeto

257 2109 446 2151 animum
468 2109 618 2150 bonam
640 2140 649 2151 .
673 2120 932 2162 quamquam
954 2107 1060 2151 hacc
1081 2112 1220 2151 utrum
1242 2108 1302 2151 ita
1322 2112 1368 2150 ut
1388 2108 1539 2164 scripsi
1560 2108 1746 2163 legenda

257 2176 340 2219 Sint
371 2190 457 2219 non
488 2176 593 2219 satis
626 2179 824 2219 constare
854 2179 982 2231 puto:
1006 2188 1103 2218 nam
1128 2180 1249 2220 vetus
1271 2177 1506 2221 Camerarii
1537 2176 1666 2220 habet
1697 2178 1744 2219 li-

257 2246 429 2288 bertat-is
449 2278 461 2300 ,
487 2245 603 2300 quod
624 2245 685 2287 ita
706 2244 1003 2300 accipiendum
1035 2249 1099 2287 est
1129 2249 1176 2288 ut
1205 2245 1320 2290 dicat
1349 2259 1397 2289 se
1428 2245 1550 2288 militi
1581 2245 1744 2289 servire

256 2313 462 2357 maluisse
491 2327 620 2368 quam
651 2313 759 2356 alios
792 2313 1000 2356 Libertati
1033 2313 1139 2357 deae
1158 2347 1168 2357 .

370 2382 468 2425 638.
500 2382 595 2424 EST
624 2395 811 2428 ITAQUE
842 2395 901 2433 ΠΤ
933 2396 1178 2438 SERPENS,
1211 2396 1421 2426 H0M1N1s
1454 2398 1553 2430 QUE
1584 2397 1742 2424 TACTA

256 2464 450 2492 SALIVIS
474 2451 714 2492 DISPERIT
737 2482 746 2492 .
770 2449 1040 2505 Wakefieldo
1063 2450 1203 2494 iudice
1224 2451 1290 2494 his
1320 2451 1428 2494 nihil
1460 2451 1630 2494 facilius
1652 2446 1721 2494 esf
1733 2484 1743 2507 ,

254 2519 334 2560 Est
361 2518 503 2575 itaque
518 2551 529 2572 ,
551 2527 596 2560 ut
626 2517 742 2572 (ubi,
766 2519 834 2561 vel
852 2518 1040 2576 quando)
1071 2535 1267 2576 serpens,
1291 2537 1398 2576 quae
1426 2529 1536 2562 tacta
1564 2529 1622 2563 est
1642 2521 1742 2562 sali-

255 2587 319 2629 vis
340 2587 518 2629 hominis·
533 2619 544 2641 ,
567 2585 746 2642 disperit
768 2619 778 2629 .
798 2586 950 2642 nobis,
973 2587 1047 2642 qui
1064 2587 1242 2630 deorum
1263 2601 1503 2631 sermonem
1519 2598 1572 2630 ne
1589 2588 1624 2630 si
1644 2588 1743 2630 For-

254 2654 378 2708 biger
405 2654 578 2708 quidem
599 2649 838 2712 ἱποφήτης
867 2655 944 2698 fiat
973 2655 1290 2711 intellegimus,
1320 2661 1394 2699 aut
1423 2658 1565 2713 itaque
1595 2660 1669 2698 aut
1699 2665 1744 2698 ut

254 2735 621 2778 supervacaneum
643 2735 765 2778 esse,
788 2727 1015 2778 utrumque
1046 2728 1190 2766 autem
1212 2724 1483 2767 coniunctum
1505 2724 1742 2767 orationem

255 2789 424 2833 videtur
459 2790 709 2844 perturbare
734 2805 744 2845 3
773 2804 852 2846 pro
890 2791 1046 2846 quibus
1077 2792 1114 2834 si
1146 2792 1379 2835 scribemus
1410 2793 1488 2834 Est
1518 2806 1739 2838 Amoms

254 2866 299 2899 ut
314 2873 507 2914 serpens,
525 2857 631 2899 nihil
648 2859 861 2913 supererit
876 2859 919 2900 in
935 2873 1018 2913 quo
1036 2859 1314 2902 haereamus.
1333 2861 1524 2916 aliquae,
1541 2861 1716 2915 inquam
1729 2895 1738 2912 ‚

254 2938 339 2967 non
361 2925 509 2981 aliqua
523 2958 534 2979 ,
559 2938 611 2967 ex
638 2938 717 2968 usu
740 2926 923 2969 Lucretii
943 2960 951 2968 .
975 2940 1106 2982 supra
1128 2927 1212 2970 263
1234 2927 1403 2970 codices
1425 2937 1639 2985 tamquam
1660 2930 1738 2972 ali-

254 3010 333 3052 que
364 3010 430 3036 res
459 2994 648 3036 Verberet
671 3026 680 3035 .
706 2993 858 3037 Festus
889 3008 928 3051 p.
947 2995 1043 3050 254,
1063 2994 1117 3038 28
1149 2996 1370 3054 Quispiam
1400 2998 1506 3055 quin
1535 2997 1740 3055 szjqnfflcet
