2040 3328
426 230 505 273 176
797 273 799 275 ,
1113 233 1176 273 III

425 354 515 382 eum
531 341 653 383 varia
669 345 929 395 temptasset,
950 341 1214 383 Eiehstadius
1232 346 1272 382 et
1287 343 1503 398 Forbiger,
1521 357 1573 385 ne
1590 344 1669 385 sibi
1686 356 1863 398 usquam

424 407 646 449 dissimiles
668 411 834 460 essent,
857 406 900 448 id
921 411 1222 462 praeoptarunt
1242 408 1283 448 in
1304 421 1386 462 quo
1408 414 1517 451 esset
1536 415 1702 464 praeter
1723 414 1864 452 cetera

424 475 528 516 vitia
543 474 834 525 soloecismus,
855 473 1016 515 videtur
1031 475 1100 516 Ire
1115 475 1255 515 anima
1271 490 1320 515 ae
1335 475 1556 528 (Forbiger
1577 485 1630 529 et,
1653 481 1862 530 tamquam

424 539 588 593 melius)
626 548 702 581 toto
737 539 844 580 solvi
877 539 926 580 de
957 554 1124 596 corpore
1152 549 1320 582 mentem
1339 573 1350 594 ,
1381 541 1437 582 Et
1456 566 1508 571 ——
1530 542 1789 599 lanqueseere
1809 566 1862 571 —

423 607 554 648 voltus
569 639 579 659 ,
602 606 830 660 Molliaque
860 608 1067 661 exsanqui
1091 606 1236 648 cadere
1266 609 1402 648 omnia
1431 623 1597 662 corpore
1625 610 1828 651 membra.

533 672 629 715 597.
660 686 753 713 cum
782 686 984 712 mmmm·
1006 704 1014 713 .
1038 673 1103 714 Ita
1123 672 1379 726 quadratus:
1401 673 1608 727 oblongus
1634 677 1836 730 periberet
1852 707 1862 727 ,

423 739 498 781 sed
530 740 571 780 in
602 739 755 780 litura.
779 743 986 780 corrector
1007 739 1198 793 quadrati
1220 754 1521 795 PERIBETUR,
1552 742 1692 794 itaque
1713 741 1863 783 Marul-

422 807 487 847 lus
510 838 519 847 .
546 805 666 847 adibe
702 804 857 846 habent
885 806 1154 847 membranae
1183 806 1226 847 in
1256 821 1281 859 1,
1309 807 1390 860 51,
1420 806 1651 860 quadratus
1671 809 1863 864 proz'bere

422 874 463 914 in
486 887 512 926 1,
535 873 642 925 973,
665 871 883 913 distr-uitur
903 871 1014 914 idem
1035 873 1077 914 in
1097 887 1139 927 11,
1163 873 1241 914 827
1265 877 1305 914 et
1335 873 1377 914 in
1398 887 1454 927 vx,
1476 874 1556 916 258
1577 874 1703 916 thrait
1723 906 1732 916 .
1754 875 1862 915 thra-

422 941 480 981 hz't
510 939 717 992 oblongus
748 938 791 979 in
824 952 875 991 v1,
897 939 978 980 967
997 969 1006 980 .

534 1006 626 1048 609.
658 1018 713 1044 ΕΤ
744 1018 929 1044 SUPERA
959 1019 1242 1046 SUCCEDERE
1273 1005 1573 1048 »amassia
1593 1010 1764 1060 uterque
1797 1019 1862 1048 co-

423 1072 505 1114 dex
522 1104 532 1114 .
559 1073 600 1113 in
631 1070 836 1125 quadrato
869 1071 1023 1113 factum
1046 1085 1073 1113 a
1093 1078 1325 1114 correctore
1355 1089 1554 1128 superas,
1586 1073 1677 1114 sine
1706 1085 1861 1114 eausa:

421 1140 482 1181 sie
510 1142 650 1180 tamen
680 1141 720 1179 et
749 1137 845 1179 Itali
877 1142 918 1179 et
937 1138 1193 1194 Lambinus,
1225 1153 1348 1193 quem
1379 1152 1523 1180 omnes
1554 1151 1679 1180 eaeeo
1709 1139 1864 1193 impetu

422 1209 615 1248 secuntur
639 1236 647 1244 .
675 1204 772 1245 olim
794 1204 985 1258 impressi
1007 1210 1047 1248 et
1067 1206 1267 1248 Marullus
1289 1222 1460 1262 superas
1481 1204 1673 1247 accedere
1679 1206 1835 1260 fauces
1852 1237 1862 1247 .

532 1272 625 1314 612.
672 1284 801 1316 QUOD
846 1285 888 1311 S1
930 1286 1236 1315 INMORTALES
1280 1286 1464 1313 NOSTRA
1512 1286 1664 1312 FORET
1707 1286 1861 1327 unns,

422 1340 528 1381 Non
560 1352 654 1378 TAM
684 1351 737 1378 sn
766 1351 980 1380 MORIENS
1010 1353 1242 1380 Dlssonv1
1271 1352 1694 1385 CONQUERERETUR
1723 1371 1733 1381 .
1765 1339 1862 1381 Oor-

419 1409 604 1447 rectores
634 1404 912 1458 antiquissimi
943 1410 983 1446 et
1011 1406 1254 1448 Lactantius
1284 1406 1327 1447 in
1358 1420 1428 1460 vn,
1454 1406 1516 1460 12,
1539 1406 1591 1447 26
1621 1418 1863 1446 INMORTA-

421 1487 494 1512 ωε
515 1504 524 1514 .
540 1477 627 1512 tum
643 1470 874 1524 quadratus
890 1473 985 1513 Non
1001 1481 1134 1515 tamen
1148 1474 1325 1514 moriens
1340 1505 1350 1526 ,
1368 1473 1461 1514 Non
1479 1481 1611 1513 tamen
1628 1473 1806 1514 moriens
1821 1488 1863 1514 se

420 1540 463 1580 in
489 1538 706 1580 Lactantio
738 1538 986 1591 impressum
1016 1551 1126 1581 anno
1161 1539 1293 1581 1471:
1324 1539 1458 1581 codex
1478 1537 1733 1579 Erfurtensis
1763 1539 1863 1580 anni

423 1605 528 1647 1468
560 1609 600 1646 et
630 1604 759 1646 editio
781 1604 1102 1648 Rostoekeensis
1132 1607 1230 1648 anni
1256 1606 1360 1648 1476
1382 1606 1477 1647 Non
1506 1613 1594 1646 tam·
1617 1620 1659 1647 se
1688 1605 1864 1647 moriem

421 1672 596 1714 dissolvi
611 1680 867 1726 torqueretur
881 1687 896 1725 ,-
917 1671 1029 1726 quod
1051 1685 1124 1714 our
1143 1685 1197 1714 ne
1219 1672 1317 1714 ferri
1338 1671 1505 1725 quidem
1526 1671 1660 1725 possit
1689 1671 1744 1713 ad
1773 1683 1863 1714 ver-

420 1751 514 1780 sum
538 1738 616 1780 198
645 1737 766 1778 docui
785 1769 794 1779 .

533 1804 627 1846 614.
658 1817 950 1850 VESTEMQUE
971 1819 1280 1851 RELINQUERE
1300 1837 1309 1859 ,
1330 1819 1390 1846 UT
1411 1818 1590 1845 ANGUIS
1613 1836 1622 1845 .
1641 1805 1740 1847 Post
1759 1804 1864 1846 haee

420 1871 623 1914 Marullus
661 1869 770 1912 hune
807 1883 859 1912 ex
896 1885 975 1914 sua
1010 1871 1179 1914 officina
1208 1885 1374 1915 versum
1405 1870 1594 1924 addidit,
1627 1870 1837 1913 Gaudeo-et
1852 1903 1863 1924 ‚

414 1939 646 1995 praelorzqa
675 1953 798 1980 senem
828 1948 899 1980 aut
928 1954 1083 1981 cornua
1113 1955 1254 1981 cervus
1277 1970 1287 1980 .
1309 1938 1406 1979 hinc
1426 1937 1678 1979 recentiores
1699 1937 1742 1978 in
1762 1937 1864 1979 Lae-

419 2005 541 2047 tantii
571 2004 803 2047 orationem
833 2005 958 2047 tacite
984 2006 1240 2048 intruserunt
1260 2004 1468 2047 Gauderec
1481 2036 1492 2057 ,
1517 2003 1630 2058 quod
1651 2003 1710 2045 ibi
1730 2016 1865 2057 neque

419 2072 519 2113 olim
548 2072 744 2125 impressi
764 2071 920 2113 habent
941 2084 1077 2125 neque
1098 2085 1226 2114 manu
1247 2071 1392 2126 scripti
1422 2074 1506 2112 tres
1536 2082 1642 2123 quos
1673 2070 1863 2125 inspexi.

419 2138 654 2180 Madvieum
675 2138 804 2179 miror
821 2170 830 2192 ,
850 2139 921 2192 qui
942 2138 987 2179 in
1008 2138 1221 2192 opusculis
1242 2137 1452 2192 prioribus
1472 2150 1513 2190 p.
1529 2137 1611 2178 312
1632 2137 1865 2179 recentissi-

417 2218 507 2247 mos
529 2205 711 2246 Lucretii
734 2204 925 2247 editores
955 2203 1010 2246 ad
1035 2204 1337 2246 nominativum
1358 2205 1508 2260 anquis
1528 2217 1611 2245 non
1635 2203 1864 2245 attendisse

421 2271 533 2313 dieat
554 2303 562 2312 .
585 2275 696 2312 eerte
716 2271 758 2312 in
779 2270 1036 2312 nominativo
1058 2271 1175 2312 nulla
1196 2274 1260 2312 est
1281 2270 1458 2311 offensio
1477 2301 1485 2311 .
1504 2283 1628 2312 versu
1649 2270 1731 2312 456
1751 2270 1864 2324 Eryo

419 2338 598 2379 dissolui
613 2352 771 2392 quoque
791 2339 975 2378 convenit
994 2353 1149 2379 omnem
1170 2337 1332 2378 animai
1349 2337 1556 2377 Naturam
1570 2368 1581 2389 ,
1604 2335 1836 2390 eeufumus
1853 2367 1863 2389 ,

418 2405 463 2445 iu
485 2404 592 2445 altas
613 2404 722 2445 ae'ris
743 2419 870 2444 auras
891 2437 900 2446 .
927 2415 1052 2445 Versu
1077 2403 1155 2445 130
1181 2403 1374 2458 quoniam
1395 2411 1452 2444 est
1472 2403 1608 2444 animi
1622 2410 1774 2443 natura
1802 2417 1864 2443 re-

416 2479 538 2526 perta
558 2472 694 2525 Atque
714 2470 876 2511 animae
891 2502 902 2523 ,
925 2471 1051 2526 quasi
1056 2485 1167 2525 pars
1189 2470 1363 2511 hominis
1381 2501 1389 2510 .
1411 2481 1535 2511 versu
1555 2468 1635 2510 427
1662 2468 1866 2523 multoque

417 2537 644 2579 minoribus
660 2553 744 2578 esse
760 2537 990 2592 Principiis
1002 2537 1160 2591 factam
1176 2552 1300 2591 quam
1316 2535 1501 2591 liquidus
1517 2551 1633 2578 umor
1650 2535 1784 2590 aquai
1797 2566 1806 2576 .
1822 2533 1865 2575 in

419 2618 475 2657 1v,
492 2604 573 2646 699
589 2603 814 2644 maioribus
835 2618 919 2644 esse
936 2611 1115 2644 creatum
1131 2603 1362 2657 Principiis
1383 2618 1504 2656 quam
1527 2617 1606 2643 vox
1623 2634 1632 2644 .
1650 2601 1711 2643 sic
1732 2600 1864 2643 Varro

421 2670 474 2712 de
494 2670 641 2723 lingua
659 2669 792 2710 latina
813 2683 855 2708 1x
870 2682 912 2723 p.
929 2669 1012 2710 526
1033 2678 1154 2724 atque
1173 2669 1218 2710 in
1238 2669 1347 2710 hisee
1367 2669 1552 2710 omnibus
1572 2666 1866 2710 similitudines

419 2753 500 2779 nou
520 2745 674 2778 tantum
695 2737 893 2777 sumimus
913 2751 940 2777 a
953 2736 1103 2791 figura
1119 2768 1130 2788 ,
1157 2734 1231 2776 sed
1249 2736 1370 2776 etiam
1391 2733 1560 2776 aliunde
1581 2733 1864 2788 (Florentinus

421 2803 580 2854 aliude)
597 2835 607 2856 ,
630 2811 674 2844 ut
692 2803 736 2844 in
757 2804 873 2858 equis
892 2811 1005 2845 aetas
1020 2834 1031 2856 ,
1047 2811 1092 2844 ut
1110 2803 1155 2843 in
1176 2802 1307 2843 asinis
1329 2800 1459 2856 (quod
1477 2800 1631 2842 similes
1647 2807 1866 2855 pareutwm

417 2878 635 2924 yeuuutur,
653 2881 730 2910 rer.
749 2874 849 2910 rust.
866 2883 908 2923 11,
919 2869 1010 2923 6,3:
1032 2877 1076 2910 ut
1092 2869 1175 2910 inis
1190 2867 1322 2920 Flor.)
1337 2868 1454 2909 euius
1469 2866 1584 2908 modi
1587 2866 1760 2922 faciant
1766 2864 1864 2919 pul-

422 2936 507 2988 los,
530 2944 574 2976 ut
594 2937 638 2976 in
650 2937 791 2990 pomis
811 2951 889 2990 quo
910 2936 992 2976 sint
1012 2951 1107 2977 suco
1130 2966 1139 2975 .
1162 2934 1271 2976 idem
1296 2946 1432 2975 rerum
1449 2933 1693 2974 rusticarum
1715 2945 1756 2984 11,
1778 2930 1816 2984 4,
1839 2931 1865 2971 2
