2040 3328
442 226 498 268 52
1157 229 1178 270 Ι

442 337 525 378 iam
546 338 731 392 tenebis,
763 342 808 379 ut
826 339 869 379 in
891 353 962 392 111,
985 339 1064 379 831
1097 339 1436 394 Quandoquidem
1457 350 1610 383 natura
1631 341 1766 382 animi
1780 356 1885 382 mor-

443 405 540 446 talis
561 405 753 448 habetur.
776 405 1004 446 Lambinus
1026 405 1166 446 nescio
1188 419 1270 458 qua
1289 407 1477 449 mutandi
1494 407 1670 449 libidine
1687 407 1859 448 habebas
1874 439 1885 460 ,

443 470 556 525 quod
588 471 687 513 ferri
718 485 800 512 non
830 474 992 523 potest.

555 538 647 579 759.
678 551 872 577 INIMICA
901 550 1049 577 Moms
1079 551 1255 578 MULTIS
1287 552 1408 579 SUNT
1439 554 1601 586 ATQUE
1630 555 1752 580 vnum
1773 541 1884 582 IPSA

443 619 540 644 s1131
560 618 703 644 INTER
725 617 780 642 SE
798 638 806 646 .
831 603 1068 652 Quadratus
1088 607 1258 658 veneni,
1290 609 1496 648 corrector
1517 607 1686 660 oblongi
1705 623 1858 650 venena
1873 624 1887 661 ,-

442 671 553 724 quod
592 683 683 712 cum
724 670 850 712 ceteri
892 671 1021 712 secuti
1060 675 1224 724 essent,
1261 671 1548 714 Wakefieldus
1582 673 1690 714 hunc
1718 677 1887 727 poetam

440 754 635 779 venenum
651 738 805 791 plurali
823 750 997 778 numero
1015 750 1244 790 numquam
1260 738 1460 780 extulisse
1477 739 1734 793 observavit,
1753 752 1886 793 eaque

441 804 493 846 de
515 817 643 845 causa
671 805 818 846 maluit
849 805 1017 846 inimica
1046 813 1140 845 sum
1170 813 1290 859 atque
1311 815 1511 846 'VENENO
1543 806 1644 861 Ipsa
1673 806 1758 847 sibi
1781 808 1887 847 inter

439 887 481 913 se
495 905 506 925 ⁷
538 871 650 924 quod
681 875 792 913 recte
815 871 995 912 firmavit
1016 871 1218 912 Varronis
1240 871 1380 913 verbis
1410 885 1519 925 quae
1549 876 1646 913 sunt
1674 872 1720 913 in
1749 885 1886 914 rerum

439 927 688 980 rusticarum
710 952 744 991 1,
768 938 811 991 2,
837 938 887 979 18
906 970 914 991 ,
937 937 1141 992 quaedam
1162 938 1267 978 enim
1282 937 1462 992 pecudes
1483 939 1666 980 culturae
1686 948 1780 980 sant
1808 940 1886 981 im'-

438 1007 569 1047 micae
599 1021 647 1046 ac
675 1019 824 1045 veneno
841 1035 848 1044 .
867 1003 1007 1056 itaque
1029 1016 1119 1044 cum
1141 1017 1193 1044 ne
1215 1003 1347 1045 Varro
1378 1004 1547 1057 quidem
1577 1006 1754 1048 voluerit
1784 1005 1887 1047 haec

440 1072 720 1124 coniungere,
751 1071 944 1111 inimicae
975 1087 1023 1111 ac
1053 1086 1206 1111 venena
1222 1102 1232 1123 ,
1255 1069 1564 1112 Wakefieldum
1595 1075 1720 1124 atque
1749 1072 1886 1126 ipsum

437 1138 669 1179 Varronem
691 1136 758 1177 hic
781 1137 948 1189 quidem
970 1135 1207 1190 sequendos
1229 1136 1335 1178 duco
1353 1151 1361 1177 :
1393 1137 1435 1178 in
1457 1137 1561 1178 libro
1583 1152 1626 1191 11,
1647 1138 1727 1179 461
1759 1151 1888 1180 causa

438 1205 556 1246 nulla
586 1209 649 1246 est
678 1217 758 1257 quo
790 1205 927 1246 minus
958 1204 1189 1245 scribamus
1210 1203 1321 1258 qaod
1339 1219 1508 1259 cumque
1537 1213 1770 1246 venenumst
1788 1205 1886 1248 Sen-

437 1273 550 1313 sibus
569 1303 577 1312 .
611 1271 685 1312 sed
708 1270 821 1323 quod
842 1270 1002 1312 Nonius
1024 1270 1150 1312 habet
1170 1284 1210 1324 p.
1228 1270 1308 1311 491
1327 1303 1336 1324 ,
1359 1271 1410 1312 10
1430 1284 1482 1312 ex
1503 1271 1649 1312 eodem
1672 1271 1859 1314 Varrone
1876 1305 1885 1322 ‚

439 1339 526 1379 eius
557 1339 662 1379 enim
694 1339 870 1378 salivam
903 1353 987 1378 esse
1004 1338 1195 1392 fructuz's
1225 1353 1398 1390 veneno,
1429 1337 1473 1378 id
1506 1338 1655 1380 Latine
1686 1337 1770 1380 dici
1801 1351 1886 1380 non

438 1405 591 1446 credo:
624 1409 664 1446 et
694 1405 849 1445 habent
879 1419 1073 1445 venenam
1105 1404 1364 1457 exemplaria
1393 1404 1620 1447 Varronis.

551 1472 644 1513 767.
677 1471 898 1511 Arsame
930 1470 1482 1512 GIGNUNTUR.C⁴01·1⁴eOtOr
1503 1471 1675 1524 oblongi
1697 1472 1885 1512 ALTER-

437 1552 510 1578 ms
535 1570 542 1578 .
565 1551 663 1579 mox
693 1551 859 1579 versum
887 1537 992 1591 769,
1025 1537 1093 1590 qui
1125 1541 1187 1578 est
1217 1538 1298 1579 762
1328 1542 1482 1579 temere
1513 1538 1741 1593 repetitus,
1773 1538 1884 1581 idem

438 1609 646 1647 corrector
676 1605 761 1646 iam
792 1604 974 1646 delevit.

550 1672 643 1714 772.
682 1685 913 1712 NATURAM
947 1685 1004 1710 ET
1033 1683 1194 1710 MUTET
1217 1701 1226 1710 .
1259 1669 1315 1712 Ut
1358 1674 1564 1712 corrector
1606 1672 1801 1724 quadrati
1845 1676 1885 1714 et

434 1740 560 1781 Itali:
591 1740 651 1781 sic
683 1739 934 1781 Veronensis
965 1737 1119 1790 editio,
1151 1749 1235 1777 non
1265 1737 1495 1779 Brixiensis
1513 1770 1522 1779 .

548 1807 641 1849 774.
688 1808 795 1848 Nos
826 1818 1004 1845 ANIMAS
1027 1836 1036 1845 .
1058 1804 1154 1845 Itali
1185 1807 1226 1844 et
1256 1803 1461 1847 Marullus
1492 1818 1732 1846 ANIMANS·

548 1874 640 1915 775.
688 1887 814 1914 SUAM
845 1886 930 1917 QUI
947 1886 1068 1917 soon
1098 1886 1148 1911 1N
1179 1886 1374 1913 com-Um
1397 1905 1406 1914 .
1430 1873 1632 1914 Marullus
1661 1885 1882 1917 QUICQUE

433 1943 476 1982 in
509 1955 667 1982 COETU
686 1972 695 1981 .

546 2009 638 2050 776.
687 2020 927 2048 OSTENDIT
951 2038 958 2045 .
982 2004 1076 2047 Itali
1108 2009 1149 2047 et
1177 2005 1382 2048 Avantius
1415 2019 1672 2046 OSTENDET
1691 2037 1700 2047 .

547 2076 640 2116 777.
681 2075 787 2116 CUM
818 2087 974 2113 TERRA
1011 2086 1156 2113 snum.
1191 2087 1249 2113 ET
1281 2086 1485 2118 QUODAM
1517 2087 1611 2113 CUM
1641 2086 1765 2113 Bone
1795 2085 1882 2112 MA-

432 2156 556 2182 NARE
579 2174 588 2183 .
612 2142 830 2184 corrector
854 2139 1025 2192 oblongi
1048 2154 1244 2180 MANERE
1267 2172 1274 2180 .
1297 2144 1383 2181 tum
1404 2140 1632 2182 rectissime
1653 2138 1882 2180 Lambinus

431 2209 606 2251 totidem
637 2209 785 2251 litteris
816 2221 926 2252 ATQ.
958 2221 1126 2247 Annon
1156 2223 1246 2248 cum
1276 2223 1392 2248 rore.

545 2277 638 2318 778.
684 2278 731 2315 rN
768 2289 922 2315 nunus
963 2288 1182 2315 OPORTET
1205 2305 1214 2315 .
1249 2273 1329 2323 Qui
1367 2273 1539 2326 paulum
1577 2272 1700 2314 modo
1732 2272 1774 2312 in
1804 2272 1882 2314 hoc

431 2343 615 2385 carmine
645 2346 839 2385 versatus
870 2342 1021 2394 fuerit,
1052 2354 1134 2382 non
1166 2340 1377 2382 dubitabit
1406 2340 1505 2394 quin
1527 2339 1739 2394 scripserit
1757 2342 1882 2393 poeta

425 2409 662 2464 primordia
681 2408 910 2465 ,qzjqnandis
930 2410 975 2449 in
994 2409 1103 2450 reba'
1133 2421 1406 2448 NECESSEST
1427 2408 1634 2448 Naturam
1663 2405 1879 2447 clandesti-

429 2492 526 2518 nam
555 2476 776 2518 adhibere:
806 2488 942 2528 neque
964 2475 1073 2517 enim
1094 2475 1216 2516 aliter
1243 2486 1422 2527 usquam
1450 2473 1494 2515 in
1523 2473 1645 2515 huius
1676 2471 1787 2514 modi
1818 2484 1880 2513 re-

429 2542 505 2584 bus
526 2543 688 2584 locutus
710 2546 772 2584 est
790 2574 798 2584 .
821 2541 984 2583 accedit
1013 2541 1125 2595 quod
1153 2541 1231 2583 hoc
1251 2541 1345 2595 ipso
1366 2540 1494 2582 verbo
1517 2571 1525 2593 ,
1549 2538 1661 2592 quod
1682 2543 1744 2580 est
1764 2554 1879 2594 opor-

429 2618 481 2651 tet
496 2642 506 2662 ‚
530 2621 607 2662 ea,
630 2613 757 2663 puto,
781 2608 833 2650 de
856 2621 985 2650 causa
1005 2608 1118 2661 quod
1139 2607 1193 2649 ad
1215 2607 1373 2649 iudicia
1393 2606 1562 2661 proprie
1583 2606 1787 2660 pertinet,
1806 2608 1879 2646 *ne-

429 2689 510 2729 que
530 2675 747 2717 Lucretius
769 2675 851 2717 alio
872 2676 959 2716 >ullo
991 2675 1033 2720 in
1053 2675 1144 2716 loco
1166 2687 1265 2715 usus
1289 2677 1375 2728 est,
1407 2685 1542 2726 neque
1573 2673 1698 2714 ceteri
1728 2675 1880 2726 poetae

427 2747 594 2797 praeter
616 2742 797 2784 comicos
819 2754 868 2784 00
892 2741 1151 2783 delectantur
1169 2772 1178 2781 .
1200 2740 1356 2782 habent
1377 2739 1545 2793 quidem
1566 2738 1670 2780 illud
1692 2738 1876 2792 satirici,

428 2809 614 2850 Lucilius
632 2840 642 2862 ,
675 2809 900 2863 Horatius,
923 2807 1093 2850 Persius
1110 2840 1120 2858 ,
1141 2806 1385 2861 Iuvenalis,
1407 2806 1507 2848 item
1529 2805 1747 2847 Phaedrus
1765 2836 1775 2859 ,
1805 2804 1878 2857 qui

427 2875 585 2918 comico
607 2875 752 2927 generi
775 2874 954 2929 proximi
977 2878 1099 2928 sunt3
1130 2873 1206 2915 sed
1227 2886 1280 2914 ne
1302 2873 1341 2914 hi
1363 2873 1531 2927 quidem
1563 2885 1690 2931 saepe
1712 2903 1722 2913 .
1744 2884 1766 2913 e
1796 2874 1876 2912 tra-

427 2943 532 2996 gicis
550 2976 559 2998 ,
582 2945 782 2996 quantum
802 2941 886 2983 scio
904 2974 912 2996 ,
938 2942 1098 2982 Ennius
1116 2953 1165 2982 eo
1181 2953 1283 2982 usus
1301 2944 1388 2994 est,
1414 2942 1469 2982 Te
1484 2942 1619 2995 ipsum
1635 2939 1706 2979 hoc
1726 2945 1879 2992 oportet
