2040 3328
437 209 518 250 358
754 238 756 240 >
1134 207 1187 246 VI

436 322 565 375 {qitur
595 320 738 361 deoetro
755 319 938 372 faciatis
958 317 1153 371 Apolline
1181 331 1344 357 carmen
1360 349 1370 368 ,
1392 316 1510 366 Quod
1538 317 1628 358 lieet
1643 350 1654 370 ‚
1675 319 1782 358 inter
1810 332 1880 359 vos

437 402 578 428 nomen
608 386 745 426 habete
774 399 906 425 meum
921 415 932 435 ,
954 382 998 423 id
1035 386 1098 424 est
1128 381 1238 431 Quin
1274 382 1424 434 etiam,
1447 382 1557 435 quod
1586 383 1708 437 licet,
1729 395 1880 424 nomen

437 466 571 494 meum
601 456 767 494 vestrae
796 448 1049 504 professioni
1079 447 1327 489 adscribite.
1349 448 1410 489 sic
1438 448 1510 489 ille
1537 449 1686 491 Flacco
1717 449 1879 490 modes-

437 520 545 571 tius,
568 518 640 571 qui
671 530 764 559 cum
784 529 829 557 se
860 516 1005 571 lyricis
1034 515 1194 555 vatibus
1223 515 1420 555 insertum
1449 515 1510 555 iri
1534 519 1700 570 sperat,
1721 517 1879 557 Maece-

436 586 523 626 nati
555 584 676 627 docto
698 587 916 638 poetarum
939 580 1065 622 iudici
1086 580 1194 622 adeo
1217 580 1386 634 probari
1409 581 1522 634 cupit
1541 585 1586 622 ut
1605 581 1658 623 ab
1680 594 1730 624 eo
1750 583 1794 624 in
1815 595 1878 623 or-

438 650 576 692 dinem
606 650 830 705 lyricorum
858 647 1073 700 redigatur
1103 647 1288 688 decimus
1320 651 1360 687 et
1388 646 1500 688 idem
1528 660 1634 689 unus
1654 648 1850 690 Italorum
1868 680 1878 690 .

552 716 643 758 149.
673 729 895 756 PROPTER
924 727 1264 754 DEMERSIMU8.
1287 713 1432 767 Inepte
1462 713 1670 755 adiectum
1685 724 1878 770 propter,

436 784 480 826 id
511 787 574 826 est
602 784 719 824 iuxta
737 813 746 822 .
768 781 938 835 egregie
968 780 1171 822 Marullus
1201 788 1446 820 morrena.

553 850 643 892 151.
674 862 898 889 menn'rxs
934 861 1107 903 sommo
1147 860 1387 888 SUOCENSA
1432 859 1651 887 RECENTE
1672 877 1682 888 .
1714 847 1880 890 Correo-

436 921 501 958 tor
533 916 706 969 oblongi
738 912 1199 966 1NGENT1.aEPnnTn
1231 913 1325 954 Itali
1357 917 1397 954 et
1429 913 1658 956 Brixiensis
1688 913 1840 956 editio.

551 982 641 1024 153.
673 983 844 1023 Tuum:
875 995 1164 1022 vnuronum.
1187 981 1234 1022 In
1275 983 1452 1034 utroque
1482 985 1624 1022 vetere
1654 984 1880 1022 correctum

435 1051 471 1090 T
482 1063 507 1090 u
518 1063 661 1090 RBINE
678 1081 687 1089 .

550 1115 641 1157 154.
674 1116 777 1156 Nnc
807 1128 891 1154 mes
923 1128 1037 1155 mm
1067 1127 1212 1154 MAcxs
1231 1145 1240 1154 .
1262 1113 1385 1169 Apud
1407 1113 1662 1155 Macrobium
1684 1113 1880 1156 Saturna—

436 1184 588 1224 liorum
623 1196 677 1235 v1,
695 1180 723 1221 4
759 1197 825 1222 res
862 1194 986 1221 ULLA
1009 1213 1018 1222 .
1049 1181 1161 1222 infra
1200 1193 1324 1222 versu
1362 1180 1468 1222 1009
1506 1179 1720 1233 oblongus*
1746 1181 1883 1235 prima

435 1262 562 1290 manu
591 1264 658 1290 ‘res
687 1248 759 1288 ula
777 1279 785 1287 .

550 1314 641 1357 155.
674 1327 886 1355 sommum
908 1344 917 1354 .
949 1314 1212 1356 Correctores
1256 1318 1418 1356 veteres
1458 1317 1500 1355 et
1534 1313 1768 1356 Macrobius
1805 1328 1880 1355 so-

435 1397 553 1424 N1Tu
571 1414 580 1424 .

550 1448 642 1490 156.
675 1461 785 1488 cnm
804 1479 813 1488 .
839 1447 989 1489 Alieno
1011 1447 1103 1489 loco
1124 1447 1303 1501 positum
1326 1447 1439 1502 apud
1460 1448 1640 1489 Nonium
1661 1461 1702 1502 p.
1718 1447 1812 1502 487,
1827 1448 1856 1489 4
1871 1483 1880 1492 .

551 1514 642 1556 158.
674 1528 999 1555 FRANGUNTUR
1063 1529 1108 1554 IN
1165 1527 1327 1554 ARTUM
1384 1515 1633 1556 Goucssn'n
1696 1528 1882 1555 MONTES

434 1595 686 1622 NIMBORUM
704 1612 712 1620 .
735 1582 864 1622 Immo
887 1582 931 1622 z‘n
952 1581 1352 1636 ARTofranyuntur
1369 1581 1498 1623 nubes
1519 1582 1616 1636 gelu
1637 1585 1882 1636 concretae,

435 1661 528 1690 cum
559 1661 631 1689 eas
668 1651 817 1689 ventus
849 1647 1075 1689 confercit.
1100 1647 1304 1701 Epicurus
1343 1647 1454 1701 apud
1486 1648 1716 1701 Diogenem
1745 1662 1784 1700 x,
1805 1648 1884 1690 100

438 1713 510 1756 καὶ
540 1713 650 1756 κατὰ
682 1711 983 1770 παρατρίψεις
1013 1713 1062 1756 δὲ
1092 1714 1235 1769 νεφῶν
1255 1713 1327 1755 καὶ
1356 1710 1583 1768 κατάξεις,
1606 1714 1738 1770 πῆξιν
1767 1711 1881 1770 εἰλη-

438 1778 587 1837 φότων
617 1781 956 1837 κρυσταλλοειδῆ
977 1812 987 1821 .

551 1850 642 1891 160.
673 1862 830 1889 Nussns
848 1879 857 1889 .
879 1848 1014 1889 Nubis
1044 1846 1158 1901 apud
1188 1847 1369 1888 Nonium
1400 1861 1439 1901 p.
1457 1847 1553 1902 506,
1573 1848 1620 1888 11
1641 1879 1649 1888 .

551 1916 642 1958 162.
673 1916 958 1962 szcuchT
978 1946 986 1954 .
1009 1915 1076 1956 Sic
1105 1917 1276 1966 uterque
1311 1917 1429 1955 vetus
1449 1929 1458 1968 3
1480 1913 1592 1967 quod
1622 1915 1748 1956 miror
1764 1947 1774 1957 .
1795 1928 1882 1957 cor-

438 1987 573 2025 rector
605 1982 777 2035 oblongi
808 1981 905 2023 fecit
934 1995 983 2021 T.

549 2050 639 2092 165.
673 2049 870 2090 Focum:
893 2079 902 2089 .
940 2047 1157 2089 Corrector
1201 2046 1395 2100 quadrati
1440 2051 1480 2089 et
1523 2047 1714 2102 impressi
1759 2049 1880 2089 Fun-

436 2131 587 2158 GERE.

552 2182 643 2224 165.
674 2196 735 2222 AI)
779 2195 921 2222 Aulus
956 2182 1176 2222 TARDms
1221 2195 1501 2222 ADVENIUNT
1524 2214 1532 2223 .
1563 2181 1779 2236 Isidorus,
1811 2183 1880 2237 qui

436 2249 500 2291 his
521 2249 648 2290 utitur
670 2248 876 2300 originum
898 2262 986 2301 xm,
1004 2249 1028 2289 8
1047 2281 1056 2301 ,
1078 2248 1143 2290 bis
1166 2248 1265 2289 dicit
1285 2250 1447 2290 tardius
1463 2249 1521 2289 ad
1540 2264 1661 2290 aures
1679 2251 1878 2304 pervenit,

435 2319 562 2368 atque
582 2315 641 2356 ita
661 2315 752 2368 ipse
781 2314 880 2355 alibi
902 2318 1052 2368 poeta.
1077 2315 1256 2356 fortasse
1285 2314 1353 2356 hic
1379 2327 1546 2368 quoque
1576 2332 1596 2355 s
1625 2315 1787 2356 litterae
1809 2315 1880 2356 eli-

434 2382 496 2423 sio
527 2380 867 2422 emendatoribus
905 2380 1141 2435 displicuit,
1168 2381 1337 2422 Tardz'u'
1365 2382 1638 2436 perveniunt.
1665 2379 1775 2422 idem
1805 2381 1880 2422 Isi-

435 2448 563 2489 dorus
580 2447 633 2488 de
652 2451 800 2488 natura
816 2461 952 2488 rerum
970 2460 1061 2502 cap.
1074 2448 1128 2489 30
1144 2449 1303 2489 Dehinc
1319 2455 1544 2502 sequuntur
1560 2447 1740 2488 tonitrua
1746 2462 1761 2500 ,-
1776 2462 1880 2502 quae

435 2515 527 2555 licet
538 2514 674 2555 sonitu
689 2513 876 2554 tardiora
892 2515 992 2566 sint,
1002 2513 1273 2569 praecedenti
1284 2529 1479 2555 concussa
1496 2513 1663 2554 luminis
1679 2513 1879 2566 cla-ritate,

428 2581 593 2634 pariter
609 2588 742 2621 tamen
750 2579 1025 2634 cum-sufflare
1037 2580 1272 2620 emittuntur
1283 2611 1292 2621 .
1310 2579 1383 2621 sed
1393 2595 1530 2620 eorum
1546 2579 1702 2620 sonitus
1718 2579 1880 2622 tardius

431 2654 619 2700 penetrat
635 2662 756 2687 aures
773 2662 895 2700 quam
913 2646 1049 2687 oculos
1064 2645 1257 2700 splendor
1260 2646 1457 2701 fulqmis
1473 2677 1483 2698 ,
1505 2645 1563 2686 ad
1576 2646 1708 2686 instar
1724 2647 1880 2688 securis

438 2713 624 2754 arborem
636 2712 786 2767 procul
799 2711 1003 2753 caedentis
1019 2743 1028 2765 ,
1050 2713 1167 2753 cuius
1182 2712 1345 2766 quidem
1362 2721 1453 2753 ante
1469 2712 1603 2752 cernis
1618 2713 1741 2754 ictum
1756 2727 1880 2766 quam

437 2778 496 2819 ad
522 2794 645 2820 aures
669 2779 884 2834 perveniat
914 2780 1070 2820 sonitus
1087 2812 1095 2821 .

550 2845 640 2886 168.
672 2844 903 2886 UNGIPITI
943 2858 1124 2885 VIDEAT
1154 2857 1306 2885 ranno
1330 2876 1339 2886 .
1370 2844 1598 2887 Brixiensis
1630 2843 1756 2886 editio
1786 2843 1878 2885 AN—
1932 2891 1935 2895 .
