2040 3328
406 220 461 262 62
1119 222 1139 264 Ι

406 331 603 383 Quarum,
629 331 853 385 Musarum,
876 347 998 372 sacra
1006 332 1108 387 fero
1124 334 1510 391 inqentipercussus
1531 351 1679 390 amore,
1703 348 1847 390 georg.

406 411 454 447 11,
471 397 554 438 476
571 429 581 451 ,
604 400 644 438 et
663 397 868 452 Obstipuit
882 413 1030 453 mayno
1047 398 1216 440 laudam
1229 415 1450 454 percussus
1471 417 1606 444 amore
1620 434 1630 454 ,
1654 403 1757 444 Aen.
1780 417 1823 442 1x
1837 435 1846 452 ‚

409 463 485 505 197
505 495 514 504 .
547 467 590 504 at
627 477 679 505 ex
714 463 792 504 hac
830 477 916 504 una
957 463 1142 506 absurda
1173 466 1420 519 repetitione
1450 468 1520 520 qui
1551 471 1662 510 recto
1693 468 1848 510 iudicio

406 534 541 571 utetur
579 530 794 582 intelleget
824 530 1061 572 Lucretium
1102 545 1206 586 opus
1246 545 1363 574 suum
1397 546 1480 574 non
1510 534 1644 588 ipsum
1674 535 1718 576 in
1747 535 1848 590 pub-

405 596 527 636 licum
550 595 786 648 prodidisse
805 611 814 637 ε
836 609 933 637 nam
954 599 1159 651 poematis
1182 598 1316 640 editor
1337 599 1371 640 si
1402 600 1559 641 nullum
1589 601 1683 642 libri
1714 602 1848 655 quarti

405 661 623 703 exordium
644 674 670 702 a
690 662 884 704 Lucretio
906 664 1105 718 scriptum
1126 664 1294 720 habuit,
1324 666 1447 708 facile
1474 667 1608 720 potuit
1635 681 1680 709 se
1711 668 1848 710 officio

404 740 478 768 suo
511 727 614 769 satis
645 727 796 771 fecisse
826 730 1091 784 existimare,
1129 732 1165 772 si
1197 730 1271 773 hos
1302 731 1601 786 pulcherrimos
1631 746 1776 776 versus
1807 735 1849 776 in

403 795 476 835 illo
509 795 599 836 loco
629 796 876 849 repetisset.
898 801 938 838 et
958 798 1196 839 Lucretium
1227 797 1393 851 quidem
1420 799 1526 840 inter
1555 800 1847 853 expoliendum

403 865 556 915 poema
586 875 731 916 suum,
763 862 898 916 primo
929 867 1090 906 tantum
1111 865 1219 906 libro
1241 865 1462 919 absoluto,
1496 865 1728 908 decessisse
1748 867 1850 909 mul-

403 928 456 969 tis
492 929 750 981 argumentis
788 928 1035 971 firmissimis
1074 930 1402 973 demonstratum
1438 932 1624 975 inveniet
1663 934 1733 988 qui
1772 933 1849 975 hos

404 995 724 1036 commentarios
755 1008 880 1048 porro
912 996 1089 1051 legerit,
1121 997 1247 1050 idque
1267 998 1547 1054 Hieronymus
1578 1000 1621 1041 in
1652 1000 1847 1042 chronico

403 1065 599 1103 testatum
630 1061 802 1114 reliquit
831 1062 976 1104 addito
1008 1063 1100 1116 ipso
1125 1064 1406 1107 emendatoris
1427 1066 1596 1107 nomine
1613 1098 1622 1107 .
1643 1066 1848 1121 Hierony-

403 1141 519 1183 mus,
551 1128 751 1182 inquam,
782 1141 866 1169 non
890 1129 1123 1184 Eusebius,
1157 1143 1279 1184 quem
1301 1131 1529 1173 admodum
1557 1133 1680 1174 nimis
1708 1133 1848 1186 negle-

402 1198 551 1248 genter
572 1194 716 1236 dicunt
736 1195 919 1237 editores
941 1196 1148 1238 Lucretii:
1180 1198 1487 1252 imperitissime
1514 1203 1554 1240 et
1574 1199 1777 1252 For-biger
1806 1200 1849 1241 in

403 1262 698 1303 dissertatione
733 1275 774 1316 p.
808 1262 885 1304 126
926 1263 1129 1317 suspicari
1169 1277 1214 1306 se
1259 1265 1402 1307 scribit
1439 1266 1738 1321 Hieronymum
1772 1279 1850 1308 sua

402 1330 582 1382 ideoque
611 1327 694 1370 fide
724 1328 861 1370 minus
893 1329 1022 1383 digna
1044 1331 1292 1373 Eusebianis
1323 1331 1624 1388 admiscuisse,
1657 1337 1699 1374 et
1719 1333 1848 1375 Heus-

403 1396 496 1438 dius
526 1396 570 1436 in
600 1395 782 1449 epistula
812 1396 865 1438 de
895 1397 1058 1438 Lucilio
1089 1410 1199 1439 anno
1225 1397 1332 1439 1844
1361 1398 1475 1440 edita
1503 1413 1543 1453 p.
1565 1400 1590 1441 9
1621 1399 1849 1442 Eusebium

403 1463 696 1504 Armeniacum
734 1462 776 1503 in
813 1462 874 1504 eis
905 1476 1014 1516 quae
1043 1476 1180 1517 neque
1210 1464 1336 1509 habet
1365 1478 1499 1518 neque
1528 1465 1682 1508 habere
1710 1470 1849 1521 potest

402 1530 455 1572 ab
476 1530 731 1582 Hieronymo
755 1529 975 1572 dissentire
1005 1530 1132 1584 dicit;
1162 1535 1207 1573 ut
1236 1536 1443 1587 appareat
1472 1535 1690 1586 utrumque
1718 1533 1846 1588 libro,

402 1597 518 1639 cuius
553 1596 760 1637 rationem
804 1608 889 1637 non
931 1597 1226 1652 cognovisset,
1268 1597 1524 1640 confidenter
1565 1612 1685 1641 usum
1728 1613 1847 1643 esse.

386 1662 647 1716 „Hieronymi
678 1662 810 1704 verba
839 1663 1023 1718 subieci,
1046 1677 1154 1717 quae
1178 1665 1385 1707 Pontacus
1410 1664 1582 1708 exhibet
1602 1666 1647 1708 in
1677 1679 1848 1708 numero

402 1729 601 1771 Abrahae
626 1729 759 1784 1923,
790 1729 982 1784 Scaliger
1016 1731 1148 1782 1922,
1180 1732 1316 1774 Maius
1348 1732 1552 1786 denique,
1584 1732 1704 1786 isque
1733 1732 1848 1775 solus

402 1800 513 1838 recte
530 1829 539 1851 ,
567 1796 671 1838 1918
687 1828 696 1838 .
725 1797 840 1838 Titus
860 1797 1080 1839 Lucretius
1097 1805 1218 1853 poeta
1238 1800 1423 1840 nascitur
1438 1831 1449 1852 ,
1481 1799 1559 1854 qui
1570 1808 1718 1854 postea
1737 1815 1848 1841 ama-

402 1866 505 1906 torio
521 1863 671 1919 poculo
692 1863 737 1904 in
746 1862 943 1918 furorem
964 1880 1105 1906 versus
1121 1896 1132 1917 ‚
1161 1881 1250 1906 cum
1282 1865 1440 1920 aliquot
1470 1865 1595 1907 libros
1620 1881 1699 1920 per
1726 1866 1849 1907 inter-

401 1931 514 1972 valla
544 1930 735 1971 insaniae
765 1931 1098 1984 conscripsisset,
1132 1947 1233 1986 quos
1253 1940 1401 1987 postea
1431 1932 1571 1974 Cicero
1603 1931 1848 1985 emendavit,

395 1997 577 2052 propria
606 2012 648 2038 se
679 2012 805 2038 manu
834 1997 1040 2052 interfecit
1061 2014 1170 2040 anno
1191 1999 1337 2040 aetatis
1356 2012 1453 2039 xmv
1470 2031 1478 2039 .
1500 2010 1696 2040 numerus
1718 1997 1849 2040 Abra—

402 2064 482 2105 hae
511 2063 616 2105 1918
648 2067 711 2105 est
740 2075 875 2104 annus
905 2063 958 2104 ab
988 2064 1090 2106 urbe
1121 2065 1291 2108 condita
1321 2065 1608 2108 Varronianus
1629 2064 1736 2120 655,
1768 2077 1850 2118 quo

402 2143 513 2172 anno
544 2130 597 2170 M.
631 2129 814 2170 Antonio
853 2133 894 2171 et
924 2131 973 2172 A.
1004 2131 1218 2174 Postumio
1249 2132 1403 2174 Albino
1434 2132 1673 2174 consulibus
1694 2131 1850 2174 Caesar

403 2210 568 2252 quoque
589 2199 713 2238 natus
735 2201 823 2238 est.
847 2209 957 2238 anno
974 2198 1192 2252 posthunc
1207 2202 1356 2252 quarto
1373 2202 1414 2240 et
1429 2199 1752 2253 quadragesimo
1769 2200 1849 2242 Lu-

402 2266 575 2307 cretium
591 2263 747 2305 obiisse
765 2264 952 2305 Donatus
972 2265 1076 2307 satis
1097 2264 1313 2307 confirmat
1327 2266 1370 2307 in
1387 2266 1475 2307 vita
1491 2266 1667 2320 Vergilii
1688 2279 1779 2322 cap.
1795 2267 1848 2321 2,

402 2332 471 2373 ubi
493 2331 598 2373 haec
617 2331 837 2383 leguntur.
861 2345 916 2370 xv
936 2347 1043 2373 anno
1064 2333 1225 2374 virilem
1241 2341 1381 2387 toqam
1400 2334 1531 2388 cepit,
1559 2334 1648 2375 illis
1676 2334 1849 2375 consuli-

402 2400 475 2440 bus
497 2400 645 2440 iterum
666 2398 813 2452 quibus
834 2406 955 2439 natus
976 2407 1088 2440 erat:
1121 2400 1328 2455 evenitque
1357 2408 1402 2441 ut
1430 2415 1473 2441 eo
1493 2401 1584 2455 ipso
1610 2399 1677 2442 die
1696 2401 1848 2442 Lucre-

402 2467 483 2507 tius
499 2472 621 2520 poeta
641 2463 876 2506 decederet.
897 2464 1109 2518 Vergilius
1138 2466 1246 2508 enim
1267 2470 1409 2519 togam
1439 2466 1600 2520 accepit
1629 2469 1726 2508 ante
1754 2465 1849 2508 idus

403 2531 605 2574 Octobres
626 2530 826 2584 Pompeio
849 2534 889 2572 et
910 2530 1061 2573 Crasso
1083 2532 1232 2574 iterum
1250 2565 1260 2587 ,
1282 2533 1361 2574 hoc
1381 2536 1444 2574 est
1464 2545 1573 2574 anno
1595 2533 1676 2576 699
1694 2547 1704 2586 3
1733 2533 1849 2575 cuius

401 2611 543 2640 mense
564 2597 799 2652 Septembri
820 2597 1047 2651 incipiente
1068 2598 1250 2640 excurrit
1265 2611 1399 2640 annus
1416 2599 1613 2641 Abrahae
1633 2599 1758 2653 1962,
1777 2599 1849 2653 qui

403 2669 464 2707 est
485 2677 511 2706 a
531 2664 636 2706 1918
657 2664 1009 2717 quadragesimus
1029 2668 1202 2718 quartus
1221 2679 1230 2706 :
1251 2664 1327 2706 sed
1344 2665 1644 2720 Hieronymum
1663 2666 1705 2706 in
1725 2665 1850 2707 rebus

402 2731 602 2773 Romanis
633 2744 766 2773 annos
787 2731 972 2772 Iulianos
1003 2734 1189 2773 secutum
1220 2745 1314 2774 esse
1342 2735 1454 2774 recte
1485 2731 1725 2774 observavit
1745 2732 1848 2773 Mer-

402 2799 538 2840 kelius
569 2798 624 2840 ad
656 2798 799 2840 Ovidii
830 2798 962 2839 fastos
992 2812 1033 2852 p.
1056 2812 1237 2840 chxvm
1254 2829 1263 2839 .
1284 2799 1383 2840 anni
1404 2799 1583 2853 proximi
1605 2799 1687 2842 700
1706 2810 1850 2841 mense

401 2865 628 2907 Februario
659 2865 803 2907 scribit
832 2864 888 2907 ad
909 2865 957 2916 Q.
981 2864 1224 2908 Ciceronem
1244 2865 1409 2908 Marcus
1431 2865 1561 2908 frater
1581 2866 1688 2908 libro
1713 2880 1771 2920 11,
1798 2865 1846 2906 11

403 2933 593 2973 Lucretii
594 2939 785 2986 poemata
796 2943 840 2975 ut
851 2933 998 2974 scribis
1010 2933 1067 2973 ita
1078 2941 1183 2985 sunt,
1201 2949 1281 2974 non
1292 2933 1431 2974 multis
1446 2933 1668 2975 luminibus
1680 2932 1848 2987 inqenii,
