2040 3328
413 226 467 269 74
1112 231 1155 272 II

411 339 558 380 stultas
578 339 651 381 ubi
673 339 717 380 in
737 340 890 382 nostris
915 326 982 382 est
997 342 1168 382 miseras
1185 356 1198 382 .-
1218 341 1316 383 item
1331 343 1537 385 Lactantii
1555 347 1855 402 exemplarium

411 406 545 448 maior
565 413 664 461 pars
686 407 876 459 Qualibet
900 408 945 448 in
965 408 1138 449 tenebris
1160 439 1168 448 .
1192 421 1290 450 mox
1320 409 1483 452 Nonius
1511 425 1552 466 p.
1574 412 1667 469 278,
1693 413 1743 456 15
1773 415 1855 457 De-

406 474 544 529 qimus
572 475 644 516 hoc
662 506 670 515 .
1412 524 1414 526 ¹

524 541 586 582 16.
617 554 774 582 nomm
805 554 984 581 vmmtn
1006 572 1015 581 .
1039 541 1228 583 Donatus
1261 541 1318 594 ad
1346 543 1640 588 Phormionem
1669 548 1854 590 Terentii

407 621 450 660 11,
471 608 506 661 1,
524 607 550 648 2
580 607 678 650 ‘Nec
705 623 836 650 meum
866 609 1085 663 imperium
1102 610 1121 649 .’
1151 624 1254 650 rara
1284 605 1594 667 ἀποσιώπησις
1614 643 1624 654 .
1646 630 1742 656 nam
1770 627 1855 657 non

408 674 593 729 sequitur
611 675 687 716 sed
703 675 826 729 (haee
846 675 1081 716 coniunctio
1104 674 1286 717 delenda
1307 676 1386 731 est)
1404 692 1412 718 :
1444 679 1583 720 intulit
1612 682 1718 723 emin
1747 694 1827 735 age
1843 715 1852 724 .

408 741 655 783 subauditur
677 751 810 784 autem
830 742 1012 785 revereri
1035 774 1044 783 .
1074 743 1133 783 sic
1155 743 1374 785 Lucretius
1394 745 1541 787 Nonne
1560 746 1700 789 videre
1721 779 1730 790 .
1750 749 1854 791 haee

408 819 434 847 a
451 806 620 849 Gifanio
638 812 748 851 recte
765 810 900 851 relata
915 809 959 850 in
975 809 1256 851 conlectaneis
1272 824 1311 864 ρ,
1321 811 1403 852 383
1415 812 1721 856 Wakefieldum
1737 815 1854 857 Eich—

408 865 591 915 stadium
622 876 898 929 Forbigerum
931 889 1015 918 non
1051 876 1309 918 retinuerunt
1345 890 1427 931 quo
1465 879 1599 921 minus
1629 881 1855 935 probarent

408 941 521 994 quod
541 942 660 984 Italis
682 946 723 984 et
744 943 921 985 Marullo
943 943 1186 997 placuerat,
1214 959 1346 986 nonne
1371 946 1509 988 videre
1539 955 1624 1001 est,·
1652 947 1764 1001 quod
1794 948 1853 990 di-

407 1008 526 1050 cendi
556 1021 690 1062 genus
713 1010 904 1052 Lucretio
927 1009 1144 1062 indignum
1168 1022 1260 1052 esse
1281 1010 1465 1053 dicemus
1486 1012 1592 1054 libro
1613 1028 1652 1064 V,
1668 1014 1751 1056 533
1772 1047 1782 1058 .
1811 1018 1854 1057 at

405 1075 508 1116 illud
530 1075 707 1118 alterum
727 1077 921 1118 Latinum
942 1081 983 1118 et
1004 1076 1254 1130 exquisitum
1277 1081 1364 1132 est,
1386 1094 1518 1120 nonne
1536 1079 1708 1122 videre?
1728 1081 1772 1122 in
1792 1081 1852 1122 in-

406 1141 677 1196 dignatione,
709 1143 787 1184 hoc
817 1147 880 1185 est
910 1156 1049 1185 nonne
1077 1143 1258 1186 vident?
1288 1145 1350 1187 sic
1371 1145 1423 1186 M.
1446 1145 1610 1188 Tullius
1631 1145 1684 1188 de
1704 1146 1852 1190 finibus

405 1223 447 1262 Π,
466 1210 519 1251 29
535 1210 607 1251 Ῐιοο
627 1225 720 1252 vero
740 1226 821 1251 non
840 1210 980 1252 videre
997 1211 1013 1252 J
1043 1210 1192 1264 quibus
1222 1224 1319 1252 mox
1339 1211 1600 1254 subiciuntur
1621 1212 1750 1268 haee,
1781 1214 1853 1256 hoc

406 1276 535 1330 iqz‘tur
555 1275 664 1318 idem
684 1293 764 1319 non
784 1277 893 1319 videt
914 1309 923 1318 .
945 1277 1002 1319 ibi
1023 1278 1271 1332 interpretes
1292 1277 1455 1321 addunt
1476 1293 1528 1321 ex
1548 1279 1736 1322 eiusdem
1757 1292 1852 1334 ope-

405 1341 463 1383 ris
484 1341 592 1384 libro
609 1357 663 1395 1v,
682 1344 734 1386 76
756 1344 829 1385 hoc
849 1359 930 1386 non
949 1344 1088 1386 videre
1104 1345 1121 1386 J
1142 1348 1182 1386 et
1203 1358 1255 1387 ex
1275 1345 1380 1387 libro
1397 1359 1424 1385 v
1441 1345 1483 1386 in
1500 1346 1671 1388 Verrem
1690 1347 1742 1390 14
1762 1355 1851 1388 tan-

406 1417 540 1451 tumne
560 1410 713 1452 vidisse
728 1411 773 1452 in
793 1419 898 1452 metu
912 1411 1180 1466 periculoque
1194 1413 1462 1468 provinciae?
1481 1411 1591 1454 idem
1611 1427 1687 1468 pro
1703 1413 1851 1456 Cluen-

405 1477 463 1518 tio
488 1477 538 1519 15
568 1493 590 1519 ο
618 1477 838 1519 audaciam
865 1478 1118 1534 sinqularem
1135 1478 1152 1519 l
1181 1494 1314 1520 nonne
1343 1479 1435 1532 (alii
1454 1479 1554 1533 non)
1576 1481 1784 1535 timuisse,
1814 1481 1858 1523 si

403 1545 540 1585 minus
561 1546 643 1586 vim
664 1544 830 1586 oleorum
845 1545 1130 1600 hominumque
1139 1545 1308 1600 famam
1322 1577 1332 1599 ,
1354 1554 1397 1587 at
1410 1546 1528 1587 illam
1543 1547 1680 1602 ipsam
1699 1555 1851 1589 noctem

398 1610 594 1667 facesque
614 1611 820 1667 nuptiales
836 1612 854 1652 22
874 1627 954 1653 non
975 1612 1098 1653 limen
1114 1613 1316 1666 cubiculi,
1338 1628 1419 1654 non
1434 1613 1566 1654 cubile
1572 1613 1697 1669 filiae
1714 1645 1724 1655 .
1743 1626 1851 1667 quae

403 1682 498 1720 sunt
518 1678 682 1720 acriora
703 1690 830 1731 quam
851 1678 887 1720 si
917 1678 1091 1721 dixisset
1118 1679 1228 1722 videt
1247 1679 1352 1722 vidit
1372 1681 1506 1722 timuit
1526 1712 1536 1722 .
1558 1679 1778 1722 Terentius
1807 1680 1852 1722 in

402 1745 564 1787 Andria
579 1759 604 1799 1,
621 1745 660 1798 5,
682 1745 731 1787 18
756 1746 980 1787 Tantamne
1000 1763 1085 1788 rem
1107 1755 1190 1788 tam
1210 1747 1462 1803 necleqenter
1477 1763 1598 1802 aqere
1613 1748 1633 1789 ,ἲ
1652 1750 1694 1789 et
1712 1761 1751 1802 v,
1769 1748 1807 1802 3,
1825 1748 1850 1790 8

402 1812 518 1854 Adeo
534 1813 736 1868 inpotenti
748 1829 832 1854 esse
848 1813 1010 1855 animo!
1031 1813 1130 1855 item
1146 1814 1187 1854 in
1204 1813 1405 1855 Eunucho
1421 1827 1476 1868 1v,
1494 1814 1532 1868 3,
1551 1814 1577 1854 2
1591 1812 1849 1856 Hocine'tam

401 1879 546 1920 audax
548 1879 726 1934 facinus
730 1880 881 1934 facere
895 1895 980 1922 esse
996 1881 1172 1922 ausum?
1191 1880 1295 1922 haee
1316 1879 1484 1934 quidem
1506 1880 1649 1922 omnia
1669 1881 1711 1922 in
1728 1881 1850 1924 tertia

400 1958 610 2000 persona,
641 1946 696 1988 ad
727 1959 853 2000 quam
883 1959 935 1989 ea
958 1959 1124 2001 quoque
1143 1947 1378 2002 pertinent,
1410 1960 1437 1989 a
1456 1947 1605 2001 quibus
1626 1947 1765 1990 exorsi
1785 1961 1851 1990 su-

401 2026 493 2054 mus
511 2045 520 2067 ,
543 2013 586 2055 in
607 2013 858 2056 Phormione
879 2028 921 2069 11,
943 2015 977 2068 1,
996 2016 1022 2056 2
1039 2047 1048 2069 ,
1079 2014 1198 2056 Itane
1218 2014 1381 2055 tandem
1400 2029 1570 2055 uxorem
1591 2013 1712 2056 duma
1730 2015 1850 2056 Anti-

398 2081 480 2136 pho
509 2081 674 2122 iniussu
703 2082 823 2123 meo?
850 2081 937 2123 Nec
957 2097 1089 2123 meum
1110 2082 1328 2136 imperium
1343 2113 1354 2134 ,
1385 2096 1433 2122 ac
1458 2080 1596 2134 (multi
1617 2081 1712 2136 aye)
1739 2082 1852 2123 mz'tto

400 2148 637 2202 imperium,
659 2162 739 2188 non
755 2148 1000 2190 simultatem
1017 2164 1148 2190 meam
1162 2148 1362 2189 Revereri
1373 2147 1544 2189 saltem?
1563 2163 1642 2189 non
1659 2147 1818 2202 pudere
1833 2149 1852 2190 2

400 2214 587 2256 secunda
616 2227 798 2268 persona
819 2218 882 2256 est
902 2215 944 2255 in
965 2214 1030 2256 his
1047 2246 1056 2256 .
1077 2215 1122 2256 in
1152 2213 1354 2256 Eunucho
1375 2228 1419 2267 11,
1439 2215 1474 2267 1,
1491 2214 1518 2254 2
1547 2214 1600 2255 ah
1620 2214 1853 2270 Roqitare!

403 2283 531 2337 quasi
547 2282 711 2337 difficile
732 2282 810 2322 sit.
834 2281 877 2322 in
898 2281 1147 2323 Phormione
1164 2295 1202 2334 V,
1219 2282 1256 2335 9,
1273 2280 1328 2323 53
1348 2281 1426 2322 Nil
1436 2280 1632 2336 pudere?
1651 2281 1694 2321 in
1714 2280 1851 2323 Heau-

400 2349 750 2390 tontimorumeno
773 2362 810 2402 v,
832 2348 871 2401 4,
897 2349 946 2390 18
977 2349 1072 2390 Non
1098 2349 1204 2390 mihi
1216 2364 1293 2403 per
1301 2347 1511 2403 fallacias
1532 2346 1736 2389 adducere
1757 2356 1850 2390 ante

398 2416 568 2457 oculos?
610 2415 688 2457 hoc
727 2419 790 2456 est
826 2415 921 2456 Non
958 2414 1136 2456 adducis
1173 2413 1434 2456 meretricem
1449 2414 1470 2455 ?
1505 2413 1576 2455 ubi
1618 2413 1851 2456 Bentleium

398 2494 482 2523 non
514 2482 744 2534 intellego.
766 2481 902 2535 prima
932 2493 1115 2536 persona
1143 2481 1280 2523 locum
1311 2479 1436 2522 habet
1465 2481 1508 2522 in
1538 2480 1603 2522 his
1626 2493 1736 2535 quae
1755 2485 1851 2523 sunt

400 2548 442 2589 in
473 2547 636 2589 Andria
666 2562 704 2602 V,
728 2548 766 2602 2,
789 2548 868 2602 29,
901 2564 1034 2590 nonne
1064 2557 1099 2590 te
1129 2549 1291 2589 miseret
1318 2548 1432 2589 mei?
1465 2549 1643 2589 Tantum
1673 2548 1851 2590 laborem

400 2631 546 2670 capere
575 2615 622 2656 ob
651 2615 771 2657 talem
788 2615 931 2670 fllium
951 2615 968 2656 Ι
1007 2614 1086 2656 hoc
1116 2618 1179 2656 est
1208 2615 1327 2669 capio
1346 2646 1354 2654 .
1383 2614 1575 2655 similiter
1604 2613 1777 2656 Plautus
1807 2614 1850 2655 in

399 2681 619 2723 Aulularia
633 2696 676 2736 11,
694 2682 733 2736 5,
756 2683 805 2723 12
828 2680 937 2723 'Tibi
960 2681 1256 2737 rectefacere?
1275 2680 1354 2723 hoe
1376 2684 1439 2723 est
1458 2680 1554 2722 Tibi
1577 2680 1682 2723 bene
1703 2680 1813 2728 facio
1829 2681 1851 2723 Ῥ

402 2748 567 2803 quando
597 2749 711 2804 quod
723 2749 877 2805 facias
902 2749 1039 2804 perit.

513 2815 575 2856 17.
614 2816 769 2858 NIHIL
799 2829 949 2857 ALIUD
980 2829 1077 2856 sun
1107 2828 1340 2856 NATURAM
1370 2828 1611 2869 LATRARE,
1642 2829 1742 2855 NISI
1770 2829 1848 2870 UT,

399 2895 483 2928 QUI
518 2882 750 2924 CORPORE
789 2897 1054 2924 smuncrus
1089 2895 1253 2923 Donon
1287 2895 1428 2923 ABSIT
1447 2915 1457 2932 ‚
1498 2895 1656 2922 ΜΕΝΤΕ
1697 2895 1849 2923 FRUA-

398 2963 490 2991 TUR
529 2949 755 2991 IUCUNDO
787 2964 962 3006 snnsn,
1002 2964 1128 2991 cnRA
1170 2963 1367 2990 SEMOTA
1401 2962 1631 2994 METUQUE
1652 2979 1661 2990 .
1699 2949 1747 2990 In
1783 2948 1848 2991 his
