2040 3328
434 215 487 257 92
1137 214 1179 255 II

544 326 639 368 318.
680 339 775 372 Quo
807 339 937 372 QUAM
966 335 1251 365 vo'cANTES.
1284 324 1370 375 Quo
1400 338 1638 370 QUAMQUE
1670 326 1878 366 corrector

434 394 604 447 oblongi
623 426 631 434 .

545 461 638 502 320.
671 460 736 501 ET
768 473 943 499 sA'r1AT
973 472 1088 499 Aeni
1111 490 1119 499 .
1152 457 1249 498 Itali
1281 461 1320 499 et
1348 458 1540 513 impressi
1572 472 1794 499 SATIA'rx.

544 527 637 570 322.
670 527 738 567 ET
766 541 855 566 VEL
882 541 964 566 nm
992 540 1038 565 m
1058 539 1219 566 vuum
1238 557 1247 566 .
1265 525 1538 567 Scribendum
1561 529 1624 569 est
1643 526 1709 567 vel
1726 539 1786 566 UT
1807 526 1878 579 in,

435 596 532 637 item
563 595 606 635 in
635 607 759 635 versu
789 593 910 634 huius
940 593 1038 634 libri
1069 593 1150 635 780
1178 606 1237 632 UT
1268 592 1312 632 in
1343 591 1571 647 quadrato,
1603 593 1791 646 quamvis
1821 592 1879 634 ibi

434 673 600 714 quoque
622 660 880 714 exemplaria
900 660 1083 702 habeant
1104 661 1168 701 uti
1193 661 1236 701 in
1253 690 1261 699 .
1280 659 1439 700 nullam
1461 659 1570 700 enim
1590 659 1635 700 in
1663 659 1880 701 vocabulis

434 727 564 769 'iambi
585 727 705 782 pedis
726 740 923 769 mensura
944 727 1253 781 comprehensis
1284 726 1500 768 elisionem
1531 739 1557 767 a
1586 726 1778 767 Lucretio
1809 725 1880 767 ad-

435 794 605 835 missam
638 807 730 836 esse
769 794 1012 836 docebimus
1048 794 1103 835 ad
1137 793 1287 835 librum
1318 807 1376 846 111,
1400 792 1510 834 954.
1543 795 1704 846 partem
1740 795 1880 834 tamen

434 864 653 915 poetarum
685 861 737 903 ab
769 861 848 903 hoe
877 874 1032 914 genere
1054 874 1136 902 non
1158 859 1382 902 abhorrere
1403 859 1557 901 ibidem
1579 859 1853 901 concedemus
1873 873 1881 900 :

432 928 506 969 sed
538 929 684 981 nequis
715 928 790 969 ulli
822 933 973 982 poetae
1004 927 1245 969 adscribere
1274 926 1378 968 velit
1414 928 1479 967 uti
1513 928 1557 968 in
1588 942 1787 982 aequore,
1826 925 1880 968 ad

433 995 621 1036 eiusdem
658 995 751 1036 libri
789 1009 958 1037 versum
988 995 1067 1037 941
1107 994 1348 1035 cavebimus
1380 1026 1388 1035 .
1415 1006 1551 1046 neque
1587 993 1631 1034 in
1669 993 1881 1036 Ciceronis

434 1062 708 1115 epistularum
738 1076 822 1116 mv,
850 1062 898 1104 16
929 1061 1155 1115 legendum
1187 1064 1250 1102 est
1279 1062 1344 1102 uti
1371 1061 1432 1114 εἰ,
1464 1059 1538 1101 sed
1569 1068 1613 1101 ut
1641 1061 1723 1102 z'ez'.

542 1128 636 1170 324.
670 1128 947 1170 CAMPORUM
978 1142 1238 1169 COMPLENT
1261 1160 1269 1168 .
1293 1127 1417 1182 Apud
1437 1126 1692 1168 Macrobium
1715 1125 1881 1168 Saturn.

432 1210 487 1250 vl,
514 1197 532 1236 1
567 1196 821 1251 Componunt
851 1197 1068 1252 complent,
1101 1199 1141 1238 et
1170 1196 1212 1237 in
1243 1195 1324 1237 fine
1354 1207 1500 1238 versus
1531 1195 1688 1236 cientur
1707 1226 1716 1234 .

546 1264 640 1306 325.
672 1263 874 1304 FULGon
904 1278 984 1304 Uni
1011 1295 1020 1304 .
1052 1263 1253 1305 Marullus
1283 1277 1353 1302 131
1385 1294 1392 1303 .
1424 1262 1586 1317 Falqur
1616 1261 1710 1302 Itali
1741 1264 1782 1302 et
1809 1260 1884 1302 im-

433 1331 568 1386 pressi
589 1346 597 1371 :
629 1331 727 1371 item
757 1331 799 1371 in
819 1343 945 1372 versu
966 1331 1048 1372 332
1065 1331 1224 1387 sulpur
1245 1329 1373 1372 iidem
1395 1333 1435 1371 et
1456 1332 1662 1370 corrector
1683 1327 1855 1381 oblongi
1873 1359 1882 1370 .

545 1398 640 1440 330.
677 1399 1006 1438 TRAMITTUNT
1043 1430 1050 1438 .
1092 1397 1330 1448 Quadratus
1372 1395 1670 1437 Transmz'tcunt
1685 1426 1694 1442 ,
1741 1394 1883 1448 itaque

432 1465 669 1508 Macrobius
700 1465 865 1508 Saturn.
897 1479 950 1519 vl,
972 1465 1011 1505 4.

545 1533 641 1574 331.
673 1546 811 1573 ALT1s
841 1546 1088 1573 MONTIBUS
1112 1565 1120 1573 .
1152 1531 1228 1573 His
1258 1544 1385 1572 UNDE
1415 1529 1660 1571 adiecerunt
1689 1529 1816 1571 Itali.

546 1600 639 1641 337.
672 1612 823 1639 OMNIA
857 1613 1072 1640 consur
1097 1631 1104 1639 .
1127 1599 1259 1640 Iidem
1290 1605 1473 1640 constant
1495 1628 1503 1637 .
1534 1596 1593 1637 sic
1622 1595 1734 1638 infra
1760 1609 1886 1639 versu

434 1669 516 1711 694
537 1667 767 1721 quadratus
785 1699 794 1716 ‚
831 1666 1038 1720 oblongus
1071 1675 1220 1709 constet
1241 1678 1366 1719 super
1387 1663 1599 1718 adscripto
1620 1679 1673 1706 n.
1695 1663 1771 1705 sed
1793 1676 1886 1705 cum

434 1738 478 1778 in
509 1749 633 1778 versu
656 1733 737 1775 724
766 1733 860 1775 libri
893 1735 1156 1776 consentiant
1176 1734 1219 1774 in
1241 1732 1575 1785 coniuncturum,
1598 1731 1709 1778 malo
1732 1730 1885 1784 ubique

436 1816 687 1844 couerNT
706 1834 714 1856 ‚
747 1802 994 1855 praesertim
1018 1815 1109 1843 cum
1130 1801 1287 1855 ubique
1310 1799 1444 1841 oratio
1466 1811 1492 1840 a
1513 1797 1776 1840 coniunctivo
1798 1811 1886 1840 sus—

435 1883 571 1927 pensa
602 1870 656 1910 sit
677 1900 685 1908 .

546 1936 641 1978 342.
683 1936 942 1976 PRAETERE
983 1950 1140 1977 Genus
1172 1948 1411 1976 HUMANUM
1442 1946 1671 1978 MUTEQUE
1701 1946 1886 1973 NATAN-

437 2020 520 2046 TES
552 2004 917 2049 SQUAMIGERUM
947 2017 1167 2043 PECUDES
1203 2017 1261 2043 ΕΤ
1296 2015 1454 2042 LAETA
1490 2013 1713 2041 ARBUSTA
1743 2014 1887 2040 FERE-

438 2088 463 2119 Q
477 2087 501 2113 U
514 2087 537 2112 E
556 2106 564 2114 .
582 2072 805 2113 Praeterea
833 2075 1084 2112 correctores
1112 2070 1389 2124 antiquissimi
1407 2072 1447 2110 et
1463 2068 1624 2110 Nonius
1641 2081 1680 2122 p.
1700 2066 1790 2121 158,
1808 2066 1862 2108 22
1879 2099 1888 2108 .

437 2142 515 2182 hoc
544 2142 711 2180 servato
730 2171 738 2190 ‚
771 2152 822 2180 ne
854 2139 964 2180 desit
990 2138 1188 2192 ver-bum,
1210 2138 1338 2192 paulo
1359 2140 1455 2192 post
1475 2148 1568 2177 cum
1590 2135 1769 2176 Marullo
1790 2135 1888 2176 scri-

437 2207 619 2250 bendum
651 2209 714 2247 est
742 2206 905 2247 Horum
922 2239 933 2258 ,
965 2218 1049 2247 non
1081 2206 1261 2256 Quorum
1278 2221 1291 2258 ‚-
1321 2204 1400 2246 nisi
1432 2202 1543 2256 quod
1575 2202 1818 2255 Lucretius,
1851 2202 1887 2243 si

438 2290 530 2318 eum
562 2277 672 2315 recte
703 2273 799 2314 novi
819 2306 827 2327 ‚
859 2273 999 2327 potius
1021 2273 1258 2327 scripsisset
1279 2273 1500 2314 Praeterea
1517 2285 1648 2325 yemis
1667 2270 1890 2311 humanum

437 2352 650 2398 mutasque
680 2342 861 2382 natantis
883 2341 1198 2396 Squamzyerum
1226 2338 1429 2394 pecudes,
1467 2341 1631 2390 cetera,
1663 2337 1780 2378 Haec
1810 2352 1889 2378 om-

438 2413 511 2452 m'a
538 2409 764 2465 ‚qeneratim
795 2424 906 2449 same
934 2439 943 2448 .
980 2407 1054 2448 sed
1084 2406 1189 2448 illud
1219 2407 1442 2447 Praeterea
1474 2417 1637 2445 omnem
1666 2404 1889 2446 sententia-

438 2491 527 2519 rum
559 2475 892 2518 coniunctionem
924 2475 1117 2516 relaxat.
1144 2486 1243 2514 nam
1274 2485 1365 2514 cum
1396 2475 1522 2526 poeta
1552 2471 1619 2512 hic
1650 2470 1799 2513 docere
1827 2471 1890 2512 in-

441 2545 567 2600 cipiat
597 2542 738 2583 omnia
768 2555 942 2594 quorum
978 2545 1131 2582 natura
1161 2552 1357 2593 magnam
1389 2539 1551 2593 copiam
1581 2538 1770 2592 proferat
1798 2550 1890 2592 spe-

440 2613 502 2654 cie
538 2615 578 2652 et
614 2609 747 2662 figura
785 2609 955 2651 differre
973 2642 982 2664 ,
1023 2611 1190 2663 poterat
1224 2606 1303 2647 hoc
1338 2607 1430 2647 loco
1469 2606 1608 2647 dicere
1645 2605 1889 2659 Princz'gn'o,

441 2693 523 2721 non
554 2679 805 2730 Praeterea,
845 2677 956 2730 quod
988 2674 1252 2728 subsequitur
1282 2673 1324 2714 in
1355 2674 1486 2715 altero
1517 2672 1734 2726 exemplo,
1766 2683 1890 2712 versu

370 2751 377 2758 ’
440 2747 549 2800 367,
595 2748 641 2785 ut
676 2745 885 2786 Postremo
923 2744 965 2784 in
1002 2743 1124 2785 tertio
1155 2742 1269 2783 371.
1302 2745 1345 2782 at
1382 2754 1434 2782 ne
1469 2740 1687 2795 Prz'ncvgpio
1722 2737 1891 2792 quidem

442 2813 568 2855 scribi
590 2812 739 2865 debet,
765 2812 963 2864 quoniam
981 2843 990 2865 ,
1014 2813 1057 2852 ut
1078 2809 1164 2850 dixi
1182 2841 1190 2861 ,
1214 2812 1312 2850 ante
1332 2806 1437 2849 illud
1459 2808 1641 2858 Quorum
1664 2806 1781 2847 deest
1800 2817 1889 2846 ver-

443 2881 565 2933 bum,
597 2879 708 2932 quod
738 2879 978 2920 necessario
1009 2877 1187 2932 positum
1218 2875 1296 2916 fuit
1321 2875 1363 2916 in
1396 2874 1629 2933 sententiae
1659 2871 1794 2926 capite
1817 2902 1825 2910 .
1847 2869 1890 2911 id

407 2996 410 2999 p
442 2951 581 2988 autem
611 2946 785 2987 verbum
817 2947 933 2987 cuius
965 2944 1074 2986 modi
1109 2943 1233 2985 fuerit
1262 2942 1386 2984 facile
1416 2940 1605 2993 intellegi
1634 2941 1796 2993 potest:
1828 2949 1890 2978 re-
