2040 3328
901 207 943 250 II
1636 212 1688 255 87

212 331 271 366 est
284 339 298 364 .·
317 326 405 364 tum
426 321 633 363 Marullus
656 321 859 364 deducere
877 353 886 362 .
908 322 951 363 in
974 334 1100 364 versu
1126 322 1206 365 190
1227 328 1318 367 erat
1339 325 1538 367 Pondera
1558 342 1690 382 quan-

210 399 296 433 tum
335 391 382 432 in
416 406 460 432 se
496 398 581 445 est,
613 389 656 431 in
687 389 767 432 201
800 390 889 432 Nee
927 399 1064 434 tamen
1094 392 1193 435 haee
1223 402 1425 450 quantum
1456 402 1514 436 est
1543 395 1589 436 in
1619 410 1691 436 se:

210 457 312 514 quid
350 459 385 500 si
427 457 495 499 hic
537 458 662 500 tertio
700 458 934 501 variaverit
973 472 1058 501 non
1095 461 1228 503 verba
1264 461 1340 504 sed
1370 462 1690 518 percussionem

210 527 381 584 pedum,
405 527 606 570 Pondera
638 535 840 584 quantum
869 541 955 567 EST
986 529 1032 570 in
1063 529 1149 571 sn?
1181 534 1332 585 quarto
1362 531 1456 573 loco
1487 531 1568 574 247
1591 531 1690 574 libri

209 594 408 638 Pondera
440 605 642 652 quantum
673 597 806 649 inest,
837 596 1050 638 Antonius
1080 598 1207 640 Marii
1237 600 1283 640 in
1314 613 1368 640 SE
1399 608 1468 642 est.

323 663 420 707 209.
452 665 563 707 Non
594 678 830 706 GADEREM
860 679 907 705 IN
929 679 1090 707 TERRA
1113 680 1324 708 STELLAS
1342 703 1351 712 .
1375 667 1596 712 Oorrector
1618 669 1690 713 ob-

207 733 327 787 longi
349 746 579 788 cADERn,
610 733 709 775 Itali
741 736 784 775 et
813 733 916 775 olim
946 734 1143 788 impressi
1167 749 1388 778 TERRAM.
1411 750 1484 780 eos
1515 751 1687 793 versus,

209 815 386 856 quorum
423 802 549 844 initia
588 806 687 844 sunt
717 803 866 844 ,Nonne
903 802 1019 845 vides
1057 803 1200 859 lonyos
1231 807 1273 845 et
1302 804 1427 847 Nune
1456 806 1551 848 hine
1581 823 1690 849 nune

207 871 328 913 illinc
347 903 357 921 ‚
389 883 484 912 cum
505 870 769 925 Vergilianis
800 871 1015 926 componit
1036 870 1278 914 Macrobius
1298 872 1342 914 in
1364 872 1535 916 Saturn.
1558 888 1614 929 V1,
1639 876 1659 916 1
1680 908 1688 917 .

207 939 266 982 ibi
285 940 331 981 in
355 938 571 993 utriusque
592 942 746 994 poetae
768 939 962 982 versibus
984 939 1187 994 seriptum
1209 943 1274 982 est
1293 941 1484 998 abruptis
1513 943 1690 986 nubibus

206 1009 352 1065 iqnw,
385 1021 478 1050 cum
510 1008 695 1050 Lucretii
727 1007 991 1063 exemplaria
1021 1011 1062 1050 et
1091 1008 1135 1049 in
1166 1008 1383 1051 Aeneidos
1412 1024 1472 1065 111,
1506 1011 1586 1054 199
1616 1024 1688 1066 pa-

206 1077 459 1132 limpseston
491 1075 775 1130 Sangallense
813 1075 1002 1118 habeant
1039 1077 1236 1134 abrupti.
1259 1081 1444 1120 ceterum
1482 1092 1689 1133 quaeren-

208 1143 309 1187 dum
347 1149 412 1187 est
450 1147 589 1187 utrum
622 1144 679 1186 ad
713 1144 822 1187 hunc
852 1144 992 1186 locum
1024 1145 1267 1200 pertineant
1297 1159 1409 1200 quae
1435 1147 1565 1190 habet
1595 1147 1689 1190 Ser-

209 1213 305 1257 vius
328 1213 383 1255 ad
406 1214 514 1255 Aen.
536 1227 575 1268 V,
598 1214 680 1256 527
703 1247 711 1268 ,
744 1214 855 1255 Nam
879 1246 888 1269 ,
910 1222 956 1254 ut
976 1213 1200 1255 Lucretius
1221 1213 1349 1269 dicit,
1371 1224 1514 1258 ventus
1536 1216 1690 1258 altiora

202 1291 346 1339 petens
368 1283 601 1325 aethereum
623 1284 760 1339 iqnern
792 1297 937 1324 secum
970 1285 1131 1338 tor'quet
1146 1314 1157 1335 ‚
1188 1284 1267 1338 qui
1278 1283 1454 1340 fractus
1474 1283 1606 1338 (docti
1632 1283 1689 1326 fe-

210 1355 359 1393 cerunt
396 1351 571 1405 tractus)
608 1351 799 1393 imitatur
830 1350 974 1391 stellas
1005 1350 1199 1392 cadentes
1217 1383 1226 1392 .
1254 1351 1446 1394 Isidorus
1479 1352 1690 1407 originum

206 1433 268 1475 111,
299 1419 354 1462 70
385 1420 499 1462 Nam
535 1419 649 1476 quod
681 1418 870 1461 videmus
902 1418 952 1460 de
994 1419 1107 1461 caelo
1138 1419 1280 1461 stellas
1310 1421 1439 1476 quasi
1465 1421 1578 1474 Zabi,
1607 1436 1689 1462 non

209 1497 305 1530 sunt
325 1489 488 1543 stellae,
514 1488 590 1531 sed
609 1488 793 1544 iqniculi
819 1488 869 1529 ab
901 1488 1064 1530 aethere
1087 1487 1215 1544 lapsi,
1248 1488 1446 1544 quifiunt
1467 1488 1566 1531 dum
1596 1504 1689 1531 ven-

209 1566 275 1599 tus
305 1557 460 1599 altiora
487 1566 632 1614 petens
662 1557 895 1599 aethereum
927 1557 1064 1613 iynem
1095 1572 1232 1598 secum
1264 1557 1393 1598 trahit
1407 1590 1417 1611 ,
1451 1558 1529 1614 qui
1554 1565 1690 1599 tractu

207 1642 282 1669 suo
311 1627 503 1668 imitatur
532 1626 675 1668 stellas
705 1625 897 1667 cadentes
915 1657 923 1666 .

323 1695 420 1738 210.
452 1693 550 1737 Son
582 1707 738 1734 ΕΤΙΑΜ
768 1708 829 1734 DE
861 1707 1110 1737 vnnmcn.
1132 1694 1200 1736 Ad
1232 1693 1490 1749 explendum
1519 1705 1689 1736 versum

209 1777 375 1806 summo
403 1762 662 1805 addiderunt
693 1762 789 1804 Itali
810 1796 818 1816 ,
851 1762 997 1817 itaque
1029 1762 1129 1804 olim
1152 1762 1376 1818 impressi:
1400 1762 1581 1805 aetherio
1602 1761 1688 1803 Ma-

208 1832 370 1887 rullus3
402 1845 582 1886 quorum
613 1830 716 1872 mihi
747 1834 944 1872 neutrum
977 1830 1202 1885 displicet.

325 1901 421 1943 216.
455 1913 770 1942 coenoscnrzn
802 1913 995 1940 ABEMUS
1015 1931 1024 1941 .
1048 1898 1318 1954 Quadratus,
1351 1898 1451 1940 item
1483 1896 1686 1951 schedae,

210 1981 238 2010 a
273 1972 511 2011 correctore
551 1969 790 2021 oblongus,
822 1967 1044 2009 habemus.
1067 1980 1194 2009 versu
1226 1967 1308 2010 265
1344 1975 1435 2008 avet
1463 1967 1558 2021 ipsa
1588 1977 1689 2018 qua—

210 2035 381 2090 dratus3
404 2036 616 2090 oblongus
637 2036 681 2078 in
703 2036 858 2089 litura,
891 2035 968 2077 sed
998 2035 1197 2077 extremis
1228 2034 1423 2076 ductibus
1453 2034 1564 2075 ultra
1592 2033 1687 2074 litu-

209 2117 301 2146 ram
321 2104 642 2146 excurrentibus
664 2108 706 2146 et
735 2108 781 2145 ut
800 2103 978 2158 primam
1013 2104 1198 2146 litteram
1229 2120 1255 2145 a
1286 2101 1420 2144 fuisse
1451 2105 1686 2157 appareat,

209 2173 328 2214 hahet
348 2172 474 2228 ipsa:
495 2172 659 2215 Nonius
681 2187 722 2228 p.
744 2172 842 2225 517,
865 2171 919 2214 26
941 2173 1032 2214 abet
1057 2173 1127 2215 vel
1148 2172 1267 2214 habet
1283 2203 1292 2212 .
1314 2174 1494 2225 uterque
1515 2170 1687 2212 Vossia-

209 2254 290 2283 nus
311 2255 379 2296 111,
403 2241 485 2283 886
506 2241 653 2295 vibus,
685 2241 768 2284 902
790 2240 974 2295 bideant,
997 2254 1053 2295 1v,
1085 2241 1140 2283 38
1161 2241 1294 2294 vibes,
1316 2254 1355 2293 V,
1379 2239 1460 2281 778
1484 2239 1686 2292 conibent,

215 2309 324 2353 1085
342 2310 663 2366 Corborumque,
682 2324 737 2361 vl,
750 2309 834 2352 390
849 2309 1093 2362 abersabile,
1113 2308 1197 2352 974
1210 2309 1458 2357 benenumst‚
1475 2306 1688 2360 oblongus

209 2391 265 2432 1v,
296 2377 380 2420 483
411 2378 580 2432 balebit,
613 2392 652 2433 v,
688 2377 796 2420 1413
818 2378 1024 2432 Suabius,
1057 2376 1292 2431 quadratus
1318 2389 1375 2430 ιν,
1398 2375 1480 2418 929
1507 2375 1684 2416 nobitas.

324 2446 420 2488 218.
442 2446 772 2488 Pormnmssus
792 2459 1026 2487 PROPRns
1048 2459 1266 2486 iucER'ro
1285 2457 1516 2486 TEMPORE
1538 2456 1686 2483 mmm

210 2516 556 2562 Iuennnsour:
578 2530 724 2556 L001s
747 2528 925 2556 srArio
955 2527 1258 2555 DEPELLERE
1288 2526 1489 2554 PAULUM
1507 2544 1516 2554 .
1540 2511 1589 2553 In
1619 2510 1686 2552 his

210 2583 419 2626 Avantius
450 2583 686 2626 rectissime
707 2583 826 2625 dedit
854 2597 1044 2638 FERME,
1076 2582 1282 2624 Marullus
1299 2581 1447 2638 ferri.
1465 2584 1551 2622 tum
1573 2578 1687 2620 idem

212 2651 420 2694 Marullus
438 2651 632 2694 decedere
648 2685 659 2706 ,
683 2651 895 2694 Avantius
916 2667 959 2692 se
976 2651 1133 2706 pellere
1149 2667 1163 2704 ;
1193 2663 1370 2704 quorum
1390 2648 1526 2690 neutri
1547 2650 1688 2701 potest

212 2718 387 2772 adiungi
419 2721 581 2775 spatio.
604 2721 690 2761 iam
722 2719 825 2775 quid
855 2718 918 2760 rei
950 2719 1176 2760 conveniat
1202 2732 1254 2760 ex
1275 2718 1359 2759 illis
1390 2715 1582 2758 versibus
1613 2727 1686 2769 ap-

211 2791 359 2842 paret,
383 2787 492 2840 292,
524 2787 581 2829 Id
591 2788 710 2844 facit
730 2788 929 2844 ewiquum
953 2786 1159 2828 clinamen
1175 2785 1484 2842 principiorum
1506 2783 1593 2826 Nec
1622 2798 1685 2824 re-

210 2857 334 2912 qione
367 2855 451 2897 loci
482 2864 594 2897 certa
624 2870 697 2897 nec
728 2863 906 2910 tempore
941 2862 1048 2895 certo
1078 2885 1086 2894 .
1114 2854 1258 2907 itaque
1301 2852 1483 2907 primum
1521 2850 1589 2893 hic
1629 2850 1686 2892 ad

213 2923 393 2966 eundem
424 2922 595 2965 modum
626 2921 898 2964 scribendum
931 2925 995 2963 est
1030 2921 1290 2977 Incertisque
1319 2934 1432 2961 LOCI
1462 2931 1684 2971 spA‘rx1s3

212 2996 257 3035 ut
301 3004 430 3049 Supra
464 2991 543 3034 163
589 2990 898 3048 ZVIuthPZeoeque
943 2989 1027 3032 loci
1067 2990 1251 3047 spatium
1279 3019 1287 3030 .
1321 3000 1448 3044 porro
1492 2985 1687 3044 pondera
