2040 3328
383 252 467 292 422
740 225 742 227 ’
1079 252 1136 292 vr

501 364 617 404 1225.
652 363 962 403 INCOMITATA
994 377 1104 403 RAPI
1135 377 1417 404 CERTABANT
1446 380 1636 407 FUNERA
1658 381 1830 412 VASTA.

386 430 475 471 Hoc
504 442 603 471 vero
633 429 761 483 plane
790 433 1025 483 portentum
1059 434 1146 484 est,
1174 431 1332 484 funera
1360 435 1461 486 rapa·
1485 436 1709 488 certantia,
1741 435 1832 490 dig·

385 509 485 537 num
515 508 618 536 sane
648 495 761 549 quod
791 496 1010 538 Lucretius
1039 497 1300 552 Thucydidis
1337 499 1568 541 narrationi
1598 501 1829 544 intexeret.

385 567 429 604 at
472 563 568 604 huic
610 562 779 616 quidem
823 555 915 604 lo'co
963 563 1065 604 nihil
1109 565 1198 605 eius
1242 564 1354 606 modi
1400 566 1623 608 convenire
1665 572 1830 622 potest.

384 642 635 684 reponemus
666 630 791 682 igitur
820 629 930 672 hunc
961 643 1154 684 versum,
1193 635 1237 672 ut
1267 645 1316 673 eo
1348 633 1415 674 ubi
1454 645 1558 686 opus
1590 633 1715 677 fuerit
1742 640 1831 678 uta-

385 710 503 738 mur.
535 700 576 737 et
606 697 648 738 in
679 696 758 738 hac
784 698 968 751 pagina,
1000 710 1108 750 quae
1140 701 1203 738 est
1221 698 1318 739 libri
1340 700 1448 740 sexti
1470 699 1609 742 duode
1630 701 1830 756 quinqua-

385 764 573 817 gesima,
607 776 634 804 a
654 776 779 806 versu
803 764 909 805 1223
935 778 1069 818 usque
1092 764 1146 805 ad
1173 764 1303 818 1248,
1332 765 1458 807 alium
1480 779 1646 820 quoque
1666 780 1832 810 versum

385 831 603 872 traiectum
625 844 719 873 esse
736 831 936 872 Marullus
959 831 1042 871 iam
1063 830 1187 886 vidit,
1205 831 1277 884 qui
1302 831 1406 873 1245
1427 834 1568 886 posuit
1586 838 1683 888 post
1705 835 1831 890 1241,

385 899 488 940 satis
519 898 650 952 bene,
683 911 936 951 quamquam
967 897 1094 939 malui
1126 911 1219 939 eum
1257 911 1350 939 cum
1381 899 1570 942 Bentleio
1599 905 1695 956 post
1727 902 1832 945 1236

386 965 620 1018 collocare,
652 965 851 1018 quoniam
881 968 1006 1018 poeta
1036 964 1103 1006 hic
1124 965 1553 1008 ordinem-verborum
1573 968 1832 1022 Thucydidis

386 1032 550 1073 curiose
579 1031 844 1073 observavit.

502 1099 620 1140 1227.
657 1112 736 1138 Am
754 1129 763 1139 .
803 1099 867 1140 Ita
897 1099 1061 1141 codices
1092 1099 1249 1140 nostri:
1285 1099 1401 1154 apud
1438 1101 1694 1143 Macrobium
1724 1102 1805 1144 alis
1822 1134 1839 1154 .,

385 1166 474 1207 dixi
505 1166 558 1207 de
587 1165 666 1206 hoc
696 1165 750 1206 ad
782 1165 932 1206 librum
962 1179 1016 1219 1v,
1035 1167 1141 1207 637.

502 1232 621 1274 1228.
653 1246 840 1272 TEMPLA
871 1247 1009 1275 rum.
1041 1233 1259 1275 001100101-
1289 1233 1461 1287 oblongi
1491 1249 1660 1290 romu,
1693 1236 1833 1290 itaque

386 1299 624 1341 Macrobius
642 1331 650 1339 .

502 1366 621 1407 1232.
653 1379 803 1406 11101111
832 1380 1089 1407 DAMNATUS
1112 1382 1168 1408 UT
1195 1382 1338 1408 Essm·
1356 1400 1364 1407 .
1388 1368 1557 1422 AptiuS,
1580 1369 1659 1410 nisi
1682 1369 1832 1424 fallor,

385 1435 512 1476 morti
528 1433 735 1474 damnacu’
756 1435 883 1488 quasi
899 1443 1018 1476 esset.-
1039 1434 1191 1476 falsum
1208 1440 1271 1476 est
1285 1435 1395 1476 enim
1411 1435 1567 1476 nullum
1586 1435 1730 1477 morbo
1747 1449 1834 1478 cor-

386 1505 548 1555 reptum
569 1505 761 1542 sanatum
784 1513 897 1542 esse.
919 1510 962 1542 ut
982 1515 1057 1556 pro
1079 1511 1123 1543 ut
1141 1503 1184 1543 si
1200 1515 1326 1557 quam
1347 1506 1460 1543 recte
1481 1501 1643 1544 dicatur
1663 1503 1834 1556 ignoro:

386 1568 472 1621 legi
502 1572 642 1609 tamen
664 1567 776 1621 apud
799 1568 1013 1609 Valerium
1034 1568 1229 1610 Flaccum
1249 1583 1287 1623 V,
1305 1570 1378 1623 93,
1401 1569 1471 1611 ubi
1495 1573 1557 1610 est
1573 1570 1742 1626 fulsere
1761 1586 1835 1612 un-

387 1635 464 1676 dae
479 1667 489 1687 ,
517 1634 581 1675 sol
597 1650 774 1690 maynus
795 1644 838 1675 ut
858 1636 991 1677 orbem
1015 1636 1189 1677 Tolleret
1214 1645 1286 1677 aut
1310 1637 1455 1677 nubem
1479 1645 1662 1692 quateret
1682 1637 1807 1692 polus
1825 1669 1833 1678 .

502 1701 635 1757 1234.
671 1714 858 1741 ANIMAM
887 1715 1190 1742 AMITTEBAT.
1229 1702 1446 1756 oblongus
1477 1704 1696 1757 z'mz'ttebat,
1734 1704 1831 1746 olim

386 1768 578 1822 impressi
599 1769 805 1810 mittebat.
838 1768 1038 1809 Marullus
1059 1769 1240 1810 mirabili
1262 1782 1427 1822 errore,
1457 1770 1532 1810 sed
1559 1769 1688 1822 digno
1711 1782 1834 1824 quem

385 1834 652 1877 Eichstadius
689 1838 730 1876 et
764 1835 797 1875 F
801 1835 968 1888 orbiger
1002 1840 1276 1888 sequerentur
1294 1867 1302 1889 ,
1340 1837 1521 1877 animam
1560 1845 1596 1878 et
1630 1837 1832 1878 mittebat.

387 1902 533 1957 optimi
564 1902 789 1956 scriptores
820 1901 880 1942 ita
909 1901 1131 1956 dixerunt,
1154 1904 1338 1945 amittere
1368 1904 1548 1943 animam
1565 1934 1574 1943 .
1596 1903 1649 1944 de
1680 1912 1715 1944 et
1740 1915 1834 1945 con-

385 1969 607 2011 iunctionis
638 1972 750 2011 recto
780 1969 922 2023 positu
952 1967 1051 2009 alibi
1083 1970 1212 2011 satis.

500 2036 619 2078 1235.
651 2049 868 2076 AP1sc1T.
899 2035 994 2076 Itali
1026 2039 1067 2076 et
1095 2035 1326 2078 Brixiensis
1358 2037 1487 2078 editio
1517 2051 1703 2079 AmscI.

501 2103 622 2145 1238.
643 2116 950 2143 FuGrrABANT
971 2116 1157 2143 1118111111
1178 2116 1238 2143 AD
1261 2117 1411 2144 nouos
1429 2137 1438 2146 .
1463 2103 1678 2158 Oblongus
1698 2103 1834 2159 prima

386 2185 509 2213 manu
531 2180 692 2212 utsaere
708 2186 720 2211 .·
737 2169 968 2224 quadratus
989 2170 1217 2211 utseredeat
1238 2187 1382 2226 aem-os
1400 2203 1408 2212 .
1427 2171 1656 2213 Lambinus
1677 2175 1717 2213 et
1737 2174 1834 2212 ante

385 2252 479 2280 eum
509 2238 717 2279 Antonius
748 2237 869 2278 Marii
901 2237 1055 2291 optime
1085 2251 1256 2278 wsmzr.
1287 2238 1345 2279 ad
1373 2254 1546 2294 aeqros.

500 2306 618 2347 1240.
650 2305 899 2346 Pomanus
930 2318 986 2344 AT
1017 2318 1173 2345 PAULO
1204 2319 1347 2346 Posr.
1379 2304 1596 2359 Oblongus
1627 2314 1687 2348 et.
1715 2316 1832 2359 egre-

383 2373 455 2426 gie
483 2371 705 2414 Turnebus
735 2371 1016 2412 Ponmnm.

500 2439 619 2481 1241.
650 2452 854 2479 INCURA.
886 2439 982 2480 Itali
1015 2442 1055 2480 et
1085 2439 1276 2493 impressi
1307 2453 1539 2480 menam.

498 2506 617 2548 1247.
654 2505 773 2546 1248.
806 2506 958 2550 1110οΕ
990 2519 1117 2546 Anus
1149 2520 1300 2546 ALIUM
1336 2519 1563 2546 POPULUM
1594 2518 1831 2545 snrnmmr.

383 2587 578 2614 suenum
618 2573 904 2614 CERTANTES
947 2586 1178 2612 LACRIMIS
1221 2586 1355 2613 LASSI
1396 2586 1655 2617 LUCTUQUE
1695 2585 1832 2612 nnm-

382 2655 533 2682 BANT.
575 2640 792 2692 oblongus
823 2639 1016 2682 redebant
1046 2640 1180 2694 prima
1210 2653 1362 2681 manu.
1399 2639 1474 2682 sed
1513 2640 1617 2681 haec
1647 2639 1832 2680 carmina

382 2711 544 2750 scatent
564 2707 785 2748 monstris.
809 2707 986 2759 primum
1007 2709 1052 2748 in
1082 2707 1181 2748 aliis
1210 2707 1386 2748 mortuis
1410 2719 1508 2748 suos
1535 2706 1716 2761 sepelire
1736 2705 1831 2759 quis

381 2778 539 2830 potest,
562 2779 774 2827 tamquam
796 2773 838 2814 in
858 2773 980 2816 busto
1007 2773 1199 2815 mortuo?
1228 2788 1353 2828 porro
1386 2787 1478 2815 cum
1504 2774 1546 2814 in
1575 2772 1670 2822 aliis
1700 2773 1830 2814 alium

374 2842 577 2897 populum
603 2854 773 2882 suorum
800 2842 979 2894 sepelire
1006 2844 1184 2895 certant,
1220 2845 1320 2893 quot
1349 2841 1524 2894 quisque
1550 2839 1729 2894 populos
1757 2838 1829 2882 ha*

381 2909 451 2950 bet
480 2907 684 2950 suorum?
719 2912 966 2962 putaveram
997 2907 1176 2961 singulis
1218 2907 1408 2960 singulos
1440 2919 1554 2959 esse,
1591 2910 1635 2947 ut
1663 2906 1828 2948 Niobae

381 2974 644 3027 Ovidianae,
682 2987 792 3027 quae
823 2975 882 3016 ita
913 2975 1014 3015 dicit
1043 2973 1314 3027 metamorph.
1348 2987 1399 3025 vr,
1421 2974 1515 3027 198,
1541 2973 1693 3028 finyz'te
1721 2971 1831 3014 demi
