2040 3328
407 246 488 288 218
1099 250 1158 292 IV

406 361 447 400 et
477 370 503 399 a
533 359 747 400 Prisciano
778 352 1029 411 agnosc‘atur
1067 361 1200 401 solum
1229 375 1269 416 p.
1285 363 1365 404 561
1398 367 1439 405 et
1473 365 1516 406 in
1546 365 1691 407 tabula
1719 360 1849 408 Hera-

407 424 563 466 cleensi
600 425 654 466 sit
690 430 730 467 et
765 425 808 466 in
852 425 1101 480 cenotaphio
1142 427 1321 482 Pisano,
1341 442 1479 484 neque
1505 420 1598 473 vsuo
1634 435 1822 485 tempore
1838 465 1848 485 ,

406 503 660 544 quamquam
692 491 842 533 Accius
873 491 1143 544 dissenserit,
1171 493 1292 535 aliter
1321 504 1571 550 quemquam
1600 498 1740 540 dicere
1769 502 1848 541 tes-

405 561 513 598 tetur
534 558 666 599 Varro
698 558 751 600 de
774 558 922 611 lingua
942 559 1096 600 Latina
1124 573 1184 599 v11
1214 573 1253 614 p.
1270 561 1377 614 372,
1399 562 1434 603 si
1464 563 1552 605 eius
1579 564 1710 606 verba
1738 569 1849 607 recte

406 623 627 666 emendavi
658 624 699 665 in
721 625 830 667 hunc
858 625 1027 667 modum
1045 657 1054 666 .
1076 626 1301 668 Obscenum
1329 627 1481 670 dictam
1507 645 1534 670 a
1561 646 1682 672 scena
1698 661 1708 672 .
1731 645 1783 686 Ε,
1805 641 1849 673 ut

405 689 563 732 Graeci
579 699 650 732 aut
669 691 822 733 Accius
843 693 986 734 scribit
1004 708 1192 734 scaenam
1210 725 1219 734 .
1241 693 1303 735 sic
1321 694 1586 738 Florentinus
1611 697 1744 752 liber,
1765 699 1847 740 nisi

405 755 516 810 quod
537 757 661 800 habet
689 774 736 800 ea
755 767 800 800 ut
813 791 824 812 ,
847 763 887 800 ct
915 760 1058 800 scribit
1085 775 1235 801 scaena
1249 793 1260 814 ,
1282 760 1408 814 idque
1429 765 1683 818 correctum,
1703 767 1750 805 ut
1769 764 1848 806 La-

404 823 647 876 gomarsino
677 825 814 867 visum
845 828 933 879 est,
956 841 1126 867 serena.
1149 827 1205 868 ad
1227 840 1358 881 ¹quem
1382 827 1497 869 Matii
1527 841 1693 872 versum
1713 830 1847 873 Varro

405 890 509 932 haec
529 891 694 945 scripsit
710 924 720 946 ,
742 892 918 934 Obsceni
928 893 1131 948 interpres
1138 893 1384 950 fanestz‘que
1400 895 1548 936 ominis
1561 895 1615 949 (F
1617 895 1847 939 lorentinus

403 959 515 1010 oms,
538 956 580 998 id
612 962 675 999 est
703 959 857 1012 omnes)
888 967 1055 1012 auctor,
1078 971 1173 1000 eum
1202 960 1330 1002 miror
1366 973 1392 1002 a
1423 961 1556 1004 doctis
1586 962 1671 1004 alio
1700 963 1848 1006 referri

402 1036 528 1077 quam
549 1023 604 1065 ad
620 1025 885 1066 Homericum
907 1019 1057 1067 Μάντι
1078 1026 1219 1067 κακῶν
1237 1058 1244 1067 .
1266 1029 1415 1080 postea
1426 1027 1695 1071 Florentinus
1711 1029 1848 1081 Quare

403 1098 520 1144 turpe
535 1089 627 1131 ideo
648 1092 880 1133 obserroum
896 1124 907 1145 ‚
929 1092 1041 1147 quod
1054 1094 1142 1134 nisi
1152 1094 1196 1134 in
1212 1109 1404 1135 scaenam
1420 1095 1564 1149 palam
1581 1095 1670 1138 diez·
1684 1112 1766 1138 non
1780 1097 1847 1139 de-

402 1155 468 1197 det
481 1187 490 1196 .
508 1155 552 1197 id
569 1161 631 1198 est
643 1158 782 1208 Quare
798 1167 916 1213 turpe
931 1158 1022 1200 ideo
1038 1159 1250 1201 obscenum
1258 1191 1269 1212 ‚
1287 1160 1399 1215 quod
1410 1162 1499 1203 nisi
1509 1163 1555 1203 ob
1570 1178 1760 1204 scaenam
1765 1179 1846 1219 pa-

402 1222 485 1263 lam
500 1222 590 1264 dz‘cz‘
599 1239 679 1265 non
695 1224 807 1266 debet
823 1240 835 1265 .·
851 1237 949 1266 nam
965 1226 1011 1266 ob
1027 1241 1218 1267 scaenam
1234 1226 1299 1268 hic
1312 1227 1436 1269 scribi
1451 1241 1519 1270 res
1536 1228 1686 1283 exigit,
1704 1241 1847 1283 quam·

402 1301 528 1341 quam
549 1290 678 1343 vulgo
699 1295 816 1332 actor
844 1293 889 1333 in
909 1307 1060 1333 scaena
1078 1293 1350 1346 pronuntiare
1380 1293 1555 1349 dicitur,
1578 1295 1653 1337 sed
1683 1297 1761 1351 qui
1774 1297 1847 1339 hoc

400 1355 509 1398 z’dem
529 1358 722 1399 subtilius
750 1358 837 1399 vult
858 1357 992 1400 dicere
1021 1358 1240 1412 (Varronis
1261 1360 1392 1414 ipsius
1422 1361 1553 1404 verba
1573 1366 1669 1404 sunt
1695 1362 1738 1404 in
1759 1375 1846 1405 cor-

401 1436 502 1477 pore
522 1423 709 1466 Putschii
730 1438 770 1479 p.
788 1424 916 1478 2264)
933 1458 942 1479 ,
964 1441 1045 1467 non
1066 1427 1111 1467 in
1131 1441 1280 1468 scaena
1309 1427 1382 1469 sed
1392 1443 1474 1483 pro
1494 1444 1643 1471 scaena
1671 1428 1797 1483 dicit,
1820 1442 1847 1471 a

401 1504 483 1544 quo
514 1504 598 1532 non
628 1490 769 1532 differt
789 1493 835 1533 ob
865 1508 1055 1534 scaenam
1073 1524 1083 1534 .
1105 1493 1181 1535 sed
1210 1493 1468 1536 redeundum
1497 1499 1560 1537 est
1589 1494 1643 1536 ad
1663 1495 1846 1538 Lucretii

399 1570 591 1612 versum,
622 1558 692 1611 qui
723 1571 816 1600 cum
846 1559 1142 1613 interpretibus
1173 1560 1277 1602 nihil
1306 1561 1463 1614 negotii
1494 1561 1664 1615 fecerit,
1691 1561 1791 1603 mihi
1821 1575 1848 1604 a

401 1623 561 1665 furioso
583 1623 793 1678 profectus
819 1624 1012 1680 videtur,
1035 1626 1218 1669 Scaenai
1241 1628 1414 1682 speciem
1428 1660 1439 1681 ‚
1456 1636 1626 1683 patrum
1655 1637 1847 1670 macrum-

400 1706 477 1745 que
508 1690 676 1733 deorum
691 1707 706 1745 ;
726 1703 802 1732 nec
831 1691 1020 1745 profecto
1052 1693 1220 1747 sanior,
1242 1694 1279 1735 si
1309 1706 1401 1735 cum
1431 1694 1549 1736 Italis
1580 1698 1620 1736 et
1639 1694 1845 1748 Marullo,

399 1769 504 1810 quos
535 1769 679 1799 omnes
710 1762 930 1813 secuntur,
958 1758 1269 1816 hypermetrum
1305 1759 1538 1815 faciamus,
1564 1769 1731 1815 patrum
1760 1765 1846 1803 ma-

399 1833 586 1879 trumque
615 1823 891 1881 deorumque:
911 1839 1009 1868 nam
1040 1827 1116 1868 etsi
1138 1826 1312 1869 deorum
1339 1827 1463 1880 signa
1483 1827 1527 1868 in
1546 1839 1703 1869 scaena
1722 1831 1844 1882 sunt,

397 1890 516 1932 nulla
545 1894 685 1932 tamen
715 1895 810 1933 sunt
833 1901 1003 1948 patrum
1023 1901 1305 1948 matrumque.
1327 1893 1460 1947 turpis
1491 1897 1553 1935 est
1582 1894 1625 1934 in
1645 1893 1724 1936 hoc
1753 1894 1844 1936 loco

399 1957 668 2011 interpretum
687 1957 838 2001 levitas
855 1991 865 2013 ‚
888 1959 959 2012 qui
989 1959 1167 2013 primum
1188 1972 1264 2014 per
1283 1972 1330 2001 se
1355 1972 1439 2000 non
1460 1959 1644 2002 viderint
1663 1960 1846 2003 decorem

398 2023 664 2067 scribendum
687 2037 780 2067 esse
809 2025 880 2067 ubi
911 2029 974 2068 est
996 2026 1164 2068 deorum
1179 2059 1190 2079 ,
1213 2025 1366 2068 deinde
1386 2026 1624 2068 Lucretium
1644 2026 1748 2069 haec
1777 2039 1844 2069 ea-

398 2090 493 2133 dem
522 2103 654 2145 prope
684 2104 760 2146 per
780 2083 947 2145 singula
976 2092 1108 2135 verba
1136 2093 1340 2148 repetisse
1369 2106 1451 2135 non
1473 2092 1846 2136 animadverterint

398 2157 476 2199 hoc
506 2158 598 2212 ipso
629 2157 736 2199 libro
768 2159 876 2212 982,
900 2168 936 2201 et
965 2175 1196 2201 consessum
1225 2175 1388 2202 cernere
1418 2160 1588 2202 eundem
1617 2160 1844 2215 Scenaique

395 2225 523 2266 sz'mul
550 2226 690 2266 varios
720 2225 934 2280 splendere
963 2225 1126 2268 decores
1143 2259 1151 2267 .
1173 2226 1323 2280 quibus
1354 2226 1629 2269 consideratis
1659 2239 1742 2268 non
1771 2239 1844 2281 po-

396 2294 477 2333 test
508 2291 729 2333 obscurum
760 2304 853 2334 esse
883 2291 950 2334 hic
979 2292 1105 2334 scribi
1135 2292 1289 2335 debere
1317 2294 1501 2336 Scaenaz'
1531 2294 1704 2348 speciem
1733 2307 1844 2334 Pun-

397 2371 524 2398 CRAM
554 2371 842 2404 VARIUMQUE
873 2372 1128 2401 DECOREM.

508 2425 575 2466 81.
619 2425 687 2466 Er
734 2438 928 2470 QUANTO
973 2440 1152 2467 cmcUM
1200 2440 1328 2467 MAcn
1373 2441 1492 2467 SUNT
1541 2439 1843 2467 INGLAUSTRA

396 2505 614 2532 THEATRI
642 2491 839 2532 Momm
857 2524 866 2533 .
894 2492 1112 2546 Oblongus
1143 2497 1184 2534 et
1212 2493 1306 2535 Itali
1325 2494 1591 2547 anclaustra,
1613 2492 1844 2547 quadratus

395 2559 558 2601 inclusa
574 2574 588 2611 5
607 2558 718 2600 unde
748 2563 926 2613 apparet
946 2559 989 2600 in
1019 2559 1248 2614 archetypo
1270 2572 1355 2601 non
1383 2572 1532 2614 puram
1552 2564 1593 2602 et
1622 2560 1843 2602 inlibatam

396 2625 527 2668 fuisse
557 2625 830 2679 scripturam,
852 2625 927 2667 sed
958 2626 1093 2680 prima
1114 2639 1239 2668 manu
1270 2627 1490 2681 vitiosam,
1513 2639 1610 2668 mox
1639 2639 1666 2668 a
1685 2639 1842 2668 correc-

395 2693 553 2735 toribus
590 2695 862 2746 temptatam.
891 2705 1052 2746 neque,
1081 2693 1117 2735 si
1155 2693 1308 2735 Accius
1345 2694 1387 2734 in
1417 2693 1702 2748 Alphesiboea
1736 2691 1843 2734 dixit

394 2760 469 2802 Sea·
485 2759 588 2813 (Sed
607 2759 867 2813 exemplaria
887 2759 1015 2801 Nonii
1041 2773 1081 2813 p.
1101 2760 1165 2813 73,
1183 2760 1255 2814 27)
1277 2761 1562 2816 anyustitatem
1584 2760 1786 2801 inclusam
1806 2767 1843 2800 ec

395 2827 513 2867 saccis
532 2826 770 2881 squalidam
785 2859 796 2880 ,
822 2825 969 2868 eodem
984 2825 1075 2867 iure
1094 2827 1254 2868 moenia
1274 2827 1438 2868 inclusa
1455 2826 1537 2868 dici
1558 2829 1733 2881 possunt
1749 2857 1758 2866 .
1779 2825 1841 2867 rei

394 2892 834 2934 convenientissimum
884 2896 947 2934 est
990 2907 1211 2934 mansu
1234 2908 1243 2934 ε
1273 2906 1370 2935 nam
1419 2893 1600 2948 spatium
1649 2891 1839 2946 angustis

396 2958 613 3001 moenibus
644 2959 849 3002 inclusum
877 2958 1044 3001 facilius
1074 2960 1116 3001 in
1146 2972 1191 3002 se
1222 2961 1393 3016 corripit
1423 2964 1464 3002 et
1492 2958 1650 3014 colligit
1677 2958 1839 3013 lucem,
