<?xml version="1.0" encoding="UTF-8"?>
<!DOCTYPE html PUBLIC "-//W3C//DTD XHTML 1.0 Transitional//EN"
    "http://www.w3.org/TR/xhtml1/DTD/xhtml1-transitional.dtd">
<html xmlns="http://www.w3.org/1999/xhtml" xml:lang="en" lang="en">
 <head>
  <title>
</title>
<meta http-equiv="Content-Type" content="text/html;charset=utf-8" />
  <meta name='ocr-system' content='tesseract 3.04.00' />
  <meta name='ocr-capabilities' content='ocr_page ocr_carea ocr_par ocr_line ocrx_word'/>
</head>
<body>
  <div class='ocr_page' id='page_1' title='image "./intlucretiicarid00lachuoft_0344.png"; bbox 0 0 2040 3328; ppageno 0'>
   <div class='ocr_carea' id='block_1_1' title="bbox 424 230 1164 289">
    <p class='ocr_par' dir='ltr' id='par_1_1' title="bbox 424 230 1164 289">
     <span class='ocr_line' id='line_1_1' title="bbox 424 230 1164 289; baseline 0.001 -13"><span class='ocrx_word' id='word_1_1' title='bbox 424 230 508 276; x_wconf 85' lang='lat'>340</span> <span class='ocrx_word' id='word_1_2' title='bbox 751 287 753 289; x_wconf 34' lang='grc'>,</span> <span class='ocrx_word' id='word_1_3' title='bbox 1127 233 1164 277; x_wconf 86' lang='lat' dir='ltr'><strong>v</strong></span> 
     </span>
    </p>
   </div>
   <div class='ocr_carea' id='block_1_2' title="bbox 405 343 1904 2533">
    <p class='ocr_par' dir='ltr' id='par_1_2' title="bbox 424 343 1871 466">
     <span class='ocr_line' id='line_1_2' title="bbox 538 343 1871 392; baseline 0.005 -8"><span class='ocrx_word' id='word_1_4' title='bbox 538 343 656 386; x_wconf 88' lang='grc'><strong>1232.</strong></span> <span class='ocrx_word' id='word_1_5' title='bbox 688 357 854 384; x_wconf 66' lang='lat' dir='ltr'>nunno</span> <span class='ocrx_word' id='word_1_6' title='bbox 884 358 1072 385; x_wconf 75' lang='lat' dir='ltr'>FERTUR</span> <span class='ocrx_word' id='word_1_7' title='bbox 1091 358 1235 386; x_wconf 69' lang='lat' dir='ltr'>muns</span> <span class='ocrx_word' id='word_1_8' title='bbox 1266 358 1466 391; x_wconf 80' lang='lat' dir='ltr'><strong>AQUADA</strong></span> <span class='ocrx_word' id='word_1_9' title='bbox 1492 360 1628 390; x_wconf 78' lang='lat' dir='ltr'><strong>LETI.</strong></span> <span class='ocrx_word' id='word_1_10' title='bbox 1653 349 1871 392; x_wconf 83' lang='lat' dir='ltr'>eorrector</span> 
     </span>
     <span class='ocr_line' id='line_1_3' title="bbox 424 410 1831 466; baseline 0.004 -15"><span class='ocrx_word' id='word_1_11' title='bbox 424 410 645 464; x_wconf 85' lang='lat' dir='ltr'>quadrati,</span> <span class='ocrx_word' id='word_1_12' title='bbox 669 410 769 452; x_wconf 88' lang='lat' dir='ltr'>item</span> <span class='ocrx_word' id='word_1_13' title='bbox 800 411 1005 453; x_wconf 89' lang='lat' dir='ltr'>Antonius</span> <span class='ocrx_word' id='word_1_14' title='bbox 1035 411 1156 453; x_wconf 90' lang='lat' dir='ltr'>Marii</span> <span class='ocrx_word' id='word_1_15' title='bbox 1188 415 1228 453; x_wconf 88' lang='lat' dir='ltr'>et</span> <span class='ocrx_word' id='word_1_16' title='bbox 1258 410 1486 466; x_wconf 80' lang='lat' dir='ltr'>Marullus,</span> <span class='ocrx_word' id='word_1_17' title='bbox 1509 427 1568 454; x_wconf 83' lang='lat' dir='ltr'>AD</span> <span class='ocrx_word' id='word_1_18' title='bbox 1598 415 1708 456; x_wconf 81' lang='lat' dir='ltr'>vada</span> <span class='ocrx_word' id='word_1_19' title='bbox 1738 415 1831 457; x_wconf 75' lang='lat' dir='ltr'>leti.</span> 
     </span>
    </p>

    <p class='ocr_par' dir='ltr' id='par_1_3' title="bbox 423 476 1870 598">
     <span class='ocr_line' id='line_1_4' title="bbox 537 476 1870 534; baseline 0.004 -17"><span class='ocrx_word' id='word_1_20' title='bbox 537 476 656 518; x_wconf 84' lang='grc'><strong>1236.</strong></span> <span class='ocrx_word' id='word_1_21' title='bbox 688 478 912 523; x_wconf 70' lang='lat' dir='ltr'><strong>DannE</strong></span> <span class='ocrx_word' id='word_1_22' title='bbox 957 491 1032 518; x_wconf 81' lang='lat' dir='ltr'>sm</span> <span class='ocrx_word' id='word_1_23' title='bbox 1075 491 1282 519; x_wconf 68' lang='lat' dir='ltr'>ramnus</span> <span class='ocrx_word' id='word_1_24' title='bbox 1306 510 1314 519; x_wconf 93' lang='lat'>.</span> <span class='ocrx_word' id='word_1_25' title='bbox 1347 478 1563 521; x_wconf 82' lang='lat' dir='ltr'>Correetor</span> <span class='ocrx_word' id='word_1_26' title='bbox 1598 480 1792 534; x_wconf 89' lang='lat' dir='ltr'>quadrati</span> <span class='ocrx_word' id='word_1_27' title='bbox 1830 485 1870 524; x_wconf 90' lang='lat' dir='ltr'>et</span> 
     </span>
     <span class='ocr_line' id='line_1_5' title="bbox 423 543 1617 598; baseline 0 -14"><span class='ocrx_word' id='word_1_28' title='bbox 423 543 548 584; x_wconf 82' lang='lat' dir='ltr'>ceteri</span> <span class='ocrx_word' id='word_1_29' title='bbox 579 557 663 583; x_wconf 85' lang='lat' dir='ltr'>SUB</span> <span class='ocrx_word' id='word_1_30' title='bbox 688 543 865 598; x_wconf 76' lang='lat' dir='ltr'>pedibus</span> <span class='ocrx_word' id='word_1_31' title='bbox 883 575 891 583; x_wconf 93' lang='lat'><strong>.</strong></span> <span class='ocrx_word' id='word_1_32' title='bbox 1615 550 1617 552; x_wconf 78' lang='grc'><strong>’</strong></span> 
     </span>
    </p>

    <p class='ocr_par' dir='ltr' id='par_1_4' title="bbox 421 609 1869 721">
     <span class='ocr_line' id='line_1_6' title="bbox 537 609 1869 665; baseline 0.004 -16"><span class='ocrx_word' id='word_1_33' title='bbox 537 609 655 652; x_wconf 86' lang='grc'><strong>1241.</strong></span> <span class='ocrx_word' id='word_1_34' title='bbox 688 609 825 660; x_wconf 79' lang='lat' dir='ltr'>Quor&gt;</span> <span class='ocrx_word' id='word_1_35' title='bbox 858 625 1013 652; x_wconf 81' lang='lat' dir='ltr'>SUPER</span> <span class='ocrx_word' id='word_1_36' title='bbox 1033 625 1115 651; x_wconf 76' lang='lat' dir='ltr'>EST</span> <span class='ocrx_word' id='word_1_37' title='bbox 1135 643 1143 665; x_wconf 88' lang='lat'><strong>‚</strong></span> <span class='ocrx_word' id='word_1_38' title='bbox 1165 624 1327 656; x_wconf 79' lang='lat' dir='ltr'><strong>AEQUE</strong></span> <span class='ocrx_word' id='word_1_39' title='bbox 1348 624 1539 652; x_wconf 82' lang='lat' dir='ltr'>AURUM.</span> <span class='ocrx_word' id='word_1_40' title='bbox 1561 612 1762 656; x_wconf 82' lang='lat' dir='ltr'>Marullus</span> <span class='ocrx_word' id='word_1_41' title='bbox 1783 627 1869 656; x_wconf 70' lang='lat' dir='ltr'>Ans</span> 
     </span>
     <span class='ocr_line' id='line_1_7' title="bbox 421 689 786 721; baseline 0.005 -6"><span class='ocrx_word' id='word_1_42' title='bbox 421 689 581 721; x_wconf 78' lang='lat' dir='ltr'><strong>ATQUE</strong></span> <span class='ocrx_word' id='word_1_43' title='bbox 612 691 761 717; x_wconf 74' lang='lat' dir='ltr'>aurum</span> <span class='ocrx_word' id='word_1_44' title='bbox 777 708 786 717; x_wconf 92' lang='lat'><em>.</em></span> 
     </span>
    </p>

    <p class='ocr_par' dir='ltr' id='par_1_5' title="bbox 421 742 1867 852">
     <span class='ocr_line' id='line_1_8' title="bbox 535 742 1867 799; baseline 0.005 -16"><span class='ocrx_word' id='word_1_45' title='bbox 535 742 654 784; x_wconf 86' lang='grc'><strong>1243.</strong></span> <span class='ocrx_word' id='word_1_46' title='bbox 688 755 767 783; x_wconf 82' lang='grc' dir='ltr'>υΒῐ</span> <span class='ocrx_word' id='word_1_47' title='bbox 812 757 981 784; x_wconf 65' lang='lat' dir='ltr'>Genus</span> <span class='ocrx_word' id='word_1_48' title='bbox 1022 758 1188 784; x_wconf 82' lang='lat' dir='ltr'>SILVAS</span> <span class='ocrx_word' id='word_1_49' title='bbox 1212 776 1220 785; x_wconf 91' lang='lat'><em>.</em></span> <span class='ocrx_word' id='word_1_50' title='bbox 1254 743 1349 786; x_wconf 83' lang='lat' dir='ltr'>Itali</span> <span class='ocrx_word' id='word_1_51' title='bbox 1387 749 1427 786; x_wconf 86' lang='lat' dir='ltr'>et</span> <span class='ocrx_word' id='word_1_52' title='bbox 1464 745 1658 799; x_wconf 76' lang='lat' dir='ltr'><strong>impressi</strong></span> <span class='ocrx_word' id='word_1_53' title='bbox 1696 747 1771 789; x_wconf 78' lang='lat' dir='ltr'>ubi</span> <span class='ocrx_word' id='word_1_54' title='bbox 1800 761 1867 788; x_wconf 76' lang='lat' dir='ltr'>m-</span> 
     </span>
     <span class='ocr_line' id='line_1_9' title="bbox 421 799 699 852; baseline 0.007 -2"><span class='ocrx_word' id='word_1_55' title='bbox 421 823 591 850; x_wconf 80' lang='lat' dir='ltr'>GENTIS</span> <span class='ocrx_word' id='word_1_56' title='bbox 609 843 618 852; x_wconf 84' lang='lat'><strong>.</strong></span> <span class='ocrx_word' id='word_1_57' title='bbox 695 799 699 803; x_wconf 50' lang='grc'><strong><em>’</em></strong></span> 
     </span>
    </p>

    <p class='ocr_par' dir='ltr' id='par_1_6' title="bbox 405 876 1868 1200">
     <span class='ocr_line' id='line_1_10' title="bbox 534 876 1864 933; baseline 0.005 -17"><span class='ocrx_word' id='word_1_58' title='bbox 534 876 651 917; x_wconf 86' lang='grc'><strong>1244.</strong></span> <span class='ocrx_word' id='word_1_59' title='bbox 685 890 770 917; x_wconf 82' lang='lat' dir='ltr'>SEU</span> <span class='ocrx_word' id='word_1_60' title='bbox 801 890 955 918; x_wconf 81' lang='lat' dir='ltr'><strong>CAELO</strong></span> <span class='ocrx_word' id='word_1_61' title='bbox 982 891 1196 918; x_wconf 80' lang='lat' dir='ltr'>FULMINE</span> <span class='ocrx_word' id='word_1_62' title='bbox 1225 890 1367 918; x_wconf 84' lang='lat' dir='ltr'>M1sso</span> <span class='ocrx_word' id='word_1_63' title='bbox 1386 910 1394 918; x_wconf 95' lang='lat'>.</span> <span class='ocrx_word' id='word_1_64' title='bbox 1417 877 1486 920; x_wconf 82' lang='lat' dir='ltr'>Sic</span> <span class='ocrx_word' id='word_1_65' title='bbox 1517 878 1751 933; x_wconf 87' lang='lat' dir='ltr'>oblongus:</span> <span class='ocrx_word' id='word_1_66' title='bbox 1774 880 1864 922; x_wconf 86' lang='lat' dir='ltr'>eius</span> 
     </span>
     <span class='ocr_line' id='line_1_11' title="bbox 419 944 1868 1000; baseline 0.003 -16"><span class='ocrx_word' id='word_1_67' title='bbox 419 947 625 984; x_wconf 82' lang='lat' dir='ltr'>corrector</span> <span class='ocrx_word' id='word_1_68' title='bbox 662 944 771 985; x_wconf 77' lang='lat' dir='ltr'>caeli</span> <span class='ocrx_word' id='word_1_69' title='bbox 780 976 790 996; x_wconf 83' lang='grc'>,</span> <span class='ocrx_word' id='word_1_70' title='bbox 818 947 863 984; x_wconf 85' lang='lat' dir='ltr'>ut</span> <span class='ocrx_word' id='word_1_71' title='bbox 898 944 1129 997; x_wconf 86' lang='lat' dir='ltr'>quadratus</span> <span class='ocrx_word' id='word_1_72' title='bbox 1165 949 1206 986; x_wconf 89' lang='lat' dir='ltr'>et</span> <span class='ocrx_word' id='word_1_73' title='bbox 1242 944 1337 986; x_wconf 85' lang='lat' dir='ltr'>Itali</span> <span class='ocrx_word' id='word_1_74' title='bbox 1376 949 1416 986; x_wconf 90' lang='lat' dir='ltr'>et</span> <span class='ocrx_word' id='word_1_75' title='bbox 1450 945 1673 1000; x_wconf 87' lang='lat' dir='ltr'>impressi.</span> <span class='ocrx_word' id='word_1_76' title='bbox 1699 947 1868 988; x_wconf 77' lang='lat' dir='ltr'>missum</span> 
     </span>
     <span class='ocr_line' id='line_1_12' title="bbox 419 1009 1867 1064; baseline 0.003 -14"><span class='ocrx_word' id='word_1_77' title='bbox 419 1009 575 1050; x_wconf 81' lang='lat' dir='ltr'>fulmen</span> <span class='ocrx_word' id='word_1_78' title='bbox 611 1010 746 1051; x_wconf 91' lang='lat' dir='ltr'>minus</span> <span class='ocrx_word' id='word_1_79' title='bbox 782 1011 950 1064; x_wconf 84' lang='lat' dir='ltr'><strong>proprie</strong></span> <span class='ocrx_word' id='word_1_80' title='bbox 988 1010 1137 1052; x_wconf 88' lang='lat' dir='ltr'>dieitur</span> <span class='ocrx_word' id='word_1_81' title='bbox 1160 1025 1168 1052; x_wconf 72' lang='grc' dir='ltr'><strong><em>ε</em></strong></span> <span class='ocrx_word' id='word_1_82' title='bbox 1198 1024 1334 1064; x_wconf 89' lang='lat' dir='ltr'>neque</span> <span class='ocrx_word' id='word_1_83' title='bbox 1372 1010 1477 1052; x_wconf 85' lang='lat' dir='ltr'><strong>dixit</strong></span> <span class='ocrx_word' id='word_1_84' title='bbox 1516 1011 1616 1053; x_wconf 93' lang='lat' dir='ltr'>alibi</span> <span class='ocrx_word' id='word_1_85' title='bbox 1651 1012 1867 1055; x_wconf 85' lang='lat' dir='ltr'>Lueretius</span> 
     </span>
     <span class='ocr_line' id='line_1_13' title="bbox 405 1075 1866 1132; baseline 0.003 -16"><span class='ocrx_word' id='word_1_86' title='bbox 405 1075 575 1131; x_wconf 74' lang='lat' dir='ltr'>ficlmen</span> <span class='ocrx_word' id='word_1_87' title='bbox 605 1076 734 1129; x_wconf 74' lang='lat' dir='ltr'>caeli,</span> <span class='ocrx_word' id='word_1_88' title='bbox 757 1076 831 1117; x_wconf 89' lang='lat' dir='ltr'>sed</span> <span class='ocrx_word' id='word_1_89' title='bbox 852 1077 1028 1132; x_wconf 69' lang='lat' dir='ltr'>playam</span> <span class='ocrx_word' id='word_1_90' title='bbox 1049 1078 1158 1119; x_wconf 76' lang='lat' dir='ltr'>caeli</span> <span class='ocrx_word' id='word_1_91' title='bbox 1180 1090 1310 1132; x_wconf 88' lang='lat' dir='ltr'>supra</span> <span class='ocrx_word' id='word_1_92' title='bbox 1329 1077 1435 1119; x_wconf 84' lang='lat'>1095</span> <span class='ocrx_word' id='word_1_93' title='bbox 1453 1109 1462 1119; x_wconf 91' lang='lat'>.</span> <span class='ocrx_word' id='word_1_94' title='bbox 1484 1077 1708 1120; x_wconf 78' lang='lat' dir='ltr'>Sallustius</span> <span class='ocrx_word' id='word_1_95' title='bbox 1738 1079 1781 1120; x_wconf 86' lang='lat' dir='ltr'>in</span> <span class='ocrx_word' id='word_1_96' title='bbox 1803 1079 1866 1121; x_wconf 92' lang='lat' dir='ltr'>Iu-</span> 
     </span>
     <span class='ocr_line' id='line_1_14' title="bbox 418 1142 1810 1200; baseline 0.004 -17"><span class='ocrx_word' id='word_1_97' title='bbox 418 1143 568 1195; x_wconf 85' lang='lat' dir='ltr'>gurtha</span> <span class='ocrx_word' id='word_1_98' title='bbox 599 1142 665 1196; x_wconf 83' lang='lat'>75,</span> <span class='ocrx_word' id='word_1_99' title='bbox 684 1143 707 1183; x_wconf 86' lang='lat'><strong>7</strong></span> <span class='ocrx_word' id='word_1_100' title='bbox 739 1151 854 1184; x_wconf 77' lang='lat' dir='ltr'>tanta</span> <span class='ocrx_word' id='word_1_101' title='bbox 883 1152 1045 1198; x_wconf 77' lang='lat' dir='ltr'>repente</span> <span class='ocrx_word' id='word_1_102' title='bbox 1076 1144 1187 1186; x_wconf 77' lang='lat' dir='ltr'>caelo</span> <span class='ocrx_word' id='word_1_103' title='bbox 1218 1145 1347 1186; x_wconf 72' lang='lat' dir='ltr'>‘missa</span> <span class='ocrx_word' id='word_1_104' title='bbox 1375 1145 1438 1186; x_wconf 75' lang='lat' dir='ltr'>vis</span> <span class='ocrx_word' id='word_1_105' title='bbox 1468 1160 1601 1200; x_wconf 81' lang='lat' dir='ltr'>aquae</span> <span class='ocrx_word' id='word_1_106' title='bbox 1631 1144 1810 1189; x_wconf 76' lang='lat' dir='ltr'>dicitur.</span> 
     </span>
    </p>

    <p class='ocr_par' dir='ltr' id='par_1_7' title="bbox 416 1209 1866 1318">
     <span class='ocr_line' id='line_1_15' title="bbox 533 1209 1866 1266; baseline 0.003 -16"><span class='ocrx_word' id='word_1_107' title='bbox 533 1209 651 1253; x_wconf 86' lang='grc'><strong>1248.</strong></span> <span class='ocrx_word' id='word_1_108' title='bbox 684 1210 914 1251; x_wconf 72' lang='lat' dir='ltr'>PANDERE</span> <span class='ocrx_word' id='word_1_109' title='bbox 959 1223 1114 1252; x_wconf 70' lang='lat' dir='ltr'>Aenos</span> <span class='ocrx_word' id='word_1_110' title='bbox 1159 1225 1399 1251; x_wconf 80' lang='lat' dir='ltr'><strong>PANGUIS.</strong></span> <span class='ocrx_word' id='word_1_111' title='bbox 1433 1210 1650 1254; x_wconf 80' lang='lat' dir='ltr'>corrector</span> <span class='ocrx_word' id='word_1_112' title='bbox 1694 1211 1866 1266; x_wconf 87' lang='lat' dir='ltr'>oblongi</span> 
     </span>
     <span class='ocr_line' id='line_1_16' title="bbox 416 1290 639 1318; baseline 0.013 -3"><span class='ocrx_word' id='word_1_113' title='bbox 416 1290 611 1317; x_wconf 72' lang='lat' dir='ltr'>pmeurs</span> <span class='ocrx_word' id='word_1_114' title='bbox 630 1309 639 1318; x_wconf 93' lang='lat'>.</span> 
     </span>
    </p>

    <p class='ocr_par' dir='ltr' id='par_1_8' title="bbox 413 1342 1866 2000">
     <span class='ocr_line' id='line_1_17' title="bbox 531 1342 1866 1394; baseline 0.002 -9"><span class='ocrx_word' id='word_1_115' title='bbox 531 1343 650 1386; x_wconf 86' lang='grc'><strong>1252.</strong></span> <span class='ocrx_word' id='word_1_116' title='bbox 682 1342 1239 1394; x_wconf 82' lang='lat' dir='ltr'><strong>QUICQUID.QU1DQU1D</strong></span> <span class='ocrx_word' id='word_1_117' title='bbox 1271 1343 1538 1387; x_wconf 84' lang='lat' dir='ltr'>scribendum</span> <span class='ocrx_word' id='word_1_118' title='bbox 1569 1358 1661 1388; x_wconf 87' lang='lat' dir='ltr'>esse</span> <span class='ocrx_word' id='word_1_119' title='bbox 1692 1345 1780 1388; x_wconf 82' lang='lat' dir='ltr'>dixi</span> <span class='ocrx_word' id='word_1_120' title='bbox 1811 1345 1866 1388; x_wconf 91' lang='lat' dir='ltr'>ad</span> 
     </span>
     <span class='ocr_line' id='line_1_18' title="bbox 415 1410 1866 1467; baseline 0.001 -15"><span class='ocrx_word' id='word_1_121' title='bbox 415 1411 567 1452; x_wconf 86' lang='lat' dir='ltr'>librum</span> <span class='ocrx_word' id='word_1_122' title='bbox 598 1425 657 1465; x_wconf 88' lang='lat'>111,</span> <span class='ocrx_word' id='word_1_123' title='bbox 680 1410 758 1452; x_wconf 85' lang='grc'>135</span> <span class='ocrx_word' id='word_1_124' title='bbox 789 1414 830 1452; x_wconf 85' lang='lat' dir='ltr'>et</span> <span class='ocrx_word' id='word_1_125' title='bbox 858 1410 937 1452; x_wconf 87' lang='lat' dir='ltr'>hoe</span> <span class='ocrx_word' id='word_1_126' title='bbox 966 1410 1072 1452; x_wconf 89' lang='lat' dir='ltr'>libro</span> <span class='ocrx_word' id='word_1_127' title='bbox 1103 1423 1231 1466; x_wconf 87' lang='lat' dir='ltr'>supra</span> <span class='ocrx_word' id='word_1_128' title='bbox 1261 1410 1343 1452; x_wconf 87' lang='grc'>264</span> <span class='ocrx_word' id='word_1_129' title='bbox 1361 1443 1370 1452; x_wconf 94' lang='grc'>.</span> <span class='ocrx_word' id='word_1_130' title='bbox 1391 1411 1434 1452; x_wconf 89' lang='lat' dir='ltr'>in</span> <span class='ocrx_word' id='word_1_131' title='bbox 1463 1411 1559 1465; x_wconf 86' lang='lat' dir='ltr'>lege</span> <span class='ocrx_word' id='word_1_132' title='bbox 1579 1411 1738 1455; x_wconf 87' lang='lat' dir='ltr'>Rubria</span> <span class='ocrx_word' id='word_1_133' title='bbox 1766 1427 1793 1467; x_wconf 90' lang='lat'>1,</span> <span class='ocrx_word' id='word_1_134' title='bbox 1813 1412 1866 1454; x_wconf 85' lang='lat'>26</span> 
     </span>
     <span class='ocr_line' id='line_1_19' title="bbox 416 1477 1864 1534; baseline 0.001 -15"><span class='ocrx_word' id='word_1_135' title='bbox 416 1479 562 1519; x_wconf 88' lang='lat' dir='ltr'>Petrus</span> <span class='ocrx_word' id='word_1_136' title='bbox 591 1477 643 1520; x_wconf 91' lang='lat' dir='ltr'>de</span> <span class='ocrx_word' id='word_1_137' title='bbox 665 1478 798 1519; x_wconf 88' lang='lat' dir='ltr'>Lama</span> <span class='ocrx_word' id='word_1_138' title='bbox 828 1477 1028 1532; x_wconf 86' lang='lat' dir='ltr'>seriptum</span> <span class='ocrx_word' id='word_1_139' title='bbox 1060 1477 1192 1519; x_wconf 86' lang='lat' dir='ltr'>edidit</span> <span class='ocrx_word' id='word_1_140' title='bbox 1222 1486 1303 1519; x_wconf 76' lang='lat' dir='ltr'>tam</span> <span class='ocrx_word' id='word_1_141' title='bbox 1336 1478 1537 1534; x_wconf 75' lang='lat' dir='ltr'>quicquid</span> <span class='ocrx_word' id='word_1_142' title='bbox 1564 1494 1652 1521; x_wconf 82' lang='lat' dir='ltr'>eum</span> <span class='ocrx_word' id='word_1_143' title='bbox 1684 1479 1730 1530; x_wconf 90' lang='lat' dir='ltr'>Q.</span> <span class='ocrx_word' id='word_1_144' title='bbox 1753 1478 1864 1521; x_wconf 76' lang='lat' dir='ltr'><em>Lici-</em></span> 
     </span>
     <span class='ocr_line' id='line_1_20' title="bbox 413 1544 1866 1600; baseline 0.002 -15"><span class='ocrx_word' id='word_1_145' title='bbox 413 1545 527 1586; x_wconf 74' lang='lat' dir='ltr'>nium</span> <span class='ocrx_word' id='word_1_146' title='bbox 549 1561 600 1587; x_wconf 76' lang='lat' dir='ltr'>ex</span> <span class='ocrx_word' id='word_1_147' title='bbox 621 1561 668 1586; x_wconf 83' lang='lat' dir='ltr'>ea</span> <span class='ocrx_word' id='word_1_148' title='bbox 689 1544 951 1600; x_wconf 70' lang='lat' dir='ltr'>stipulatione</span> <span class='ocrx_word' id='word_1_149' title='bbox 972 1545 1022 1586; x_wconf 84' lang='lat' dir='ltr'>L.</span> <span class='ocrx_word' id='word_1_150' title='bbox 1046 1544 1138 1587; x_wconf 75' lang='lat' dir='ltr'>Seio</span> <span class='ocrx_word' id='word_1_151' title='bbox 1160 1544 1252 1600; x_wconf 84' lang='lat' dir='ltr'>d.f.</span> <span class='ocrx_word' id='word_1_152' title='bbox 1276 1545 1470 1599; x_wconf 70' lang='lat' dir='ltr'>oportiret</span> <span class='ocrx_word' id='word_1_153' title='bbox 1484 1561 1498 1599; x_wconf 70' lang='lat'>7·</span> <span class='ocrx_word' id='word_1_154' title='bbox 1518 1545 1704 1588; x_wconf 83' lang='lat' dir='ltr'>Marinus</span> <span class='ocrx_word' id='word_1_155' title='bbox 1724 1546 1767 1587; x_wconf 90' lang='lat' dir='ltr'>in</span> <span class='ocrx_word' id='word_1_156' title='bbox 1792 1546 1866 1588; x_wconf 90' lang='lat' dir='ltr'>Ar-</span> 
     </span>
     <span class='ocr_line' id='line_1_21' title="bbox 414 1610 1866 1668; baseline 0.001 -16"><span class='ocrx_word' id='word_1_157' title='bbox 414 1611 579 1653; x_wconf 86' lang='lat' dir='ltr'>valibus</span> <span class='ocrx_word' id='word_1_158' title='bbox 596 1625 638 1665; x_wconf 88' lang='lat' dir='ltr'>p.</span> <span class='ocrx_word' id='word_1_159' title='bbox 658 1611 735 1654; x_wconf 86' lang='lat'>108</span> <span class='ocrx_word' id='word_1_160' title='bbox 758 1611 974 1666; x_wconf 62' lang='lat' dir='ltr'>quiequid</span> <span class='ocrx_word' id='word_1_161' title='bbox 989 1644 997 1653; x_wconf 91' lang='lat'><strong>.</strong></span> <span class='ocrx_word' id='word_1_162' title='bbox 1021 1610 1306 1661; x_wconf 82' lang='lat' dir='ltr'>Quintilianus</span> <span class='ocrx_word' id='word_1_163' title='bbox 1327 1611 1370 1652; x_wconf 91' lang='lat' dir='ltr'>in</span> <span class='ocrx_word' id='word_1_164' title='bbox 1391 1625 1417 1666; x_wconf 86' lang='lat'>1,</span> <span class='ocrx_word' id='word_1_165' title='bbox 1437 1611 1474 1666; x_wconf 81' lang='lat'>7,</span> <span class='ocrx_word' id='word_1_166' title='bbox 1492 1613 1517 1654; x_wconf 88' lang='grc'>6</span> <span class='ocrx_word' id='word_1_167' title='bbox 1538 1612 1782 1668; x_wconf 51' lang='grc' dir='ltr'>Ενῑζᾳίᾶίονα</span> <span class='ocrx_word' id='word_1_168' title='bbox 1802 1612 1866 1654; x_wconf 77' lang='lat' dir='ltr'>his</span> 
     </span>
     <span class='ocr_line' id='line_1_22' title="bbox 414 1677 1864 1735; baseline 0.001 -16"><span class='ocrx_word' id='word_1_169' title='bbox 414 1678 502 1720; x_wconf 79' lang='lat' dir='ltr'>alia</span> <span class='ocrx_word' id='word_1_170' title='bbox 516 1694 530 1732; x_wconf 85' lang='lat'><em>;</em></span> <span class='ocrx_word' id='word_1_171' title='bbox 551 1687 595 1719; x_wconf 74' lang='lat' dir='ltr'>ut</span> <span class='ocrx_word' id='word_1_172' title='bbox 615 1677 823 1732; x_wconf 86' lang='lat' dir='ltr'>quidquid</span> <span class='ocrx_word' id='word_1_173' title='bbox 844 1694 864 1719; x_wconf 83' lang='lat' dir='ltr'><em>c</em></span> <span class='ocrx_word' id='word_1_174' title='bbox 886 1687 1075 1733; x_wconf 73' lang='lat' dir='ltr'>quartam</span> <span class='ocrx_word' id='word_1_175' title='bbox 1106 1678 1271 1720; x_wconf 77' lang='lat' dir='ltr'>haberet</span> <span class='ocrx_word' id='word_1_176' title='bbox 1286 1709 1295 1724; x_wconf 92' lang='lat'>,</span> <span class='ocrx_word' id='word_1_177' title='bbox 1319 1694 1369 1719; x_wconf 75' lang='lat' dir='ltr'>‘ne</span> <span class='ocrx_word' id='word_1_178' title='bbox 1388 1678 1644 1735; x_wconf 61' lang='lat' dir='ltr'>interrogare</span> <span class='ocrx_word' id='word_1_179' title='bbox 1673 1679 1735 1720; x_wconf 77' lang='lat' dir='ltr'>bis</span> <span class='ocrx_word' id='word_1_180' title='bbox 1755 1677 1864 1720; x_wconf 83' lang='lat' dir='ltr'>vide-</span> 
     </span>
     <span class='ocr_line' id='line_1_23' title="bbox 413 1744 1864 1800; baseline 0.001 -15"><span class='ocrx_word' id='word_1_181' title='bbox 413 1759 577 1797; x_wconf 72' lang='lat' dir='ltr'>remur,</span> <span class='ocrx_word' id='word_1_182' title='bbox 605 1754 641 1786; x_wconf 73' lang='lat' dir='ltr'>et</span> <span class='ocrx_word' id='word_1_183' title='bbox 676 1744 863 1798; x_wconf 79' lang='lat' dir='ltr'>quotidie</span> <span class='ocrx_word' id='word_1_184' title='bbox 899 1761 980 1786; x_wconf 78' lang='lat' dir='ltr'>non</span> <span class='ocrx_word' id='word_1_185' title='bbox 1020 1744 1174 1786; x_wconf 81' lang='lat' dir='ltr'>cotidie</span> <span class='ocrx_word' id='word_1_186' title='bbox 1193 1776 1203 1798; x_wconf 87' lang='lat'>,</span> <span class='ocrx_word' id='word_1_187' title='bbox 1232 1753 1275 1786; x_wconf 75' lang='lat' dir='ltr'>ul</span> <span class='ocrx_word' id='word_1_188' title='bbox 1311 1745 1364 1785; x_wconf 75' lang='lat' dir='ltr'>sit</span> <span class='ocrx_word' id='word_1_189' title='bbox 1402 1753 1496 1800; x_wconf 73' lang='lat' dir='ltr'>quot</span> <span class='ocrx_word' id='word_1_190' title='bbox 1532 1745 1673 1787; x_wconf 72' lang='lat' dir='ltr'>diebus</span> <span class='ocrx_word' id='word_1_191' title='bbox 1690 1777 1700 1786; x_wconf 92' lang='lat'><strong>.</strong></span> <span class='ocrx_word' id='word_1_192' title='bbox 1725 1760 1864 1787; x_wconf 82' lang='lat' dir='ltr'>verum</span> 
     </span>
     <span class='ocr_line' id='line_1_24' title="bbox 414 1810 1864 1866; baseline 0.001 -14"><span class='ocrx_word' id='word_1_193' title='bbox 414 1811 513 1852; x_wconf 66' lang='lat' dir='ltr'>leaeo</span> <span class='ocrx_word' id='word_1_194' title='bbox 533 1812 617 1853; x_wconf 70' lang='lat' dir='ltr'>iam</span> <span class='ocrx_word' id='word_1_195' title='bbox 639 1813 759 1852; x_wconf 75' lang='lat' dir='ltr'>etiam</span> <span class='ocrx_word' id='word_1_196' title='bbox 782 1813 887 1853; x_wconf 74' lang='lat' dir='ltr'>inter</span> <span class='ocrx_word' id='word_1_197' title='bbox 907 1813 1023 1866; x_wconf 77' lang='lat' dir='ltr'>ipsas</span> <span class='ocrx_word' id='word_1_198' title='bbox 1050 1812 1228 1866; x_wconf 73' lang='lat' dir='ltr'>ineptias</span> <span class='ocrx_word' id='word_1_199' title='bbox 1249 1819 1502 1853; x_wconf 76' lang='lat' dir='ltr'>evanuerunt</span> <span class='ocrx_word' id='word_1_200' title='bbox 1519 1843 1527 1852; x_wconf 93' lang='lat'><strong>.</strong></span> <span class='ocrx_word' id='word_1_201' title='bbox 1549 1811 1628 1853; x_wconf 81' lang='lat' dir='ltr'>hoc</span> <span class='ocrx_word' id='word_1_202' title='bbox 1648 1810 1773 1865; x_wconf 80' lang='lat' dir='ltr'>dicit,</span> <span class='ocrx_word' id='word_1_203' title='bbox 1795 1825 1864 1853; x_wconf 84' lang='lat' dir='ltr'>ne-</span> 
     </span>
     <span class='ocr_line' id='line_1_25' title="bbox 413 1872 1863 1933; baseline 0.001 -15"><span class='ocrx_word' id='word_1_204' title='bbox 413 1878 565 1920; x_wconf 90' lang='lat' dir='ltr'>minem</span> <span class='ocrx_word' id='word_1_205' title='bbox 596 1891 816 1932; x_wconf 83' lang='lat' dir='ltr'>superesse</span> <span class='ocrx_word' id='word_1_206' title='bbox 847 1878 918 1931; x_wconf 92' lang='lat' dir='ltr'>qui</span> <span class='ocrx_word' id='word_1_207' title='bbox 950 1872 1105 1920; x_wconf 80' lang='lat' dir='ltr'>scribat</span> <span class='ocrx_word' id='word_1_208' title='bbox 1132 1877 1333 1933; x_wconf 76' lang='lat' dir='ltr'>quicquid</span> <span class='ocrx_word' id='word_1_209' title='bbox 1360 1881 1401 1918; x_wconf 84' lang='lat' dir='ltr'>et</span> <span class='ocrx_word' id='word_1_210' title='bbox 1421 1873 1602 1932; x_wconf 61' lang='lat' dir='ltr'>quotidie</span> <span class='ocrx_word' id='word_1_211' title='bbox 1619 1909 1628 1918; x_wconf 91' lang='lat'>.</span> <span class='ocrx_word' id='word_1_212' title='bbox 1650 1881 1693 1919; x_wconf 89' lang='lat' dir='ltr'>at</span> <span class='ocrx_word' id='word_1_213' title='bbox 1721 1882 1863 1920; x_wconf 88' lang='lat' dir='ltr'>nostro</span> 
     </span>
     <span class='ocr_line' id='line_1_26' title="bbox 414 1943 1407 2000; baseline -0.001 -15"><span class='ocrx_word' id='word_1_214' title='bbox 414 1948 603 2000; x_wconf 84' lang='lat' dir='ltr'>tempore</span> <span class='ocrx_word' id='word_1_215' title='bbox 634 1948 785 1998; x_wconf 87' lang='lat' dir='ltr'>quotus</span> <span class='ocrx_word' id='word_1_216' title='bbox 817 1945 995 2000; x_wconf 89' lang='lat' dir='ltr'>quisque</span> <span class='ocrx_word' id='word_1_217' title='bbox 1026 1945 1085 1986; x_wconf 84' lang='lat' dir='ltr'>ita</span> <span class='ocrx_word' id='word_1_218' title='bbox 1115 1957 1198 1986; x_wconf 90' lang='lat' dir='ltr'>non</span> <span class='ocrx_word' id='word_1_219' title='bbox 1229 1943 1407 1986; x_wconf 76' lang='lat' dir='ltr'>scribit?</span> 
     </span>
    </p>

    <p class='ocr_par' dir='ltr' id='par_1_9' title="bbox 408 2011 1904 2466">
     <span class='ocr_line' id='line_1_27' title="bbox 527 2011 1862 2054; baseline 0 -2"><span class='ocrx_word' id='word_1_220' title='bbox 527 2012 646 2054; x_wconf 89' lang='grc'><strong>1253.</strong></span> <span class='ocrx_word' id='word_1_221' title='bbox 678 2011 945 2052; x_wconf 76' lang='lat' dir='ltr'>Honmmm</span> <span class='ocrx_word' id='word_1_222' title='bbox 981 2025 1181 2053; x_wconf 73' lang='lat' dir='ltr'>somrus</span> <span class='ocrx_word' id='word_1_223' title='bbox 1220 2025 1387 2051; x_wconf 75' lang='lat' dir='ltr'>S1LVAs</span> <span class='ocrx_word' id='word_1_224' title='bbox 1423 2024 1680 2051; x_wconf 79' lang='lat' dir='ltr'>EXEDERAT</span> <span class='ocrx_word' id='word_1_225' title='bbox 1723 2025 1862 2052; x_wconf 70' lang='lat' dir='ltr'>AL&#39;rls</span> 
     </span>
     <span class='ocr_line' id='line_1_28' title="bbox 411 2077 1864 2133; baseline 0.001 -15"><span class='ocrx_word' id='word_1_226' title='bbox 411 2080 447 2119; x_wconf 87' lang='lat' dir='ltr'>A</span> <span class='ocrx_word' id='word_1_227' title='bbox 493 2092 757 2129; x_wconf 62' lang='lat' dir='ltr'>immersus</span> <span class='ocrx_word' id='word_1_228' title='bbox 780 2111 789 2121; x_wconf 92' lang='lat'>.</span> <span class='ocrx_word' id='word_1_229' title='bbox 822 2078 1040 2121; x_wconf 85' lang='lat' dir='ltr'>Oorreetor</span> <span class='ocrx_word' id='word_1_230' title='bbox 1085 2078 1278 2133; x_wconf 85' lang='lat' dir='ltr'>quadrati</span> <span class='ocrx_word' id='word_1_231' title='bbox 1324 2087 1499 2118; x_wconf 71' lang='lat' dir='ltr'>somru</span> <span class='ocrx_word' id='word_1_232' title='bbox 1521 2110 1531 2132; x_wconf 87' lang='lat'>‚</span> <span class='ocrx_word' id='word_1_233' title='bbox 1562 2090 1698 2132; x_wconf 90' lang='lat' dir='ltr'>neque</span> <span class='ocrx_word' id='word_1_234' title='bbox 1743 2077 1864 2120; x_wconf 88' lang='lat' dir='ltr'>aliter</span> 
     </span>
     <span class='ocr_line' id='line_1_29' title="bbox 410 2144 1904 2200; baseline 0.001 -15"><span class='ocrx_word' id='word_1_235' title='bbox 410 2144 534 2186; x_wconf 89' lang='lat' dir='ltr'>Itali.</span> <span class='ocrx_word' id='word_1_236' title='bbox 557 2146 654 2186; x_wconf 75' lang='lat' dir='ltr'>altis</span> <span class='ocrx_word' id='word_1_237' title='bbox 685 2146 920 2199; x_wconf 85' lang='lat' dir='ltr'>oblongus,</span> <span class='ocrx_word' id='word_1_238' title='bbox 943 2145 1041 2187; x_wconf 89' lang='lat' dir='ltr'>olim</span> <span class='ocrx_word' id='word_1_239' title='bbox 1071 2145 1293 2200; x_wconf 83' lang='lat' dir='ltr'>impressi,</span> <span class='ocrx_word' id='word_1_240' title='bbox 1316 2144 1547 2186; x_wconf 87' lang='lat' dir='ltr'>Marullus:</span> <span class='ocrx_word' id='word_1_241' title='bbox 1569 2145 1676 2186; x_wconf 75' lang='lat' dir='ltr'>altas</span> <span class='ocrx_word' id='word_1_242' title='bbox 1707 2157 1861 2187; x_wconf 85' lang='lat' dir='ltr'>corree-</span> <span class='ocrx_word' id='word_1_243' title='bbox 1898 2157 1904 2162; x_wconf 90' lang='lat'><strong>·</strong></span> 
     </span>
     <span class='ocr_line' id='line_1_30' title="bbox 409 2209 1861 2266; baseline 0 -13"><span class='ocrx_word' id='word_1_244' title='bbox 409 2215 474 2253; x_wconf 86' lang='lat' dir='ltr'>tor</span> <span class='ocrx_word' id='word_1_245' title='bbox 505 2211 675 2265; x_wconf 84' lang='lat' dir='ltr'>oblongi</span> <span class='ocrx_word' id='word_1_246' title='bbox 694 2244 713 2265; x_wconf 71' lang='grc'>,,</span> <span class='ocrx_word' id='word_1_247' title='bbox 726 2212 955 2265; x_wconf 86' lang='lat' dir='ltr'>quadratus</span> <span class='ocrx_word' id='word_1_248' title='bbox 972 2244 982 2266; x_wconf 81' lang='lat'>,</span> <span class='ocrx_word' id='word_1_249' title='bbox 1005 2213 1212 2254; x_wconf 83' lang='lat' dir='ltr'>Avantius</span> <span class='ocrx_word' id='word_1_250' title='bbox 1231 2244 1239 2252; x_wconf 91' lang='lat'><strong>.</strong></span> <span class='ocrx_word' id='word_1_251' title='bbox 1260 2209 1328 2253; x_wconf 58' lang='lat' dir='ltr'>Aiz</span> <span class='ocrx_word' id='word_1_252' title='bbox 1349 2211 1561 2253; x_wconf 78' lang='lat' dir='ltr'>radicibus</span> <span class='ocrx_word' id='word_1_253' title='bbox 1591 2215 1688 2253; x_wconf 83' lang='lat' dir='ltr'>ante</span> <span class='ocrx_word' id='word_1_254' title='bbox 1709 2211 1861 2253; x_wconf 88' lang='lat' dir='ltr'>Marul-</span> 
     </span>
     <span class='ocr_line' id='line_1_31' title="bbox 409 2277 1862 2332; baseline 0 -13"><span class='ocrx_word' id='word_1_255' title='bbox 409 2279 496 2319; x_wconf 88' lang='lat' dir='ltr'>lum</span> <span class='ocrx_word' id='word_1_256' title='bbox 525 2291 609 2319; x_wconf 90' lang='lat' dir='ltr'>non</span> <span class='ocrx_word' id='word_1_257' title='bbox 630 2278 796 2320; x_wconf 90' lang='lat' dir='ltr'>invenio</span> <span class='ocrx_word' id='word_1_258' title='bbox 816 2293 824 2319; x_wconf 92' lang='lat'>:</span> <span class='ocrx_word' id='word_1_259' title='bbox 847 2279 922 2320; x_wconf 90' lang='lat' dir='ltr'>sed</span> <span class='ocrx_word' id='word_1_260' title='bbox 944 2282 1040 2320; x_wconf 86' lang='lat' dir='ltr'>ante</span> <span class='ocrx_word' id='word_1_261' title='bbox 1061 2295 1083 2319; x_wconf 76' lang='lat' dir='ltr'>r</span> <span class='ocrx_word' id='word_1_262' title='bbox 1103 2279 1285 2320; x_wconf 88' lang='lat' dir='ltr'>litteram</span> <span class='ocrx_word' id='word_1_263' title='bbox 1307 2279 1375 2320; x_wconf 86' lang='lat' dir='ltr'>hie</span> <span class='ocrx_word' id='word_1_264' title='bbox 1400 2281 1527 2332; x_wconf 73' lang='lat' dir='ltr'>poeta</span> <span class='ocrx_word' id='word_1_265' title='bbox 1546 2291 1711 2332; x_wconf 88' lang='lat' dir='ltr'>semper</span> <span class='ocrx_word' id='word_1_266' title='bbox 1733 2277 1862 2332; x_wconf 88' lang='lat' dir='ltr'>serip-</span> 
     </span>
     <span class='ocr_line' id='line_1_32' title="bbox 409 2336 1859 2399; baseline -0.001 -13"><span class='ocrx_word' id='word_1_267' title='bbox 409 2345 464 2387; x_wconf 87' lang='lat' dir='ltr'>sit</span> <span class='ocrx_word' id='word_1_268' title='bbox 485 2345 534 2386; x_wconf 80' lang='lat' dir='ltr'>ab</span> <span class='ocrx_word' id='word_1_269' title='bbox 550 2377 561 2397; x_wconf 82' lang='lat'><em>‚</em></span> <span class='ocrx_word' id='word_1_270' title='bbox 583 2349 728 2386; x_wconf 85' lang='lat' dir='ltr'>eontra</span> <span class='ocrx_word' id='word_1_271' title='bbox 750 2349 848 2387; x_wconf 87' lang='lat' dir='ltr'>ante</span> <span class='ocrx_word' id='word_1_272' title='bbox 873 2361 913 2386; x_wconf 84' lang='lat' dir='ltr'>m</span> <span class='ocrx_word' id='word_1_273' title='bbox 934 2355 1098 2399; x_wconf 88' lang='lat' dir='ltr'>semper</span> <span class='ocrx_word' id='word_1_274' title='bbox 1119 2362 1146 2386; x_wconf 84' lang='lat' dir='ltr'>a</span> <span class='ocrx_word' id='word_1_275' title='bbox 1160 2378 1171 2398; x_wconf 66' lang='lat'><em>7</em></span> <span class='ocrx_word' id='word_1_276' title='bbox 1193 2345 1376 2398; x_wconf 86' lang='lat' dir='ltr'>itemque</span> <span class='ocrx_word' id='word_1_277' title='bbox 1396 2348 1494 2386; x_wconf 87' lang='lat' dir='ltr'>ante</span> <span class='ocrx_word' id='word_1_278' title='bbox 1515 2345 1532 2385; x_wconf 75' lang='lat' dir='ltr'><em>l</em></span> <span class='ocrx_word' id='word_1_279' title='bbox 1544 2377 1555 2398; x_wconf 88' lang='lat'><em>‚</em></span> <span class='ocrx_word' id='word_1_280' title='bbox 1577 2348 1622 2386; x_wconf 90' lang='lat' dir='ltr'>ut</span> <span class='ocrx_word' id='word_1_281' title='bbox 1642 2336 1859 2386; x_wconf 58' lang='lat' dir='ltr'>dixi&#39;libro</span> 
     </span>
     <span class='ocr_line' id='line_1_33' title="bbox 408 2411 1690 2466; baseline 0.002 -15"><span class='ocrx_word' id='word_1_282' title='bbox 408 2425 468 2466; x_wconf 90' lang='lat'>111,</span> <span class='ocrx_word' id='word_1_283' title='bbox 488 2412 569 2454; x_wconf 84' lang='lat'>676</span> <span class='ocrx_word' id='word_1_284' title='bbox 588 2443 597 2454; x_wconf 90' lang='lat'><strong>.</strong></span> <span class='ocrx_word' id='word_1_285' title='bbox 618 2411 661 2453; x_wconf 89' lang='lat' dir='ltr'>in</span> <span class='ocrx_word' id='word_1_286' title='bbox 692 2428 719 2452; x_wconf 73' lang='lat' dir='ltr'><em>n</em></span> <span class='ocrx_word' id='word_1_287' title='bbox 749 2412 890 2454; x_wconf 84' lang='lat' dir='ltr'>littera</span> <span class='ocrx_word' id='word_1_288' title='bbox 920 2415 1075 2453; x_wconf 82' lang='lat' dir='ltr'>certam</span> <span class='ocrx_word' id='word_1_289' title='bbox 1105 2412 1294 2465; x_wconf 87' lang='lat' dir='ltr'>regulam</span> <span class='ocrx_word' id='word_1_290' title='bbox 1325 2425 1408 2453; x_wconf 88' lang='lat' dir='ltr'>non</span> <span class='ocrx_word' id='word_1_291' title='bbox 1439 2411 1690 2454; x_wconf 84' lang='lat' dir='ltr'>observavi.</span> 
     </span>
    </p>

    <p class='ocr_par' dir='ltr' id='par_1_10' title="bbox 524 2477 1860 2533">
     <span class='ocr_line' id='line_1_34' title="bbox 524 2477 1860 2533; baseline 0.001 -15"><span class='ocrx_word' id='word_1_292' title='bbox 524 2478 642 2521; x_wconf 83' lang='grc'><strong>1255.</strong></span> <span class='ocrx_word' id='word_1_293' title='bbox 674 2478 912 2519; x_wconf 77' lang='lat' dir='ltr'>MANABAT</span> <span class='ocrx_word' id='word_1_294' title='bbox 933 2492 1077 2518; x_wconf 80' lang='lat' dir='ltr'>VENIT</span> <span class='ocrx_word' id='word_1_295' title='bbox 1097 2492 1431 2519; x_wconf 80' lang='lat' dir='ltr'>FERVENTIBUS</span> <span class='ocrx_word' id='word_1_296' title='bbox 1450 2512 1459 2521; x_wconf 89' lang='lat'>.</span> <span class='ocrx_word' id='word_1_297' title='bbox 1482 2477 1701 2531; x_wconf 86' lang='lat' dir='ltr'>Oblongus</span> <span class='ocrx_word' id='word_1_298' title='bbox 1722 2477 1860 2533; x_wconf 89' lang='lat' dir='ltr'>prima</span> 
     </span>
    </p>
   </div>
   <div class='ocr_carea' id='block_1_3' title="bbox 407 2543 1857 2654">
    <p class='ocr_par' dir='ltr' id='par_1_11' title="bbox 407 2543 1857 2654">
     <span class='ocr_line' id='line_1_35' title="bbox 407 2543 1703 2600; baseline -0.001 -13"><span class='ocrx_word' id='word_1_299' title='bbox 407 2558 532 2587; x_wconf 88' lang='lat' dir='ltr'>manu</span> <span class='ocrx_word' id='word_1_300' title='bbox 550 2545 791 2600; x_wconf 70' lang='lat' dir='ltr'>faventibus</span> <span class='ocrx_word' id='word_1_301' title='bbox 810 2578 819 2587; x_wconf 93' lang='lat'><em>.</em></span> <span class='ocrx_word' id='word_1_302' title='bbox 841 2549 1047 2588; x_wconf 81' lang='lat' dir='ltr'>corrector</span> <span class='ocrx_word' id='word_1_303' title='bbox 1078 2543 1273 2598; x_wconf 90' lang='lat' dir='ltr'>quadrati</span> <span class='ocrx_word' id='word_1_304' title='bbox 1306 2548 1346 2586; x_wconf 87' lang='lat' dir='ltr'>et</span> <span class='ocrx_word' id='word_1_305' title='bbox 1375 2544 1501 2586; x_wconf 81' lang='lat' dir='ltr'>ceteri</span> <span class='ocrx_word' id='word_1_306' title='bbox 1530 2558 1703 2586; x_wconf 67' lang='lat' dir='ltr'>vuius.</span> 
     </span>
     <span class='ocr_line' id='line_1_36' title="bbox 521 2611 1857 2654; baseline 0 -1"><span class='ocrx_word' id='word_1_307' title='bbox 521 2612 640 2654; x_wconf 86' lang='grc'><strong>1258.</strong></span> <span class='ocrx_word' id='word_1_308' title='bbox 673 2627 719 2652; x_wconf 83' lang='lat' dir='ltr'>IN</span> <span class='ocrx_word' id='word_1_309' title='bbox 768 2626 949 2654; x_wconf 78' lang='lat' dir='ltr'>TERRAS</span> <span class='ocrx_word' id='word_1_310' title='bbox 995 2625 1273 2653; x_wconf 75' lang='lat' dir='ltr'>SPLENDERE</span> <span class='ocrx_word' id='word_1_311' title='bbox 1302 2643 1312 2654; x_wconf 93' lang='lat'><strong><em>.</em></strong></span> <span class='ocrx_word' id='word_1_312' title='bbox 1348 2611 1576 2654; x_wconf 88' lang='lat' dir='ltr'>Lambinus</span> <span class='ocrx_word' id='word_1_313' title='bbox 1621 2612 1666 2653; x_wconf 77' lang='lat' dir='ltr'>in</span> <span class='ocrx_word' id='word_1_314' title='bbox 1710 2612 1857 2654; x_wconf 78' lang='lat' dir='ltr'>terris.</span> 
     </span>
    </p>
   </div>
   <div class='ocr_carea' id='block_1_4' title="bbox 402 2680 1856 3002">
    <p class='ocr_par' dir='ltr' id='par_1_12' title="bbox 404 2680 879 2734">
     <span class='ocr_line' id='line_1_37' title="bbox 404 2680 879 2734; baseline -0.002 -12"><span class='ocrx_word' id='word_1_315' title='bbox 404 2683 594 2734; x_wconf 86' lang='lat' dir='ltr'>praestat</span> <span class='ocrx_word' id='word_1_316' title='bbox 622 2680 667 2721; x_wconf 73' lang='lat' dir='ltr'>in</span> <span class='ocrx_word' id='word_1_317' title='bbox 697 2692 879 2721; x_wconf 82' lang='lat' dir='ltr'>TERRA.</span> 
     </span>
    </p>

    <p class='ocr_par' dir='ltr' id='par_1_13' title="bbox 402 2743 1856 2923">
     <span class='ocr_line' id='line_1_38' title="bbox 518 2743 1854 2801; baseline 0 -15"><span class='ocrx_word' id='word_1_318' title='bbox 518 2746 638 2788; x_wconf 87' lang='grc'><strong>1259.</strong></span> <span class='ocrx_word' id='word_1_319' title='bbox 669 2760 838 2788; x_wconf 69' lang='lat' dir='ltr'>muno</span> <span class='ocrx_word' id='word_1_320' title='bbox 870 2745 1130 2788; x_wconf 76' lang='lat' dir='ltr'>CAP1T1.In</span> <span class='ocrx_word' id='word_1_321' title='bbox 1160 2745 1344 2799; x_wconf 86' lang='lat' dir='ltr'>oblongo</span> <span class='ocrx_word' id='word_1_322' title='bbox 1373 2746 1531 2801; x_wconf 77' lang='lat' dir='ltr'>capite,</span> <span class='ocrx_word' id='word_1_323' title='bbox 1552 2743 1740 2786; x_wconf 87' lang='lat' dir='ltr'>radendo</span> <span class='ocrx_word' id='word_1_324' title='bbox 1771 2743 1854 2786; x_wconf 84' lang='lat' dir='ltr'>fae-</span> 
     </span>
     <span class='ocr_line' id='line_1_39' title="bbox 404 2809 1856 2869; baseline -0.002 -15"><span class='ocrx_word' id='word_1_325' title='bbox 404 2817 491 2854; x_wconf 85' lang='lat' dir='ltr'>tum</span> <span class='ocrx_word' id='word_1_326' title='bbox 521 2814 675 2869; x_wconf 74' lang='lat' dir='ltr'>capiti,</span> <span class='ocrx_word' id='word_1_327' title='bbox 699 2813 811 2868; x_wconf 90' lang='lat' dir='ltr'>quod</span> <span class='ocrx_word' id='word_1_328' title='bbox 842 2814 980 2868; x_wconf 90' lang='lat' dir='ltr'>ipsum</span> <span class='ocrx_word' id='word_1_329' title='bbox 1008 2812 1164 2855; x_wconf 86' lang='lat' dir='ltr'>habent</span> <span class='ocrx_word' id='word_1_330' title='bbox 1184 2812 1417 2867; x_wconf 87' lang='lat' dir='ltr'>quadratus</span> <span class='ocrx_word' id='word_1_331' title='bbox 1448 2815 1489 2854; x_wconf 88' lang='lat' dir='ltr'>et</span> <span class='ocrx_word' id='word_1_332' title='bbox 1510 2811 1743 2854; x_wconf 83' lang='lat' dir='ltr'>Brixiensis</span> <span class='ocrx_word' id='word_1_333' title='bbox 1771 2809 1856 2852; x_wconf 88' lang='lat' dir='ltr'>edi—</span> 
     </span>
     <span class='ocr_line' id='line_1_40' title="bbox 402 2880 1521 2923; baseline 0.003 -3"><span class='ocrx_word' id='word_1_334' title='bbox 402 2880 488 2921; x_wconf 87' lang='lat' dir='ltr'>tio.</span> <span class='ocrx_word' id='word_1_335' title='bbox 511 2880 767 2922; x_wconf 88' lang='lat' dir='ltr'>Veronensis</span> <span class='ocrx_word' id='word_1_336' title='bbox 799 2892 890 2922; x_wconf 87' lang='lat' dir='ltr'>eum</span> <span class='ocrx_word' id='word_1_337' title='bbox 921 2880 1039 2922; x_wconf 87' lang='lat' dir='ltr'>Italis</span> <span class='ocrx_word' id='word_1_338' title='bbox 1070 2884 1111 2922; x_wconf 89' lang='lat' dir='ltr'>et</span> <span class='ocrx_word' id='word_1_339' title='bbox 1139 2880 1319 2923; x_wconf 88' lang='lat' dir='ltr'>Marullo</span> <span class='ocrx_word' id='word_1_340' title='bbox 1352 2893 1521 2923; x_wconf 83' lang='lat' dir='ltr'>CAPTI.</span> 
     </span>
    </p>

    <p class='ocr_par' dir='ltr' id='par_1_14' title="bbox 516 2946 1770 3002">
     <span class='ocr_line' id='line_1_41' title="bbox 516 2946 1770 3002; baseline 0.002 -16"><span class='ocrx_word' id='word_1_341' title='bbox 516 2946 634 2989; x_wconf 80' lang='lat'>1260.</span> <span class='ocrx_word' id='word_1_342' title='bbox 668 2961 882 2988; x_wconf 75' lang='lat' dir='ltr'>vxnssssAT</span> <span class='ocrx_word' id='word_1_343' title='bbox 914 2962 1054 2988; x_wconf 79' lang='lat' dir='ltr'>ESSE.</span> <span class='ocrx_word' id='word_1_344' title='bbox 1077 2948 1173 2990; x_wconf 89' lang='lat' dir='ltr'>Itali</span> <span class='ocrx_word' id='word_1_345' title='bbox 1206 2952 1246 2990; x_wconf 91' lang='lat' dir='ltr'>et</span> <span class='ocrx_word' id='word_1_346' title='bbox 1275 2947 1468 3002; x_wconf 87' lang='lat' dir='ltr'>impressi</span> <span class='ocrx_word' id='word_1_347' title='bbox 1500 2959 1770 2988; x_wconf 76' lang='lat' dir='ltr'><strong>VIDEBANT.</strong></span> 
     </span>
    </p>
   </div>
  </div>
 </body>
</html>
