2040 3328
395 250 478 293 302
1106 252 1142 293 V

395 365 463 404 tus
492 361 683 403 videntur
698 377 711 402 :
731 364 776 410 ut
796 361 1004 414 oblongus
1022 392 1032 414 ‚
1055 361 1115 403 ita
1135 362 1340 404 Antonius
1361 362 1480 404 Marii
1498 395 1508 418 ,
1531 363 1630 405 olim
1649 362 1843 418 impressi

396 428 490 483 (sed
521 427 774 469 Veronensis
805 431 844 468 et
864 427 1048 468 Venetus
1077 427 1294 482 violetur),
1317 430 1547 484 Avantius,
1577 430 1841 484 Naugerius3

396 504 542 536 nutare
571 493 762 535 videntur
792 493 995 535 Marullus
1013 526 1022 534 .

505 560 600 602 595.
632 574 815 600 EXIGUA
843 573 1044 601 MAIORIS
1071 574 1226 601 PERTE
1254 575 1525 608 Bnmvmtm.
1546 564 1642 606 Itali
1671 577 1842 604 PARTE·

504 627 599 669 598.
631 641 888 667 ERUMPERE
927 642 1087 669 LUMEN
1109 660 1117 669 .
1148 629 1244 669 Non
1281 629 1403 671 aliter
1441 630 1556 684 apud
1594 629 1843 685 Eutychium

393 708 434 749 p.
450 694 559 736 2185
588 694 781 748 Putsch.,
809 694 951 747 itaque
982 695 1188 737 Antonius
1220 695 1364 748 Marii,
1387 695 1487 737 olim
1516 697 1734 751 impressi,
1756 697 1842 738 Ma-

395 760 526 802 rullus
542 791 552 801 .
575 760 825 802 Lambinum
854 761 1006 815 miror,
1030 762 1101 815 qui
1117 762 1276 816 flumen
1291 794 1302 815 ,
1324 761 1436 816 quod
1463 762 1668 804 Avantius
1699 763 1840 818 dedit,

395 827 483 870 fere
513 840 656 869 omnes
687 839 786 868 suos
815 831 979 869 veteres
1009 828 1174 870 codices
1205 829 1359 870 habere
1389 829 1570 871 scribat.

506 894 602 936 599.
633 907 747 939 QmA
784 907 854 934 810
889 907 1149 934 ELEMENTA
1185 896 1379 936 VAP'ORE
1401 927 1410 938 .
1442 895 1513 937 Sic
1548 895 1840 949 membranae,

395 962 456 1003 sie
491 960 695 1002 Antonius
730 959 850 1000 Marii
867 974 876 1000 :
903 977 987 1015 qua
1023 961 1122 1002 olim
1161 961 1351 1015 impressi
1389 965 1430 1003 et
1465 961 1668 1004 Marullus
1691 994 1700 1003 .
1730 962 1842 1004 idem

395 1027 596 1069 Marullus
623 1041 780 1081 vapora
794 1058 805 1079 7
828 1026 1056 1068 Lambinus
1086 1040 1297 1068 VAPORIS
1315 1060 1324 1068 .

507 1093 602 1135 605.
632 1092 766 1133 AERA
795 1106 1088 1133 Pnncn‘mA'r
1106 1124 1115 1134 .
1137 1093 1375 1147 Naugerius
1404 1107 1667 1135 PERCIPIAT
1686 1126 1696 1137 .

506 1159 601 1201 606.
633 1158 956 1200 OPPORTUNUS
991 1174 1099 1200 srrA
1136 1174 1219 1200 EST
1252 1193 1260 1201 .
1303 1160 1521 1203 Corrector
1564 1160 1760 1214 quadrati
1801 1165 1843 1204 et

394 1226 518 1269 ceteri
549 1239 631 1265 1rA
662 1234 744 1267 est.

505 1291 599 1334 608.
631 1305 839 1332 SEGETES
877 1306 1220 1339 STIPULAMQUE
1249 1308 1462 1335 VIDEMUS
1493 1295 1751 1335 Accmmuz
1781 1309 1843 1336 nx

393 1374 485 1401 UNA
508 1373 758 1400 semi-um.
779 1373 1015 1400 mmmmm
1041 1373 1212 1400 PAssnu
1229 1393 1239 1403 .
1259 1361 1459 1403 Accidere
1479 1361 1740 1414 quadratus,
1761 1362 1842 1404 Ac-

394 1427 533 1468 cedere
554 1426 760 1479 oblongus
780 1440 789 1467 :
810 1426 932 1468 huius
962 1431 1169 1468 corrector
1190 1427 1423 1469 Accendere
1437 1460 1448 1480 ‚
1469 1428 1612 1481 itaque
1633 1428 1843 1470 Veronen-

395 1494 452 1535 sis
483 1493 611 1534 editio
629 1525 638 1543 ,
663 1493 737 1534 sed
760 1492 988 1534 Brixiensis
1019 1497 1144 1547 atque
1173 1494 1378 1535 Antonius
1409 1494 1617 1547 Accendi,
1640 1493 1843 1537 Marullus

394 1561 618 1615 Accipere,
640 1560 880 1612 Naugerius
910 1573 1073 1601 rursum
1094 1560 1146 1601 ab
1171 1561 1353 1602 Avantio
1375 1560 1506 1603 Piove
1531 1560 1720 1603 Accendi
1731 1593 1741 1603 .
1761 1561 1843 1603 Ac-

393 1627 552 1681 cipere,
575 1626 688 1679 quod
709 1626 938 1668 Lambinus
967 1626 1188 1681 probavit,
1210 1627 1270 1668 ita
1299 1626 1382 1668 dici
1407 1627 1542 1680 potuit
1570 1631 1616 1668 ut
1644 1626 1697 1669 de
1726 1628 1843 1670 navi-

393 1691 471 1734 bus
492 1693 704 1746 Vergilius
726 1693 828 1735 Aen.
851 1707 878 1747 1,
899 1693 978 1735 123
999 1694 1110 1735 lamis
1131 1694 1304 1736 laterum
1330 1694 1580 1749 conpaqibus
1609 1708 1744 1736 omnes
1763 1695 1843 1736 Ac-

392 1760 551 1814 cipiunt
579 1761 790 1801 inimicum
819 1761 986 1802 imbrem
1005 1792 1014 1801 .
1036 1759 1322 1802 Wakefieldus
1352 1759 1518 1814 scripsit
1542 1759 1743 1802 Accidere
1757 1793 1768 1814 ‚
1790 1761 1844 1802 de

393 1827 633 1867 accusativo
664 1839 861 1868 securus.
884 1839 979 1868 eum
1010 1839 1093 1880 quo
1124 1831 1242 1868 tuear
1271 1826 1373 1867 nihil
1401 1826 1536 1868 habeo
1568 1827 1650 1868 nisi
1680 1827 1844 1869 notissi-

392 1906 503 1934 mum
524 1892 629 1933 illud
652 1893 787 1934 Plauti
805 1925 814 1946 ‚
837 1893 950 1946 quod
971 1899 1034 1935 est
1055 1893 1097 1934 in
1113 1893 1253 1935 Sticho
1275 1907 1301 1947 1,
1320 1893 1358 1946 2,
1375 1893 1426 1934 31
1447 1925 1456 1946 ,
1480 1893 1595 1935 Gerto
1617 1894 1723 1934 enim
1742 1895 1849 1935 mihi

387 1969 587 2015 paternae
607 1961 716 2000 vocis
742 1961 898 2001 sonitus
919 1961 1036 2001 auris
1066 1960 1217 2001 accidit
1233 1992 1243 2012 ‚
1265 1972 1349 2013 qua
1370 1959 1517 2001 eadem
1539 1960 1844 2002 construetione

391 2026 609 2068 Luc-retius
630 2026 796 2068 videtur
826 2039 926 2067 usus
956 2039 1048 2067 esse
1079 2027 1122 2067 in
1151 2040 1206 2080 xv,
1221 2026 1330 2068 568.
1354 2031 1466 2068 certe
1495 2027 1609 2080 apud
1629 2027 1844 2068 Valerium

392 2093 589 2135 Flaccum
610 2108 652 2146 11,
670 2093 754 2135 452
775 2098 816 2134 et
836 2108 890 2148 lv,
909 2094 992 2135 580
1008 2109 1087 2134 vox
1102 2092 1254 2134 accidit
1275 2109 1397 2135 aures
1417 2093 1471 2134 ab
1489 2093 1659 2135 Heinsio
1677 2098 1740 2135 est
1757 2108 1766 2134 :
1787 2093 1846 2134 al·

391 2163 480 2201 tero
511 2160 630 2214 loco,
653 2160 723 2202 ubi
754 2164 873 2202 vetus
905 2159 1117 2201 Carrionis
1148 2159 1273 2200 habet
1303 2161 1452 2213 cccciii,
1473 2164 1584 2202 reete
1614 2164 1745 2212 agunt
1773 2160 1844 2213 qui

393 2224 552 2267 faciunt
571 2243 650 2268 vooe
666 2228 763 2268 haec
778 2226 904 2268 simul
918 2225 1072 2267 excidit
1080 2227 1204 2267 ‘auris
1219 2259 1229 2280 7
1254 2227 1387 2268 altero
1405 2231 1476 2268 aut
1497 2226 1575 2267 hoo
1590 2227 1727 2281 ipsum
1743 2227 1841 2268 seri-

393 2292 574 2334 bendum
605 2298 667 2335 est
696 2297 770 2334 aut
798 2308 877 2334 vom
898 2293 1034 2347 attzjqit
1053 2308 1176 2334 aures
1192 2324 1201 2334 .
1223 2305 1307 2334 non
1327 2293 1454 2334 valde
1481 2297 1619 2334 tamen
1641 2292 1844 2334 dissimile

393 2363 456 2401 est
484 2375 665 2401 mensam
695 2359 953 2412 accumbere,
983 2371 1065 2411 quo
1097 2359 1247 2401 Accius
1278 2372 1378 2401 usus
1410 2363 1498 2414 est,
1521 2372 1613 2400 oum
1644 2358 1751 2400 dixit
1779 2360 1844 2401 Ne

391 2442 482 2468 cum
512 2435 688 2482 tyranno
724 2427 944 2482 quisquam
975 2425 1178 2481 epulandi
1205 2427 1349 2481 ‚qratia
1377 2425 1602 2467 Accumbat
1636 2442 1816 2468 mensam
1831 2459 1843 2480 ,

391 2505 501 2546 quae
529 2493 654 2534 habet
674 2493 836 2535 Nonius
866 2506 906 2547 p.
923 2492 1018 2547 415,
1037 2492 1088 2533 27
1108 2507 1117 2547 ;
1140 2493 1238 2534 item
1267 2492 1382 2546 apud
1413 2491 1591 2534 eundem
1620 2506 1660 2547 p.
1678 2492 1773 2546 511,
1794 2492 1841 2534 17

391 2558 577 2601 Lucilius
613 2575 710 2600 nam
744 2560 960 2615 sumptibu'
995 2560 1157 2614 maquis
1191 2560 1436 2601 Exti-uotam
1472 2559 1663 2614 ampliter
1699 2574 1748 2600 ac
1777 2558 1844 2601 de-

392 2642 608 2668 cumanam
637 2625 754 2680 (libri
785 2626 977 2681 ampliter
1006 2634 1128 2681 atque
1157 2625 1266 2680 cum)
1296 2627 1559 2668 accumbimu’
1590 2642 1771 2668 ‘mensam
1787 2657 1797 2666 .

503 2693 598 2734 610.
619 2692 870 2734 Fonsn-An
890 2706 948 2732 ET
968 2705 1123 2733 nost-,A
1144 2706 1228 2733 SOL
1249 2707 1369 2733 ΑΜΕ
1389 2706 1614 2733 LAMPADE
1637 2706 1843 2734 Lucane.

391 2760 487 2801 Non
522 2759 631 2801 solet
664 2758 880 2800 Lueretius
917 2758 972 2800 ad
1010 2758 1205 2801 Forsitan
1239 2759 1472 2814 adiungere
1512 2761 1632 2802 etiam
1652 2792 1664 2814 ‚
1690 2759 1845 2802 nedum

392 2835 452 2879 et,
484 2839 566 2879 quo
595 2825 709 2868 illius
747 2826 839 2868 loeo
875 2837 1103 2879 numquam
1139 2839 1239 2868 usus
1271 2831 1361 2869 est.
1383 2828 1427 2869 in
1466 2841 1520 2881 vr,
1537 2826 1618 2869 346
1649 2827 1845 2868 Forsitan

393 2908 444 2934 ex
472 2894 589 2947 ipso,
613 2892 684 2933 ubi
720 2893 829 2934 male
861 2892 1062 2934 Marullus
1094 2893 1254 2936 Forsan
1290 2902 1352 2936 et.
1380 2892 1424 2934 in
1455 2891 1602 2934 eodem
1633 2893 1714 2936 735
1743 2893 1843 2935 For-

391 2960 501 3000 sitan
530 2959 800 3014 Aethiopum,
825 2958 895 3000 ubi
925 2959 1153 3002 Lambinus
1184 2961 1322 3002 Forsit
1351 2968 1413 3002 et.
1439 2958 1581 3013 itaque
1602 2960 1673 3002 hic
1701 2959 1843 3015 potius
