2040 3328
930 271 995 315 III
1625 272 1706 314 147

224 386 348 430 fateri
379 400 426 430 se
455 385 580 429 huius
611 386 910 430 emendatione
941 386 1175 443 expolitum
1197 386 1416 442 exemplar
1441 385 1587 429 nescio
1618 385 1710 440 qui—

223 455 303 498 bus
333 454 497 498 artibus
527 458 699 498 nactum
731 455 856 498 esse?
885 469 986 498 nam
1007 454 1266 511 praefationi
1287 454 1464 498 Avantii
1495 453 1710 510 subscrip-

223 528 312 568 tum
333 528 397 567 est
417 524 519 566 Kal.
538 525 714 567 Martiis
733 539 809 565 Μ111
828 557 836 567 .
859 524 1066 567 Marullus
1093 527 1237 566 autem
1258 523 1386 579 periit
1406 535 1554 566 mense
1571 522 1710 577 Aprili

224 584 326 636 anni
357 606 416 633 MD
435 624 444 635 .

342 662 435 705 100.
468 675 602 708 011011
640 676 819 704 mcum
856 676 946 704 1108
972 694 982 704 .
1013 661 1258 714 Quadratus
1290 662 1436 706 tertiat.
1460 660 1585 703 huius
1622 673 1712 703 cor-

224 734 363 774 rector
394 735 435 774 et
465 731 703 774 Brixiensis
735 731 866 774 editio
896 745 1104 773 mour.
1484 737 1491 743 ·

342 800 436 843 106.
469 799 634 842 SAEPE
666 814 852 847 ITAQUE
882 815 932 841 IN
962 814 1197 842 PROMPTU
1229 813 1416 842 conrus
1440 812 1573 846 QUOD
1597 812 1710 839 01111-

223 883 374 910 11111111
403 882 611 911 AEGRUM
629 902 638 912 .
663 869 907 921 Quadratus
943 870 989 912 in
1015 878 1214 927 prompto
1236 903 1245 913 .
1273 868 1576 923 grammaticus
1614 867 1713 909 Vin-

226 936 486 980 dobonensis
509 937 795 981 Eichenfeldii
816 951 858 994 p.
885 938 966 980 1752
986 938 1206 994 Aeqrescit
1226 954 1253 980 a
1283 937 1404 981 verbo
1434 945 1576 993 aelqret
1594 968 1603 978 .
1625 936 1712 978 Lu-

225 1008 379 1050 cretius
399 1007 536 1063 Saepe
557 1008 698 1063 itaque
718 1008 764 1049 in
780 1016 939 1064 proptu
959 1023 1112 1064 eorpus
1133 1006 1248 1063 quod
1261 1022 1475 1050 cernemus
1495 1018 1711 1048 AEGRET.

225 1091 374 1132 aeyreo
396 1085 532 1118 tamen
553 1075 708 1118 dictum
730 1091 812 1118 nou
834 1085 918 1118 est.
942 1075 1176 1118 Lambinus
1198 1075 1387 1118 editione
1407 1074 1548 1130 prima
1567 1074 1617 1128 [et
1647 1086 1710 1116 se-

227 1143 370 1186 cunda
390 1160 563 1202 aeyrum
595 1153 653 1186 est
682 1144 878 1199 scripsit,
911 1156 1004 1187 cum
1033 1149 1150 1187 recte
1181 1144 1387 1187 sensisset
1404 1142 1647 1185 Lucretium
1670 1142 1715 1184 in

226 1212 385 1255 talibus
407 1213 583 1256 verbum
612 1213 924 1255 substantivum
954 1225 1039 1254 non
1072 1213 1292 1255 omittere:
1314 1204 1441 1255 tertia
1471 1215 1614 1254 autem
1635 1210 1716 1254 hoc

228 1293 256 1323 a
276 1293 323 1323 se
343 1280 563 1324 inventum
585 1281 744 1323 oblitus
767 1281 826 1323 ita
853 1281 897 1323 in
925 1282 1091 1335 aliquot
1120 1281 1242 1324 libris
1273 1280 1459 1335 vulgatis
1491 1280 1576 1334 legi
1601 1279 1712 1322 falso

228 1349 391 1391 rettulit
412 1353 454 1391 et
474 1349 711 1392 invidenda
743 1349 948 1392 felicitate
979 1349 1142 1403 ingenii
1175 1348 1275 1392 fecit
1305 1350 1467 1406 aeqrit,
1500 1347 1715 1403 quomodo

227 1418 309 1461 hoc
338 1417 514 1461 verbum
546 1418 646 1461 libri
677 1419 881 1474 scriptum
913 1418 1115 1461 exhibent
1145 1430 1273 1462 versu
1303 1418 1387 1461 824
1406 1450 1415 1460 .

346 1486 440 1530 108.
470 1501 550 1528 111
581 1501 691 1530 UBI.
714 1488 811 1530 Itali
828 1488 887 1545 fit
915 1502 1026 1531 UTI.

345 1556 438 1599 118.
469 1570 634 1602 NEQUE
678 1570 940 1598 HARMONIA
986 1570 1177 1598 conpos
1221 1570 1459 1597 INTERIRE
1498 1570 1687 1598 sonum:
1706 1589 1716 1599 .

229 1625 310 1668 Hic
344 1623 636 1667 Wakefieldus
682 1624 925 1668 laudandus
970 1629 1059 1680 est,
1105 1625 1179 1680 qui
1223 1625 1340 1668 solus
1377 1624 1563 1680 viderit,
1602 1624 1719 1680 quod

230 1694 397 1750 priores
429 1693 610 1749 turpiter
641 1693 881 1751 fefellerat,
920 1693 1151 1750 legendum
1189 1707 1283 1737 esse
1312 1695 1537 1738 harmonia
1567 1710 1720 1751 corpus

230 1777 482 1804 snn'rnmn
513 1763 645 1806 solere
664 1795 674 1806 .

346 1831 441 1874 131.
473 1845 641 1872 1111111111
673 1845 935 1873 HARMONIA
966 1833 1151 1875 NOMEN
1180 1845 1242 1873 AD
1275 1845 1562 1874 onesmcos
1593 1845 1720 1873 Amo

229 1914 465 1942 DELATUM
482 1914 723 1942 nnmcom
740 1934 749 1944 .
774 1900 997 1944 Corrector
1014 1900 1214 1955 quadrati
1232 1901 1491 1943 harmoniai.
1508 1900 1552 1943 in
1570 1899 1721 1943 eodem

229 1969 340 2012 libro
372 1969 433 2012 ad
460 1971 682 2026 oryanieos
703 1970 815 2011 saltu
834 2002 843 2024 ,
877 1974 918 2011 et
938 1969 1077 2024 prima
1098 1982 1227 2011 manu
1249 1968 1393 2011 statim
1416 1969 1574 2011 factum
1595 1969 1722 2011 salto:

232 2037 408 2092 oblongi
454 2041 667 2080 corrector
713 2039 764 2080 ab
802 2039 1000 2095 oryambo
1037 2038 1144 2081 salto
1169 2070 1178 2080 .
1207 2037 1261 2080 de
1296 2038 1501 2080 Heliconi
1533 2037 1722 2080 ablativo

233 2106 453 2162 disputavi
484 2106 541 2148 ad
572 2106 726 2148 librum
758 2121 784 2162 1,
809 2107 891 2150 739
911 2139 920 2150 .
943 2110 1032 2148 tum
1062 2111 1178 2150 recte
1210 2106 1427 2149 Bentleius
1458 2120 1613 2147 Amo:
1646 2104 1724 2148 sed

232 2174 373 2230 idem,
411 2187 506 2217 cum
540 2175 591 2217 ab
628 2175 671 2216 in
709 2175 928 2218 codicibus
964 2189 1061 2218 esse
1101 2174 1319 2230 crederet,
1358 2174 1518 2217 frustra
1555 2174 1726 2230 scripsit

233 2243 285 2285 ab
317 2244 562 2299 orqam'cz‘e.
585 2246 716 2299 poeta
738 2243 852 2286 enim
883 2244 963 2285 hoc
994 2243 1122 2299 dicit,
1152 2243 1339 2286 musicos
1371 2242 1623 2286 harmoniae
1654 2256 1726 2286 vo-

234 2311 432 2354 cabulum
465 2312 534 2354 vel
566 2325 593 2354 a
622 2312 772 2367 primis
802 2312 906 2354 artis
935 2326 1039 2356 suae
1062 2312 1358 2356 inventoribus
1379 2312 1585 2355 traditum
1608 2324 1728 2355 acce-

233 2380 352 2435 pisse
382 2381 452 2423 vel
483 2381 626 2436 potius
657 2380 835 2423 aliunde
867 2394 894 2423 a
925 2382 1137 2424 communi
1165 2382 1490 2425 convenientiae
1513 2380 1726 2436 significa-

234 2448 354 2491 tione
385 2448 616 2491 deductum
647 2449 767 2505 ipsos
798 2462 927 2504 porro
959 2451 1003 2492 in
1034 2463 1158 2493 suum
1188 2464 1310 2493 usum
1342 2451 1556 2494 traxisse.

354 2517 447 2560 135.
481 2517 745 2569 QUIDQUID
792 2532 878 2558 EST
904 2551 912 2560 .
943 2518 1166 2562 Correctol·
1212 2519 1390 2573 oblongi
1428 2517 1644 2575 Quicquid
1689 2522 1730 2560 et

235 2585 303 2628 hic
324 2590 366 2629 et
386 2586 430 2628 in
459 2600 500 2643 v,
521 2587 624 2642 577,
655 2587 801 2641 itaque
822 2587 961 2642 prima
984 2601 1112 2630 manu
1132 2593 1312 2643 uterque
1342 2588 1387 2630 in
1419 2602 1458 2643 v⁷
1485 2587 1621 2641 1252,
1644 2600 1731 2628 non

237 2658 375 2697 recte:
408 2654 486 2697 sed
523 2655 675 2697 ceteris
713 2655 820 2698 loeis
851 2660 965 2698 recte
997 2656 1213 2699 adiectum
1244 2671 1321 2712 111,
1356 2655 1472 2711 quod
1504 2656 1548 2697 in
1578 2655 1659 2698 hoc
1691 2659 1733 2698 et

239 2722 338 2764 Itali
370 2726 411 2765 et
439 2722 637 2778 impressi
669 2736 817 2766 omnes
849 2723 1037 2768 habent.

357 2791 451 2834 136.
483 2805 734 2832 cosmon
753 2825 761 2834 .
783 2792 856 2834 Sic
885 2793 1028 2848 prima
1057 2806 1187 2835 manu
1219 2792 1462 2846 oblongus:
1497 2791 1733 2847 quadratus

241 2859 422 2901 conium
444 2892 452 2901 .
475 2860 519 2901 in
550 2863 731 2913 utroque
763 2859 924 2902 factum
957 2875 1243 2902 comunem
1261 2893 1271 2903 .

357 2927 450 2970 145.
483 2927 645 2973 IDQUE
675 2941 776 2968 SIBI
807 2942 967 2970 SOLUM
998 2943 1091 2970 PER
1121 2944 1174 2970 sn
1207 2942 1351 2970 SAPn*
1383 2943 1482 2970 SIBI
1507 2944 1734 2972 GAUDET.

240 2996 337 3039 Itali
359 3000 401 3038 et
431 2995 629 3051 impressi
661 3006 697 3039 et
727 2997 835 3040 sibi.
859 2998 1000 3053 aptius
1025 3003 1090 3041 est
1112 2998 1227 3053 quod
1248 2997 1547 3043 Wakefieldus
1580 2999 1734 3055 voluit,

241 3079 290 3105 111
323 3065 410 3107 sibi
432 3064 591 3122 {laudet
609 3098 617 3107 .

1328 3151 1331 3153 ’
1378 3136 1468 3179 10*
