2040 3328
467 216 549 258 394
785 220 787 222 ’
1158 223 1215 263 VI

468 331 530 369 est
552 344 681 383 praes
711 333 751 370 et
776 330 982 384 praedia.
1003 335 1173 384 propter
1200 332 1292 374 Chr.
1316 333 1533 391 Iahnium,
1557 339 1627 392 qui
1649 340 1820 382 Heinsio
1852 342 1905 383 ad

468 394 610 436 Ovidii
647 398 778 436 artem
808 397 931 450 1,161
970 401 1080 437 rectc
1120 399 1394 452 praecipienti
1430 414 1513 443 non
1545 405 1745 459 credidit,
1769 407 1906 450 obser-

466 461 575 501 vabo
606 461 710 502 haec
739 461 880 503 omnia
910 475 937 504 a
965 464 1105 505 verbis
1136 465 1297 518 primae
1318 465 1608 511 declinationis
1640 471 1818 515 deducta
1836 487 1907 516 na-

467 531 562 567 tura
591 527 722 580 longa
751 541 844 570 esse
862 561 870 582 ,
895 530 1054 571 labrum
1075 534 1116 572 et
1137 531 1328 574 labellum
1349 546 1424 586 pro
1446 547 1548 576 vase
1563 537 1726 590 ,flabra
1741 541 1906 594 ,flabel-

467 593 549 634 lum
565 625 575 646 ,
604 594 836 648 velabrum,
866 597 1161 650 ventilabrum,
1190 598 1470 652 volutabrum,
1501 601 1815 660 candelabrum,
1837 606 1906 648 do-

467 660 586 700 labra
600 692 611 712 ,
628 661 872 714 Dolabella,
895 663 1013 703 curia
1043 663 1211 705 calabra
1226 697 1237 717 ,
1259 666 1468 715 anclabris
1487 682 1628 709 mensa
1644 700 1652 709 .
1676 670 1728 711 d'e
1757 673 1906 715 ceteris

466 726 713 780 interpretes
758 741 810 769 ne
851 728 893 769 id
938 728 1105 782 quidem
1141 730 1458 786 intellexerunt,
1481 733 1595 786 quod
1633 738 1772 779 tamen
1809 743 1906 781 ante

466 793 607 834 omnia
637 795 921 847 quaerendum
951 795 1054 849 fuit,
1077 796 1284 850 apodosin
1312 798 1496 852 incipere
1526 799 1611 854 ibi,
1633 803 1735 844 solio
1764 805 1809 845 in
1827 821 1905 847 me-

465 858 533 900 dio
564 875 688 914 quam
695 861 833 915 facile
840 862 897 915 fit
915 894 923 902 .
945 861 988 902 in
1008 863 1169 916 protasi
1191 868 1231 905 et
1254 864 1434 919 efflueris
1455 870 1639 908 monstro
1660 868 1796 912 simile
1816 875 1904 926 est,

464 938 600 979 neque
629 927 672 967 si
697 937 880 969 cunctere
910 941 984 982 per
1013 941 1059 970 se
1093 930 1196 971 satis
1226 934 1441 984 apertum:
1465 945 1548 973 non
1583 934 1692 976 enim
1722 938 1906 979 cunctari

465 995 538 1032 aut
573 994 726 1034 morari
770 994 813 1035 in
854 994 1004 1036 balneo
1049 995 1329 1049 periculosum
1366 1002 1428 1039 est
1463 999 1588 1052 pleno
1631 1005 1802 1056 ventre,
1830 1004 1905 1046 sed

463 1058 624 1101 lavari.
647 1059 839 1101 Lucretio
871 1060 973 1102 nihil
995 1063 1188 1104 convenit
1217 1063 1297 1104 nisi
1328 1065 1680 1118 simplicissimum
1710 1072 1751 1110 et
1779 1070 1906 1123 aptis—

463 1125 613 1166 simum
633 1140 642 1167 :
663 1126 708 1168 id
744 1131 807 1168 est
841 1131 979 1170 autem
1014 1130 1204 1184 Denique
1239 1131 1282 1172 si
1311 1131 1460 1173 calidis
1497 1134 1616 1174 etiam
1654 1147 1905 1176 cuncti-Aur:

467 1193 650 1234 lavabris
680 1194 849 1236 Plenior
879 1208 935 1234 ET
966 1209 1196 1238 LAVERIS.

576 1260 670 1302 793.
703 1260 985 1302 CONCIDERE
1005 1276 1061 1302 ET
1090 1277 1248 1304 PUMos
1270 1278 1351 1310 QUI
1381 1279 1542 1306 monuo
1562 1281 1774 1308 MITTERE·
1796 1282 1904 1310 sun-

464 1339 544 1366 vxr
562 1358 571 1368 .
595 1327 643 1368 In
680 1327 758 1368 hoc
793 1340 917 1369 versu
956 1330 1309 1383 comparationem
1343 1331 1475 1373 morbi
1516 1333 1736 1375 comitialis
1766 1335 1906 1377 inesse

464 1392 727 1435 manifestum
759 1398 848 1436 est.
871 1407 978 1448 quae
1010 1397 1112 1450 quia
1132 1410 1267 1450 neque
1298 1398 1340 1438 in
1363 1411 1412 1439 eo
1443 1399 1513 1452 qui
1533 1397 1703 1442 luminis
1733 1401 1905 1443 extincti

464 1459 593 1500 odore
623 1462 865 1515 consopitus
897 1466 960 1504 est
995 1475 1128 1516 neque
1158 1463 1201 1504 in
1237 1463 1384 1506 ceteris
1416 1466 1485 1518 qui
1517 1466 1584 1508 hic
1613 1472 1906 1510 enumerantur

462 1526 598 1567 locum
615 1526 760 1582 habet,
778 1529 859 1569 nisi
878 1529 919 1569 in
936 1542 986 1570 eo
998 1530 1068 1582 qui
1084 1530 1128 1570 in
1143 1530 1250 1571 solio
1268 1530 1414 1572 caldae
1432 1532 1631 1587 concidit,
1647 1533 1690 1574 in
1706 1546 1790 1587 qua
1805 1533 1906 1576 sede

463 1591 529 1633 hic
550 1605 695 1635 versus
716 1595 983 1649 reponendus
1005 1596 1057 1636 sit
1078 1595 1259 1638 dubitari
1281 1610 1363 1638 non
1384 1602 1546 1651 potest.
1569 1598 1614 1640 id
1634 1600 1904 1654 interpretum

462 1659 600 1701 nullus
636 1673 690 1702 ne
724 1662 958 1715 suspicatus
995 1662 1162 1715 quidem
1194 1667 1280 1716 est,
1302 1676 1438 1718 neque
1477 1665 1605 1706 iidem
1642 1665 1904 1708 emendando

463 1725 685 1778 quicquam
715 1732 1039 1782 promoverunt,
1061 1733 1227 1782 praeter
1263 1729 1340 1773 hoc
1379 1744 1505 1772 unum
1536 1731 1648 1785 quod
1677 1732 1904 1775 Lambinus

462 1791 712 1834 Memmiano
744 1794 877 1836 codici
898 1795 1126 1837 recentiore
1154 1808 1279 1837 manu
1309 1812 1477 1852 spumas
1497 1797 1752 1852 adscriptum
1772 1799 1904 1841 vidit.

462 1859 618 1913 excipit
635 1860 803 1914 quidem
821 1861 1049 1903 Lambinus
1064 1894 1073 1915 ,
1091 1863 1167 1917 aqi
1177 1878 1365 1917 spumas,
1383 1877 1466 1905 non
1481 1865 1608 1905 mitti:
1624 1865 1699 1906 sed
1713 1878 1904 1920 spumas,

462 1938 554 1966 cum
577 1926 831 1980 funduntur,
854 1940 925 1969 cur
953 1929 1064 1970 mitti
1086 1941 1170 1970 non
1201 1929 1354 1971 dixerit
1373 1930 1443 1983 qui
1475 1934 1516 1972 et
1531 1931 1703 1986 fumum
1731 1933 1842 1974 mitti
1866 1936 1908 1974 et

461 1994 703 2049 sanquinem
734 1998 774 2035 ct
803 1996 1023 2049 san-quinis
1057 1996 1221 2050 siqnum
1251 2000 1291 2037 et
1327 1997 1496 2038 imbrem
1527 2001 1568 2038 et
1603 1997 1740 2039 laticis
1765 2007 1906 2053 quttas

460 2061 571 2101 muti
586 2060 730 2102 dixit?
750 2061 894 2115 itaque
915 2062 982 2103 hic
1011 2074 1157 2104 versus
1178 2063 1237 2103 ita
1263 2063 1492 2104 rectissime
1514 2063 1782 2119 formabitur,
1805 2065 1906 2107 Gon-

461 2126 596 2168 cidere
625 2136 660 2169 et
691 2142 886 2168 SPUMAM
916 2142 974 2169 υτ
1005 2130 1082 2184 qui
1110 2129 1246 2170 morbo
1282 2130 1438 2171 mittere
1472 2132 1626 2172 suevit.
1648 2134 1759 2173 recte
1796 2132 1906 2174 enim

460 2209 648 2247 spumam
674 2186 880 2248 singulari
911 2207 1083 2237 numero
1102 2227 1111 2249 ,
1133 2198 1179 2236 ut
1202 2193 1379 2237 Ovidius
1409 2200 1575 2238 metam.
1596 2210 1684 2251 vm,
1699 2197 1780 2239 417
1803 2198 1906 2241 Stri-

461 2260 697 2316 dcn-temque
717 2277 817 2304 novo
838 2278 1024 2317 spumam
1046 2278 1137 2304 cum
1156 2263 1358 2318 sanquine
1361 2263 1514 2317 fundit
1532 2295 1541 2304 .
1562 2263 1674 2305 idem
1694 2265 1739 2305 in
1759 2263 1905 2306 eodem

460 2327 540 2368 288
561 2328 744 2370 Fervida
764 2345 854 2370 cum
874 2345 999 2370 rauco
1022 2329 1125 2370 latos
1153 2329 1331 2371 stridore
1342 2345 1424 2384 per
1454 2345 1590 2371 armos
1606 2330 1762 2385 Spuma
1777 2332 1879 2386 fluit
1896 2363 1904 2372 .

462 2394 696 2436 Columella
716 2395 757 2435 in
778 2408 848 2448 vn,
865 2395 905 2448 5,
926 2396 976 2436 19
997 2404 1033 2436 et
1052 2411 1239 2450 spumam
1261 2396 1470 2450 quandam
1498 2405 1654 2438 tenuem
1674 2398 1798 2439 taetri
1813 2397 1905 2439 odo-

460 2462 522 2502 ris
551 2462 764 2516 eoepergyit.
788 2465 828 2502 et
869 2461 1047 2503 observa
1077 2462 1154 2516 qui
1185 2463 1315 2503 suevit
1351 2461 1549 2515 scriptum
1582 2474 1700 2516 esse,
1722 2475 1805 2504 non
1834 2466 1911 2518 qui

460 2536 652 2580 suerunt,
675 2540 728 2568 ne
744 2527 851 2568 forte
868 2527 996 2568 alium
1014 2527 1108 2569 huic
1125 2527 1264 2570 versui
1282 2531 1322 2569 et
1337 2528 1541 2582 aptiorem
1557 2529 1692 2570 locum
1708 2541 1904 2582 quaeras.

572 2594 666 2636 803.
698 2593 839 2644 QUAM
872 2607 1046 2633 FAcrnn
1082 2608 1128 2633 IN
1166 2607 1445 2647 CELEBRUM,
1467 2609 1564 2634 NISI
1602 2608 1732 2640 AQUA
1762 2609 1906 2638 PRAE-

461 2674 668 2701 cnrmus
699 2674 847 2701 ANTE.
882 2661 1120 2702 Caelebrum
1150 2660 1407 2715 quadratus,
1433 2661 1529 2702 Itali
1560 2675 1844 2714 canusium,
1865 2666 1907 2704 et

459 2726 586 2768 iidem
617 2741 786 2772 AQUAM
803 2759 813 2769 .
836 2727 1045 2780 oblongus
1075 2727 1211 2781 prima
1240 2739 1364 2768 manu
1389 2729 1644 2783 precipimus
1662 2758 1671 2768 .

573 2794 665 2836 804.
710 2795 776 2835 AT
826 2807 920 2834 CUM
969 2807 1163 2834 MEMBRA
1214 2807 1404 2834 DOMNUS
1454 2807 1690 2834 PERCEPIT
1739 2808 1905 2834 Femu-

462 2874 728 2913 nAsnnvrs,
767 2862 873 2901 TUM
921 2874 997 2900 mr
1048 2874 1176 2901 onon
1225 2874 1326 2900 vm1
1375 2874 1567 2900 PLAGAE
1614 2873 1905 2901 MAGTABILIS

460 2940 634 2967 INSTAR
653 2958 660 2967 .
684 2926 924 2977 Quadratus
934 2927 1272 2983 fervidafervis:
1294 2926 1381 2968 Ioh.
1405 2927 1526 2982 Bapt.
1548 2927 1646 2968 Pius
1667 2926 1794 2969 ‘Haec
1820 2925 1904 2968 duo
