<?xml version="1.0" encoding="UTF-8"?>
<!DOCTYPE html PUBLIC "-//W3C//DTD XHTML 1.0 Transitional//EN"
    "http://www.w3.org/TR/xhtml1/DTD/xhtml1-transitional.dtd">
<html xmlns="http://www.w3.org/1999/xhtml" xml:lang="en" lang="en">
 <head>
  <title>
</title>
<meta http-equiv="Content-Type" content="text/html;charset=utf-8" />
  <meta name='ocr-system' content='tesseract 3.04.00' />
  <meta name='ocr-capabilities' content='ocr_page ocr_carea ocr_par ocr_line ocrx_word'/>
</head>
<body>
  <div class='ocr_page' id='page_1' title='image "./intlucretiicarid00lachuoft_0230.png"; bbox 0 0 2040 3328; ppageno 0'>
   <div class='ocr_carea' id='block_1_1' title="bbox 393 246 1147 293">
    <p class='ocr_par' dir='ltr' id='par_1_1' title="bbox 393 246 1147 293">
     <span class='ocr_line' id='line_1_1' title="bbox 393 246 1147 293; baseline 0.007 -5"><span class='ocrx_word' id='word_1_1' title='bbox 393 246 474 290; x_wconf 90' lang='grc'><strong>226</strong></span> <span class='ocrx_word' id='word_1_2' title='bbox 1089 251 1147 293; x_wconf 95' lang='lat' dir='ltr'><strong>IV</strong></span> 
     </span>
    </p>
   </div>
   <div class='ocr_carea' id='block_1_2' title="bbox 391 359 1836 481">
    <p class='ocr_par' dir='ltr' id='par_1_2' title="bbox 391 359 1836 481">
     <span class='ocr_line' id='line_1_2' title="bbox 391 359 1836 421; baseline 0.007 -22"><span class='ocrx_word' id='word_1_3' title='bbox 391 359 483 400; x_wconf 84' lang='lat' dir='ltr'><strong>vela</strong></span> <span class='ocrx_word' id='word_1_4' title='bbox 503 359 706 414; x_wconf 75' lang='lat' dir='ltr'><strong>phaselus</strong></span> <span class='ocrx_word' id='word_1_5' title='bbox 727 375 837 414; x_wconf 83' lang='lat' dir='ltr'><strong>aqua</strong></span> <span class='ocrx_word' id='word_1_6' title='bbox 852 392 862 412; x_wconf 90' lang='lat'>,</span> <span class='ocrx_word' id='word_1_7' title='bbox 884 359 1004 410; x_wconf 77' lang='lat' dir='ltr'><em>Quod</em></span> <span class='ocrx_word' id='word_1_8' title='bbox 1021 376 1145 415; x_wconf 76' lang='lat' dir='ltr'><strong>super</strong></span> <span class='ocrx_word' id='word_1_9' title='bbox 1175 371 1257 414; x_wconf 86' lang='lat' dir='ltr'><strong>est,</strong></span> <span class='ocrx_word' id='word_1_10' title='bbox 1279 365 1450 418; x_wconf 79' lang='lat' dir='ltr'><strong>sufferre</strong></span> <span class='ocrx_word' id='word_1_11' title='bbox 1464 365 1592 420; x_wconf 77' lang='lat' dir='ltr'><strong>pedes</strong></span> <span class='ocrx_word' id='word_1_12' title='bbox 1613 375 1836 421; x_wconf 77' lang='lat' dir='ltr'><strong>properate</strong></span> 
     </span>
     <span class='ocr_line' id='line_1_3' title="bbox 393 424 1835 481; baseline 0.007 -16"><span class='ocrx_word' id='word_1_13' title='bbox 393 424 595 467; x_wconf 81' lang='lat' dir='ltr'><strong>laborem.</strong></span> <span class='ocrx_word' id='word_1_14' title='bbox 616 426 691 466; x_wconf 74' lang='lat' dir='ltr'><strong>ubi</strong></span> <span class='ocrx_word' id='word_1_15' title='bbox 702 426 906 481; x_wconf 74' lang='lat' dir='ltr'><strong>ferantur</strong></span> <span class='ocrx_word' id='word_1_16' title='bbox 927 429 1066 467; x_wconf 82' lang='lat' dir='ltr'><strong>autem</strong></span> <span class='ocrx_word' id='word_1_17' title='bbox 1087 428 1391 470; x_wconf 87' lang='lat' dir='ltr'><strong>coniunctivum</strong></span> <span class='ocrx_word' id='word_1_18' title='bbox 1412 431 1454 472; x_wconf 92' lang='lat' dir='ltr'><strong>in</strong></span> <span class='ocrx_word' id='word_1_19' title='bbox 1485 432 1669 474; x_wconf 88' lang='lat' dir='ltr'><strong>membro</strong></span> <span class='ocrx_word' id='word_1_20' title='bbox 1691 433 1744 474; x_wconf 87' lang='lat' dir='ltr'><strong>ab</strong></span> <span class='ocrx_word' id='word_1_21' title='bbox 1776 434 1835 475; x_wconf 91' lang='lat' dir='ltr'><strong>in-</strong></span> 
     </span>
    </p>
   </div>
   <div class='ocr_carea' id='block_1_3' title="bbox 352 491 1835 3015">
    <p class='ocr_par' dir='ltr' id='par_1_3' title="bbox 352 491 1835 3015">
     <span class='ocr_line' id='line_1_4' title="bbox 390 491 1834 550; baseline 0.007 -19"><span class='ocrx_word' id='word_1_22' title='bbox 390 491 676 543; x_wconf 85' lang='lat' dir='ltr'><strong>terrogatione</strong></span> <span class='ocrx_word' id='word_1_23' title='bbox 696 491 904 545; x_wconf 81' lang='lat' dir='ltr'>pendente</span> <span class='ocrx_word' id='word_1_24' title='bbox 925 492 1061 534; x_wconf 82' lang='lat' dir='ltr'><strong>locum</strong></span> <span class='ocrx_word' id='word_1_25' title='bbox 1093 492 1249 537; x_wconf 85' lang='lat' dir='ltr'><strong>habere</strong></span> <span class='ocrx_word' id='word_1_26' title='bbox 1270 497 1363 548; x_wconf 81' lang='lat' dir='ltr'><strong>quis</strong></span> <span class='ocrx_word' id='word_1_27' title='bbox 1384 501 1511 550; x_wconf 86' lang='lat' dir='ltr'><strong>neget</strong></span> <span class='ocrx_word' id='word_1_28' title='bbox 1525 497 1546 538; x_wconf 60' lang='grc' dir='ltr'><strong>*Ρ</strong></span> <span class='ocrx_word' id='word_1_29' title='bbox 1566 503 1607 540; x_wconf 93' lang='lat' dir='ltr'><strong>et</strong></span> <span class='ocrx_word' id='word_1_30' title='bbox 1635 499 1834 540; x_wconf 81' lang='lat' dir='ltr'><strong>simillimi</strong></span> 
     </span>
     <span class='ocr_line' id='line_1_5' title="bbox 390 558 1834 612; baseline 0.006 -14"><span class='ocrx_word' id='word_1_31' title='bbox 390 562 486 599; x_wconf 85' lang='lat' dir='ltr'><strong>sunt</strong></span> <span class='ocrx_word' id='word_1_32' title='bbox 515 558 543 599; x_wconf 93' lang='lat' dir='ltr'><strong>ii</strong></span> <span class='ocrx_word' id='word_1_33' title='bbox 575 558 825 600; x_wconf 83' lang='lat' dir='ltr'><strong>coniunctivi</strong></span> <span class='ocrx_word' id='word_1_34' title='bbox 856 572 960 612; x_wconf 88' lang='lat' dir='ltr'><strong>quos</strong></span> <span class='ocrx_word' id='word_1_35' title='bbox 983 558 1182 601; x_wconf 84' lang='lat' dir='ltr'><strong>habemus</strong></span> <span class='ocrx_word' id='word_1_36' title='bbox 1203 561 1246 602; x_wconf 92' lang='lat' dir='ltr'><strong>in</strong></span> <span class='ocrx_word' id='word_1_37' title='bbox 1275 561 1371 604; x_wconf 85' lang='lat' dir='ltr'><strong>libri</strong></span> <span class='ocrx_word' id='word_1_38' title='bbox 1392 577 1439 603; x_wconf 94' lang='lat'><strong>111</strong></span> <span class='ocrx_word' id='word_1_39' title='bbox 1467 577 1590 606; x_wconf 89' lang='lat' dir='ltr'><strong>versu</strong></span> <span class='ocrx_word' id='word_1_40' title='bbox 1618 565 1698 608; x_wconf 82' lang='lat'><strong>507</strong></span> <span class='ocrx_word' id='word_1_41' title='bbox 1731 566 1834 607; x_wconf 90' lang='lat' dir='ltr'><strong>etin</strong></span> 
     </span>
     <span class='ocr_line' id='line_1_6' title="bbox 389 624 1834 686; baseline 0.006 -21"><span class='ocrx_word' id='word_1_42' title='bbox 389 638 431 663; x_wconf 88' lang='lat' dir='ltr'><strong>V1</strong></span> <span class='ocrx_word' id='word_1_43' title='bbox 451 624 531 666; x_wconf 87' lang='lat'><strong>855</strong></span> <span class='ocrx_word' id='word_1_44' title='bbox 549 657 557 666; x_wconf 91' lang='lat'><em>.</em></span> <span class='ocrx_word' id='word_1_45' title='bbox 580 629 791 679; x_wconf 86' lang='lat' dir='ltr'><strong>postremo</strong></span> <span class='ocrx_word' id='word_1_46' title='bbox 814 626 952 676; x_wconf 71' lang='lat' dir='ltr'><strong>Quone</strong></span> <span class='ocrx_word' id='word_1_47' title='bbox 981 627 1102 667; x_wconf 81' lang='lat' dir='ltr'><strong>citius</strong></span> <span class='ocrx_word' id='word_1_48' title='bbox 1132 637 1226 669; x_wconf 77' lang='lat' dir='ltr'><strong>eunt</strong></span> <span class='ocrx_word' id='word_1_49' title='bbox 1245 629 1475 672; x_wconf 81' lang='lat' dir='ltr'><strong>rectissime</strong></span> <span class='ocrx_word' id='word_1_50' title='bbox 1496 630 1648 672; x_wconf 82' lang='lat' dir='ltr'><strong>dictum</strong></span> <span class='ocrx_word' id='word_1_51' title='bbox 1678 635 1767 686; x_wconf 83' lang='lat' dir='ltr'><strong>est,</strong></span> <span class='ocrx_word' id='word_1_52' title='bbox 1788 636 1834 674; x_wconf 84' lang='lat' dir='ltr'><strong>ut</strong></span> 
     </span>
     <span class='ocr_line' id='line_1_7' title="bbox 388 691 1833 750; baseline 0.006 -18"><span class='ocrx_word' id='word_1_53' title='bbox 388 691 490 732; x_wconf 91' lang='lat' dir='ltr'><strong>nihil</strong></span> <span class='ocrx_word' id='word_1_54' title='bbox 527 705 632 746; x_wconf 86' lang='lat' dir='ltr'><strong>opus</strong></span> <span class='ocrx_word' id='word_1_55' title='bbox 668 692 720 733; x_wconf 89' lang='lat' dir='ltr'><strong>sit</strong></span> <span class='ocrx_word' id='word_1_56' title='bbox 755 692 901 734; x_wconf 75' lang='lat' dir='ltr'><strong>Nonne</strong></span> <span class='ocrx_word' id='word_1_57' title='bbox 935 692 1116 735; x_wconf 86' lang='lat' dir='ltr'><strong>seribere</strong></span> <span class='ocrx_word' id='word_1_58' title='bbox 1161 707 1253 735; x_wconf 83' lang='lat' dir='ltr'><strong>eum</strong></span> <span class='ocrx_word' id='word_1_59' title='bbox 1298 700 1530 738; x_wconf 82' lang='lat' dir='ltr'><strong>correctore</strong></span> <span class='ocrx_word' id='word_1_60' title='bbox 1564 697 1755 750; x_wconf 84' lang='lat' dir='ltr'><strong>quadrati</strong></span> <span class='ocrx_word' id='word_1_61' title='bbox 1792 703 1833 741; x_wconf 90' lang='lat' dir='ltr'><strong>et</strong></span> 
     </span>
     <span class='ocr_line' id='line_1_8' title="bbox 388 757 1830 819; baseline 0.006 -21"><span class='ocrx_word' id='word_1_62' title='bbox 388 757 591 812; x_wconf 87' lang='lat' dir='ltr'><strong>Marullo;</strong></span> <span class='ocrx_word' id='word_1_63' title='bbox 615 757 726 813; x_wconf 90' lang='lat' dir='ltr'><strong>quod</strong></span> <span class='ocrx_word' id='word_1_64' title='bbox 757 758 799 799; x_wconf 88' lang='lat' dir='ltr'><strong>in</strong></span> <span class='ocrx_word' id='word_1_65' title='bbox 831 758 1015 812; x_wconf 89' lang='lat' dir='ltr'><strong>oblongo</strong></span> <span class='ocrx_word' id='word_1_66' title='bbox 1046 759 1164 814; x_wconf 91' lang='lat' dir='ltr'><strong>solo,</strong></span> <span class='ocrx_word' id='word_1_67' title='bbox 1188 765 1284 803; x_wconf 86' lang='lat' dir='ltr'><strong>ante</strong></span> <span class='ocrx_word' id='word_1_68' title='bbox 1313 775 1437 815; x_wconf 85' lang='lat' dir='ltr'><strong>quam</strong></span> <span class='ocrx_word' id='word_1_69' title='bbox 1466 763 1502 804; x_wconf 89' lang='lat' dir='ltr'><strong>is</strong></span> <span class='ocrx_word' id='word_1_70' title='bbox 1529 764 1830 819; x_wconf 81' lang='lat' dir='ltr'><strong>corrigeretur,</strong></span> 
     </span>
     <span class='ocr_line' id='line_1_9' title="bbox 389 825 1830 884; baseline 0.005 -18"><span class='ocrx_word' id='word_1_71' title='bbox 389 825 464 866; x_wconf 87' lang='lat' dir='ltr'><strong>fuit</strong></span> <span class='ocrx_word' id='word_1_72' title='bbox 485 825 572 876; x_wconf 76' lang='lat' dir='ltr'><strong>Quo</strong></span> <span class='ocrx_word' id='word_1_73' title='bbox 592 842 721 881; x_wconf 76' lang='lat' dir='ltr'><strong>neque</strong></span> <span class='ocrx_word' id='word_1_74' title='bbox 738 857 747 867; x_wconf 91' lang='lat'><strong>.</strong></span> <span class='ocrx_word' id='word_1_75' title='bbox 771 826 1054 876; x_wconf 80' lang='lat' dir='ltr'><strong>Quintilianus</strong></span> <span class='ocrx_word' id='word_1_76' title='bbox 1074 826 1116 867; x_wconf 89' lang='lat' dir='ltr'><strong>in</strong></span> <span class='ocrx_word' id='word_1_77' title='bbox 1137 841 1163 878; x_wconf 88' lang='lat'><strong>1,</strong></span> <span class='ocrx_word' id='word_1_78' title='bbox 1186 828 1246 882; x_wconf 85' lang='lat'><strong>10,</strong></span> <span class='ocrx_word' id='word_1_79' title='bbox 1265 828 1290 869; x_wconf 86' lang='lat'><strong>3</strong></span> <span class='ocrx_word' id='word_1_80' title='bbox 1322 837 1394 870; x_wconf 83' lang='lat' dir='ltr'><strong>aut</strong></span> <span class='ocrx_word' id='word_1_81' title='bbox 1413 844 1491 884; x_wconf 78' lang='lat' dir='ltr'><strong>quo</strong></span> <span class='ocrx_word' id='word_1_82' title='bbox 1516 830 1662 872; x_wconf 82' lang='lat' dir='ltr'><strong>melius</strong></span> <span class='ocrx_word' id='word_1_83' title='bbox 1681 831 1747 873; x_wconf 81' lang='lat' dir='ltr'><strong>vel</strong></span> <span class='ocrx_word' id='word_1_84' title='bbox 1764 831 1830 873; x_wconf 82' lang='lat' dir='ltr'><strong>de-</strong></span> 
     </span>
     <span class='ocr_line' id='line_1_10' title="bbox 374 891 1832 950; baseline 0.005 -18"><span class='ocrx_word' id='word_1_85' title='bbox 374 891 525 947; x_wconf 73' lang='lat' dir='ltr'><strong>fendet</strong></span> <span class='ocrx_word' id='word_1_86' title='bbox 544 908 658 934; x_wconf 74' lang='lat' dir='ltr'><strong>reum</strong></span> <span class='ocrx_word' id='word_1_87' title='bbox 681 893 746 935; x_wconf 82' lang='lat' dir='ltr'><strong>vel</strong></span> <span class='ocrx_word' id='word_1_88' title='bbox 763 902 874 949; x_wconf 67' lang='lat' dir='ltr'><strong>reqet</strong></span> <span class='ocrx_word' id='word_1_89' title='bbox 894 895 1068 936; x_wconf 75' lang='lat' dir='ltr'><strong>consilia</strong></span> <span class='ocrx_word' id='word_1_90' title='bbox 1098 896 1174 950; x_wconf 80' lang='lat' dir='ltr'><strong>qui</strong></span> <span class='ocrx_word' id='word_1_91' title='bbox 1190 896 1372 936; x_wconf 74' lang='lat' dir='ltr'><strong>citharae</strong></span> <span class='ocrx_word' id='word_1_92' title='bbox 1399 911 1519 938; x_wconf 78' lang='lat' dir='ltr'><strong>sonos</strong></span> <span class='ocrx_word' id='word_1_93' title='bbox 1537 897 1767 939; x_wconf 74' lang='lat' dir='ltr'><strong>nominibus</strong></span> <span class='ocrx_word' id='word_1_94' title='bbox 1795 907 1832 940; x_wconf 87' lang='lat' dir='ltr'><strong>et</strong></span> 
     </span>
     <span class='ocr_line' id='line_1_11' title="bbox 386 959 1830 1019; baseline 0.006 -21"><span class='ocrx_word' id='word_1_95' title='bbox 386 960 534 1013; x_wconf 61' lang='lat' dir='ltr'><strong>spatiis</strong></span> <span class='ocrx_word' id='word_1_96' title='bbox 555 959 792 1001; x_wconf 74' lang='lat' dir='ltr'><strong>distinoeerit</strong></span> <span class='ocrx_word' id='word_1_97' title='bbox 812 961 830 1000; x_wconf 66' lang='lat' dir='ltr'><strong>‚P</strong></span> <span class='ocrx_word' id='word_1_98' title='bbox 854 959 933 1019; x_wconf 75' lang='lat' dir='ltr'><strong>lioc</strong></span> <span class='ocrx_word' id='word_1_99' title='bbox 954 960 1120 1002; x_wconf 84' lang='lat' dir='ltr'><strong>dicendi</strong></span> <span class='ocrx_word' id='word_1_100' title='bbox 1141 975 1275 1014; x_wconf 83' lang='lat' dir='ltr'><strong>genus</strong></span> <span class='ocrx_word' id='word_1_101' title='bbox 1296 962 1557 1016; x_wconf 85' lang='lat' dir='ltr'><strong>Propertium</strong></span> <span class='ocrx_word' id='word_1_102' title='bbox 1578 963 1727 1006; x_wconf 86' lang='lat' dir='ltr'><strong>decere</strong></span> <span class='ocrx_word' id='word_1_103' title='bbox 1747 964 1830 1006; x_wconf 87' lang='lat' dir='ltr'><strong>exi-</strong></span> 
     </span>
     <span class='ocr_line' id='line_1_12' title="bbox 385 1025 1829 1085; baseline 0.004 -19"><span class='ocrx_word' id='word_1_104' title='bbox 385 1025 617 1083; x_wconf 66' lang='lat' dir='ltr'><strong>stimabam⁸</strong></span> <span class='ocrx_word' id='word_1_105' title='bbox 630 1026 671 1068; x_wconf 89' lang='lat' dir='ltr'><strong>in</strong></span> <span class='ocrx_word' id='word_1_106' title='bbox 693 1026 867 1068; x_wconf 82' lang='lat' dir='ltr'><strong>disticho</strong></span> <span class='ocrx_word' id='word_1_107' title='bbox 885 1027 940 1068; x_wconf 85' lang='lat' dir='ltr'><strong>ad</strong></span> <span class='ocrx_word' id='word_1_108' title='bbox 956 1027 1233 1070; x_wconf 82' lang='lat' dir='ltr'><strong>imitationem</strong></span> <span class='ocrx_word' id='word_1_109' title='bbox 1254 1029 1454 1070; x_wconf 86' lang='lat' dir='ltr'><strong>orationis</strong></span> <span class='ocrx_word' id='word_1_110' title='bbox 1471 1029 1649 1071; x_wconf 88' lang='lat' dir='ltr'><strong>Lucretii</strong></span> <span class='ocrx_word' id='word_1_111' title='bbox 1665 1042 1829 1085; x_wconf 86' lang='lat' dir='ltr'><strong>compo-</strong></span> 
     </span>
     <span class='ocr_line' id='line_1_13' title="bbox 384 1091 1828 1152; baseline 0.006 -21"><span class='ocrx_word' id='word_1_112' title='bbox 384 1091 464 1132; x_wconf 87' lang='lat' dir='ltr'><strong>sito</strong></span> <span class='ocrx_word' id='word_1_113' title='bbox 483 1123 492 1144; x_wconf 95' lang='lat'>,</span> <span class='ocrx_word' id='word_1_114' title='bbox 515 1106 542 1145; x_wconf 92' lang='lat'><strong>1,</strong></span> <span class='ocrx_word' id='word_1_115' title='bbox 559 1092 597 1146; x_wconf 95' lang='grc'><strong>2,</strong></span> <span class='ocrx_word' id='word_1_116' title='bbox 615 1093 666 1147; x_wconf 90' lang='grc'><strong>9,</strong></span> <span class='ocrx_word' id='word_1_117' title='bbox 689 1093 759 1134; x_wconf 93' lang='lat' dir='ltr'><strong>ubi</strong></span> <span class='ocrx_word' id='word_1_118' title='bbox 781 1109 860 1148; x_wconf 81' lang='lat' dir='ltr'><strong>quo</strong></span> <span class='ocrx_word' id='word_1_119' title='bbox 889 1094 1035 1135; x_wconf 81' lang='lat' dir='ltr'><strong>melius</strong></span> <span class='ocrx_word' id='word_1_120' title='bbox 1055 1095 1202 1149; x_wconf 83' lang='lat' dir='ltr'><strong>scripsi</strong></span> <span class='ocrx_word' id='word_1_121' title='bbox 1222 1128 1231 1149; x_wconf 95' lang='lat'>,</span> <span class='ocrx_word' id='word_1_122' title='bbox 1254 1109 1344 1137; x_wconf 88' lang='lat' dir='ltr'><strong>cum</strong></span> <span class='ocrx_word' id='word_1_123' title='bbox 1375 1095 1470 1137; x_wconf 87' lang='lat' dir='ltr'><strong>h’bri</strong></span> <span class='ocrx_word' id='word_1_124' title='bbox 1492 1095 1674 1138; x_wconf 85' lang='lat' dir='ltr'><strong>habeant</strong></span> <span class='ocrx_word' id='word_1_125' title='bbox 1703 1113 1828 1152; x_wconf 79' lang='lat' dir='ltr'><strong>quos,</strong></span> 
     </span>
     <span class='ocr_line' id='line_1_14' title="bbox 385 1157 1830 1217; baseline 0.005 -19"><span class='ocrx_word' id='word_1_126' title='bbox 385 1157 538 1212; x_wconf 76' lang='lat' dir='ltr'><strong>Aspice</strong></span> <span class='ocrx_word' id='word_1_127' title='bbox 569 1175 647 1214; x_wconf 78' lang='lat' dir='ltr'><strong>quo</strong></span> <span class='ocrx_word' id='word_1_128' title='bbox 667 1161 881 1201; x_wconf 81' lang='lat' dir='ltr'><strong>summittit</strong></span> <span class='ocrx_word' id='word_1_129' title='bbox 910 1159 1069 1214; x_wconf 89' lang='lat' dir='ltr'><strong>(potius</strong></span> <span class='ocrx_word' id='word_1_130' title='bbox 1090 1163 1332 1213; x_wconf 81' lang='lat' dir='ltr'><strong>summittat)</strong></span> <span class='ocrx_word' id='word_1_131' title='bbox 1364 1162 1510 1204; x_wconf 75' lang='lat' dir='ltr'><strong>hamus</strong></span> <span class='ocrx_word' id='word_1_132' title='bbox 1517 1163 1710 1217; x_wconf 81' lang='lat' dir='ltr'><strong>formosa</strong></span> <span class='ocrx_word' id='word_1_133' title='bbox 1729 1164 1830 1205; x_wconf 80' lang='lat' dir='ltr'><strong>colo-</strong></span> 
     </span>
     <span class='ocr_line' id='line_1_15' title="bbox 382 1225 1828 1283; baseline 0.006 -18"><span class='ocrx_word' id='word_1_134' title='bbox 382 1240 449 1266; x_wconf 76' lang='lat' dir='ltr'><strong>res</strong></span> <span class='ocrx_word' id='word_1_135' title='bbox 464 1225 520 1266; x_wconf 83' lang='lat' dir='ltr'><strong>Et</strong></span> <span class='ocrx_word' id='word_1_136' title='bbox 535 1227 700 1267; x_wconf 80' lang='lat' dir='ltr'><strong>veniant</strong></span> <span class='ocrx_word' id='word_1_137' title='bbox 715 1226 888 1269; x_wconf 76' lang='lat' dir='ltr'><strong>hederae</strong></span> <span class='ocrx_word' id='word_1_138' title='bbox 903 1236 1042 1282; x_wconf 73' lang='lat' dir='ltr'><strong>sponte</strong></span> <span class='ocrx_word' id='word_1_139' title='bbox 1057 1243 1133 1269; x_wconf 78' lang='lat' dir='ltr'><strong>sua</strong></span> <span class='ocrx_word' id='word_1_140' title='bbox 1149 1229 1295 1270; x_wconf 82' lang='lat' dir='ltr'><strong>melius</strong></span> <span class='ocrx_word' id='word_1_141' title='bbox 1309 1245 1324 1283; x_wconf 74' lang='lat'>5</span> <span class='ocrx_word' id='word_1_142' title='bbox 1338 1229 1451 1282; x_wconf 90' lang='lat' dir='ltr'><strong>quod</strong></span> <span class='ocrx_word' id='word_1_143' title='bbox 1468 1229 1766 1283; x_wconf 80' lang='lat' dir='ltr'><strong>Hertzbergius</strong></span> <span class='ocrx_word' id='word_1_144' title='bbox 1783 1243 1828 1273; x_wconf 85' lang='lat' dir='ltr'><strong>se</strong></span> 
     </span>
     <span class='ocr_line' id='line_1_16' title="bbox 383 1290 1828 1347; baseline 0.006 -16"><span class='ocrx_word' id='word_1_145' title='bbox 383 1290 628 1345; x_wconf 84' lang='lat' dir='ltr'><strong>intellegere</strong></span> <span class='ocrx_word' id='word_1_146' title='bbox 659 1294 863 1347; x_wconf 81' lang='lat' dir='ltr'><strong>negavit.</strong></span> <span class='ocrx_word' id='word_1_147' title='bbox 894 1297 937 1335; x_wconf 88' lang='lat' dir='ltr'><strong>at</strong></span> <span class='ocrx_word' id='word_1_148' title='bbox 975 1306 1054 1347; x_wconf 87' lang='lat' dir='ltr'><strong>ego</strong></span> <span class='ocrx_word' id='word_1_149' title='bbox 1087 1294 1270 1337; x_wconf 84' lang='lat' dir='ltr'><strong>vicissim</strong></span> <span class='ocrx_word' id='word_1_150' title='bbox 1300 1295 1378 1337; x_wconf 88' lang='lat' dir='ltr'><strong>viri</strong></span> <span class='ocrx_word' id='word_1_151' title='bbox 1409 1296 1636 1339; x_wconf 82' lang='lat' dir='ltr'><strong>doctissimi</strong></span> <span class='ocrx_word' id='word_1_152' title='bbox 1665 1300 1828 1339; x_wconf 86' lang='lat' dir='ltr'><strong>seuten-</strong></span> 
     </span>
     <span class='ocr_line' id='line_1_17' title="bbox 380 1358 1825 1418; baseline 0.005 -19"><span class='ocrx_word' id='word_1_153' title='bbox 380 1358 481 1400; x_wconf 86' lang='lat' dir='ltr'><strong>tiam</strong></span> <span class='ocrx_word' id='word_1_154' title='bbox 503 1358 656 1414; x_wconf 91' lang='lat' dir='ltr'><strong>miror,</strong></span> <span class='ocrx_word' id='word_1_155' title='bbox 680 1361 752 1413; x_wconf 93' lang='lat' dir='ltr'><strong>qui</strong></span> <span class='ocrx_word' id='word_1_156' title='bbox 774 1360 978 1415; x_wconf 86' lang='lat' dir='ltr'><strong>Propertii</strong></span> <span class='ocrx_word' id='word_1_157' title='bbox 1000 1361 1130 1403; x_wconf 85' lang='lat' dir='ltr'><strong>verba</strong></span> <span class='ocrx_word' id='word_1_158' title='bbox 1159 1362 1219 1404; x_wconf 86' lang='lat' dir='ltr'><strong>ita</strong></span> <span class='ocrx_word' id='word_1_159' title='bbox 1248 1363 1542 1418; x_wconf 86' lang='lat' dir='ltr'><strong>interpretetur</strong></span> <span class='ocrx_word' id='word_1_160' title='bbox 1562 1367 1607 1405; x_wconf 93' lang='lat' dir='ltr'><strong>ut</strong></span> <span class='ocrx_word' id='word_1_161' title='bbox 1635 1363 1825 1406; x_wconf 77' lang='lat' dir='ltr'><strong>hederam</strong></span> 
     </span>
     <span class='ocr_line' id='line_1_18' title="bbox 382 1426 1825 1485; baseline 0.005 -19"><span class='ocrx_word' id='word_1_162' title='bbox 382 1430 422 1467; x_wconf 87' lang='lat' dir='ltr'><strong>et</strong></span> <span class='ocrx_word' id='word_1_163' title='bbox 452 1427 643 1468; x_wconf 71' lang='lat' dir='ltr'><strong>arbatum</strong></span> <span class='ocrx_word' id='word_1_164' title='bbox 663 1426 772 1468; x_wconf 88' lang='lat' dir='ltr'><strong>inter</strong></span> <span class='ocrx_word' id='word_1_165' title='bbox 792 1427 971 1482; x_wconf 80' lang='lat' dir='ltr'><strong>colores,</strong></span> <span class='ocrx_word' id='word_1_166' title='bbox 995 1426 1038 1468; x_wconf 91' lang='lat' dir='ltr'><strong>id</strong></span> <span class='ocrx_word' id='word_1_167' title='bbox 1069 1431 1131 1469; x_wconf 84' lang='lat' dir='ltr'><strong>est</strong></span> <span class='ocrx_word' id='word_1_168' title='bbox 1151 1429 1258 1471; x_wconf 89' lang='lat' dir='ltr'><strong>inter</strong></span> <span class='ocrx_word' id='word_1_169' title='bbox 1283 1428 1406 1472; x_wconf 86' lang='lat' dir='ltr'><strong>flores</strong></span> <span class='ocrx_word' id='word_1_170' title='bbox 1428 1430 1637 1472; x_wconf 84' lang='lat' dir='ltr'><strong>coloratos</strong></span> <span class='ocrx_word' id='word_1_171' title='bbox 1653 1444 1825 1485; x_wconf 91' lang='lat' dir='ltr'><strong>,·nume-</strong></span> 
     </span>
     <span class='ocr_line' id='line_1_19' title="bbox 379 1492 1825 1551; baseline 0.004 -17"><span class='ocrx_word' id='word_1_172' title='bbox 379 1505 498 1534; x_wconf 88' lang='lat' dir='ltr'><strong>rasse</strong></span> <span class='ocrx_word' id='word_1_173' title='bbox 527 1492 753 1535; x_wconf 86' lang='lat' dir='ltr'><strong>videatur:</strong></span> <span class='ocrx_word' id='word_1_174' title='bbox 786 1492 884 1535; x_wconf 86' lang='lat' dir='ltr'><strong>dicit</strong></span> <span class='ocrx_word' id='word_1_175' title='bbox 915 1494 1025 1535; x_wconf 91' lang='lat' dir='ltr'><strong>enim</strong></span> <span class='ocrx_word' id='word_1_176' title='bbox 1054 1493 1224 1549; x_wconf 74' lang='lat' dir='ltr'><strong>eAspice</strong></span> <span class='ocrx_word' id='word_1_177' title='bbox 1260 1496 1422 1539; x_wconf 88' lang='lat' dir='ltr'><strong>colores</strong></span> <span class='ocrx_word' id='word_1_178' title='bbox 1452 1509 1557 1551; x_wconf 88' lang='lat' dir='ltr'><strong>quos</strong></span> <span class='ocrx_word' id='word_1_179' title='bbox 1591 1501 1704 1540; x_wconf 86' lang='lat' dir='ltr'><strong>terra</strong></span> <span class='ocrx_word' id='word_1_180' title='bbox 1732 1499 1825 1540; x_wconf 86' lang='lat' dir='ltr'><strong>sub-</strong></span> 
     </span>
     <span class='ocr_line' id='line_1_20' title="bbox 378 1559 1608 1615; baseline 0.006 -15"><span class='ocrx_word' id='word_1_181' title='bbox 378 1559 528 1600; x_wconf 89' lang='lat' dir='ltr'><strong>mittit:</strong></span> <span class='ocrx_word' id='word_1_182' title='bbox 550 1560 634 1601; x_wconf 86' lang='lat' dir='ltr'><strong>iam</strong></span> <span class='ocrx_word' id='word_1_183' title='bbox 664 1559 828 1602; x_wconf 86' lang='lat' dir='ltr'><strong>videbis</strong></span> <span class='ocrx_word' id='word_1_184' title='bbox 858 1564 904 1602; x_wconf 93' lang='lat' dir='ltr'><strong>ut</strong></span> <span class='ocrx_word' id='word_1_185' title='bbox 933 1565 1082 1615; x_wconf 90' lang='lat' dir='ltr'><strong>sponte</strong></span> <span class='ocrx_word' id='word_1_186' title='bbox 1113 1575 1192 1604; x_wconf 86' lang='lat' dir='ltr'><strong>sua</strong></span> <span class='ocrx_word' id='word_1_187' title='bbox 1221 1564 1370 1606; x_wconf 90' lang='lat' dir='ltr'><strong>melius</strong></span> <span class='ocrx_word' id='word_1_188' title='bbox 1400 1564 1573 1606; x_wconf 86' lang='lat' dir='ltr'><strong>veniant</strong></span> <span class='ocrx_word' id='word_1_189' title='bbox 1587 1564 1608 1606; x_wconf 90' lang='lat'><strong>.’</strong></span> 
     </span>
     <span class='ocr_line' id='line_1_21' title="bbox 490 1625 1823 1685; baseline 0.005 -18"><span class='ocrx_word' id='word_1_190' title='bbox 490 1626 584 1668; x_wconf 84' lang='lat'>210.</span> <span class='ocrx_word' id='word_1_191' title='bbox 615 1625 757 1676; x_wconf 65' lang='lat' dir='ltr'><strong>QUAM</strong></span> <span class='ocrx_word' id='word_1_192' title='bbox 801 1641 974 1668; x_wconf 67' lang='lat' dir='ltr'><strong>onnam</strong></span> <span class='ocrx_word' id='word_1_193' title='bbox 1011 1642 1182 1669; x_wconf 79' lang='grc' dir='ltr'>ΜοΤυΜ</span> <span class='ocrx_word' id='word_1_194' title='bbox 1204 1661 1213 1671; x_wconf 92' lang='grc'><strong>.</strong></span> <span class='ocrx_word' id='word_1_195' title='bbox 1246 1630 1510 1673; x_wconf 86' lang='lat' dir='ltr'><strong>Correctores</strong></span> <span class='ocrx_word' id='word_1_196' title='bbox 1546 1631 1823 1685; x_wconf 87' lang='lat' dir='ltr'><strong>antiquissimi</strong></span> 
     </span>
     <span class='ocr_line' id='line_1_22' title="bbox 378 1705 534 1733; baseline 0.006 -1"><span class='ocrx_word' id='word_1_197' title='bbox 378 1705 534 1733; x_wconf 74' lang='grc' dir='ltr'>Μοτυ.</span> 
     </span>
     <span class='ocr_line' id='line_1_23' title="bbox 488 1759 1821 1818; baseline 0.005 -18"><span class='ocrx_word' id='word_1_198' title='bbox 488 1759 581 1800; x_wconf 90' lang='grc'><strong>211.</strong></span> <span class='ocrx_word' id='word_1_199' title='bbox 615 1773 700 1801; x_wconf 77' lang='lat' dir='ltr'><strong>sun</strong></span> <span class='ocrx_word' id='word_1_200' title='bbox 722 1774 806 1801; x_wconf 81' lang='lat' dir='ltr'><strong>nm</strong></span> <span class='ocrx_word' id='word_1_201' title='bbox 838 1774 1084 1802; x_wconf 68' lang='lat' dir='ltr'><strong>srnnsnon</strong></span> <span class='ocrx_word' id='word_1_202' title='bbox 1104 1776 1261 1808; x_wconf 76' lang='lat' dir='ltr'><strong>AQUA.</strong></span> <span class='ocrx_word' id='word_1_203' title='bbox 1286 1763 1505 1806; x_wconf 85' lang='lat' dir='ltr'><strong>Correetor</strong></span> <span class='ocrx_word' id='word_1_204' title='bbox 1534 1763 1727 1818; x_wconf 83' lang='lat' dir='ltr'><strong>quadrati</strong></span> <span class='ocrx_word' id='word_1_205' title='bbox 1748 1766 1821 1806; x_wconf 83' lang='lat' dir='ltr'><strong>sub</strong></span> 
     </span>
     <span class='ocr_line' id='line_1_24' title="bbox 352 1825 1821 1885; baseline 0.005 -20"><span class='ocrx_word' id='word_1_206' title='bbox 352 1825 470 1867; x_wconf 78' lang='lat' dir='ltr'><strong>divo</strong></span> <span class='ocrx_word' id='word_1_207' title='bbox 500 1830 540 1868; x_wconf 93' lang='lat' dir='ltr'><strong>et</strong></span> <span class='ocrx_word' id='word_1_208' title='bbox 570 1828 724 1882; x_wconf 81' lang='lat' dir='ltr'><strong>aquai.</strong></span> <span class='ocrx_word' id='word_1_209' title='bbox 745 1828 819 1868; x_wconf 80' lang='lat' dir='ltr'><strong>sub</strong></span> <span class='ocrx_word' id='word_1_210' title='bbox 849 1827 922 1869; x_wconf 80' lang='lat' dir='ltr'><strong>diu</strong></span> <span class='ocrx_word' id='word_1_211' title='bbox 959 1828 1154 1870; x_wconf 81' lang='lat' dir='ltr'><strong>scribitur</strong></span> <span class='ocrx_word' id='word_1_212' title='bbox 1189 1829 1303 1884; x_wconf 84' lang='lat' dir='ltr'><strong>apud</strong></span> <span class='ocrx_word' id='word_1_213' title='bbox 1333 1830 1549 1885; x_wconf 85' lang='lat' dir='ltr'><strong>Plautum,</strong></span> <span class='ocrx_word' id='word_1_214' title='bbox 1573 1831 1642 1884; x_wconf 92' lang='lat' dir='ltr'><strong>qui</strong></span> <span class='ocrx_word' id='word_1_215' title='bbox 1678 1843 1728 1873; x_wconf 91' lang='lat' dir='ltr'><strong>eo</strong></span> <span class='ocrx_word' id='word_1_216' title='bbox 1758 1845 1821 1874; x_wconf 86' lang='lat' dir='ltr'><strong>se-</strong></span> 
     </span>
     <span class='ocr_line' id='line_1_25' title="bbox 375 1892 1820 1951; baseline 0.004 -18"><span class='ocrx_word' id='word_1_217' title='bbox 375 1892 457 1934; x_wconf 92' lang='lat' dir='ltr'><strong>mel</strong></span> <span class='ocrx_word' id='word_1_218' title='bbox 487 1906 587 1934; x_wconf 88' lang='lat' dir='ltr'><strong>usus</strong></span> <span class='ocrx_word' id='word_1_219' title='bbox 609 1897 698 1948; x_wconf 86' lang='lat' dir='ltr'><strong>est,</strong></span> <span class='ocrx_word' id='word_1_220' title='bbox 719 1893 762 1934; x_wconf 91' lang='lat' dir='ltr'><strong>in</strong></span> <span class='ocrx_word' id='word_1_221' title='bbox 783 1907 908 1936; x_wconf 85' lang='lat' dir='ltr'><strong>versu</strong></span> <span class='ocrx_word' id='word_1_222' title='bbox 929 1895 1122 1936; x_wconf 88' lang='lat' dir='ltr'><strong>mutilato</strong></span> <span class='ocrx_word' id='word_1_223' title='bbox 1143 1896 1426 1939; x_wconf 88' lang='lat' dir='ltr'><strong>Mostellariae</strong></span> <span class='ocrx_word' id='word_1_224' title='bbox 1455 1911 1514 1951; x_wconf 80' lang='lat'><strong>111,</strong></span> <span class='ocrx_word' id='word_1_225' title='bbox 1531 1897 1569 1950; x_wconf 90' lang='grc'><strong>2,</strong></span> <span class='ocrx_word' id='word_1_226' title='bbox 1587 1897 1639 1939; x_wconf 83' lang='lat'><strong>78</strong></span> <span class='ocrx_word' id='word_1_227' title='bbox 1656 1929 1666 1951; x_wconf 89' lang='lat'>‚</span> <span class='ocrx_word' id='word_1_228' title='bbox 1687 1897 1731 1939; x_wconf 90' lang='lat' dir='ltr'><strong>in</strong></span> <span class='ocrx_word' id='word_1_229' title='bbox 1751 1898 1820 1939; x_wconf 93' lang='lat' dir='ltr'><strong>Vi-</strong></span> 
     </span>
     <span class='ocr_line' id='line_1_26' title="bbox 373 1959 1819 2018; baseline 0.005 -19"><span class='ocrx_word' id='word_1_230' title='bbox 373 1959 499 2000; x_wconf 84' lang='lat' dir='ltr'><strong>truvii</strong></span> <span class='ocrx_word' id='word_1_231' title='bbox 520 1959 628 2001; x_wconf 86' lang='lat' dir='ltr'><strong>libro</strong></span> <span class='ocrx_word' id='word_1_232' title='bbox 650 1973 689 2013; x_wconf 79' lang='lat' dir='ltr'><strong>V,</strong></span> <span class='ocrx_word' id='word_1_233' title='bbox 708 1961 745 2014; x_wconf 87' lang='grc'><strong>9,</strong></span> <span class='ocrx_word' id='word_1_234' title='bbox 762 1960 788 2002; x_wconf 83' lang='grc'>5</span> <span class='ocrx_word' id='word_1_235' title='bbox 810 1964 850 2002; x_wconf 86' lang='lat' dir='ltr'><strong>et</strong></span> <span class='ocrx_word' id='word_1_236' title='bbox 870 1962 896 2003; x_wconf 89' lang='lat'>6</span> <span class='ocrx_word' id='word_1_237' title='bbox 913 1993 922 2014; x_wconf 92' lang='lat'>,</span> <span class='ocrx_word' id='word_1_238' title='bbox 946 1962 1042 2003; x_wconf 89' lang='lat' dir='ltr'><strong>item</strong></span> <span class='ocrx_word' id='word_1_239' title='bbox 1059 1976 1113 2016; x_wconf 84' lang='lat' dir='ltr'><strong>vl,</strong></span> <span class='ocrx_word' id='word_1_240' title='bbox 1131 1963 1169 2016; x_wconf 87' lang='grc'><strong>3,</strong></span> <span class='ocrx_word' id='word_1_241' title='bbox 1186 1964 1212 2005; x_wconf 90' lang='grc'>9</span> <span class='ocrx_word' id='word_1_242' title='bbox 1227 1976 1297 2018; x_wconf 85' lang='lat' dir='ltr'><strong>vn,</strong></span> <span class='ocrx_word' id='word_1_243' title='bbox 1318 1963 1352 2017; x_wconf 93' lang='lat'><strong>1,</strong></span> <span class='ocrx_word' id='word_1_244' title='bbox 1370 1964 1396 2006; x_wconf 87' lang='lat'>5</span> <span class='ocrx_word' id='word_1_245' title='bbox 1413 1996 1422 2018; x_wconf 97' lang='lat'>,</span> <span class='ocrx_word' id='word_1_246' title='bbox 1440 1963 1483 2004; x_wconf 91' lang='lat' dir='ltr'><strong>in</strong></span> <span class='ocrx_word' id='word_1_247' title='bbox 1499 1962 1636 2005; x_wconf 92' lang='lat' dir='ltr'><strong>Plinio</strong></span> <span class='ocrx_word' id='word_1_248' title='bbox 1654 1963 1819 2006; x_wconf 82' lang='lat' dir='ltr'><strong>Ghiffle-</strong></span> 
     </span>
     <span class='ocr_line' id='line_1_27' title="bbox 373 2025 1819 2084; baseline 0.004 -18"><span class='ocrx_word' id='word_1_249' title='bbox 373 2025 489 2066; x_wconf 87' lang='lat' dir='ltr'><strong>tiano</strong></span> <span class='ocrx_word' id='word_1_250' title='bbox 521 2038 687 2081; x_wconf 86' lang='lat' dir='ltr'><strong>semper</strong></span> <span class='ocrx_word' id='word_1_251' title='bbox 715 2026 814 2081; x_wconf 87' lang='lat' dir='ltr'><strong>(hoc</strong></span> <span class='ocrx_word' id='word_1_252' title='bbox 835 2028 1135 2082; x_wconf 85' lang='lat' dir='ltr'><strong>Dalecampum</strong></span> <span class='ocrx_word' id='word_1_253' title='bbox 1164 2030 1308 2071; x_wconf 83' lang='lat' dir='ltr'><strong>testari</strong></span> <span class='ocrx_word' id='word_1_254' title='bbox 1330 2030 1504 2084; x_wconf 85' lang='lat' dir='ltr'><strong>Siligius</strong></span> <span class='ocrx_word' id='word_1_255' title='bbox 1534 2030 1662 2072; x_wconf 87' lang='lat' dir='ltr'><strong>refert</strong></span> <span class='ocrx_word' id='word_1_256' title='bbox 1688 2030 1743 2073; x_wconf 87' lang='lat' dir='ltr'><strong>ad</strong></span> <span class='ocrx_word' id='word_1_257' title='bbox 1773 2031 1819 2072; x_wconf 95' lang='lat' dir='ltr'><strong>li-</strong></span> 
     </span>
     <span class='ocr_line' id='line_1_28' title="bbox 373 2091 1817 2152; baseline 0.004 -20"><span class='ocrx_word' id='word_1_258' title='bbox 373 2091 491 2133; x_wconf 90' lang='lat' dir='ltr'><strong>brum</strong></span> <span class='ocrx_word' id='word_1_259' title='bbox 512 2107 615 2133; x_wconf 84' lang='lat' dir='ltr'>xxxv</span> <span class='ocrx_word' id='word_1_260' title='bbox 635 2106 675 2147; x_wconf 92' lang='lat' dir='ltr'><strong>p.</strong></span> <span class='ocrx_word' id='word_1_261' title='bbox 694 2093 866 2148; x_wconf 85' lang='lat' dir='ltr'>xxvm),</span> <span class='ocrx_word' id='word_1_262' title='bbox 889 2094 1003 2148; x_wconf 87' lang='lat' dir='ltr'><strong>apud</strong></span> <span class='ocrx_word' id='word_1_263' title='bbox 1025 2095 1203 2137; x_wconf 89' lang='lat' dir='ltr'><strong>Paulum</strong></span> <span class='ocrx_word' id='word_1_264' title='bbox 1225 2096 1538 2151; x_wconf 86' lang='lat' dir='ltr'><strong>epitomatorem</strong></span> <span class='ocrx_word' id='word_1_265' title='bbox 1560 2097 1673 2139; x_wconf 88' lang='lat' dir='ltr'><strong>Festi</strong></span> <span class='ocrx_word' id='word_1_266' title='bbox 1693 2110 1733 2152; x_wconf 90' lang='lat' dir='ltr'><strong>p.</strong></span> <span class='ocrx_word' id='word_1_267' title='bbox 1750 2097 1817 2140; x_wconf 87' lang='lat'><strong>54.</strong></span> 
     </span>
     <span class='ocr_line' id='line_1_29' title="bbox 372 2158 1820 2217; baseline 0.004 -18"><span class='ocrx_word' id='word_1_268' title='bbox 372 2158 578 2200; x_wconf 89' lang='lat' dir='ltr'><strong>Asconius</strong></span> <span class='ocrx_word' id='word_1_269' title='bbox 599 2159 670 2213; x_wconf 89' lang='lat' dir='ltr'><strong>qui</strong></span> <span class='ocrx_word' id='word_1_270' title='bbox 701 2159 810 2201; x_wconf 84' lang='lat' dir='ltr'><strong>falso</strong></span> <span class='ocrx_word' id='word_1_271' title='bbox 842 2160 992 2202; x_wconf 85' lang='lat' dir='ltr'><strong>dicitur</strong></span> <span class='ocrx_word' id='word_1_272' title='bbox 1012 2161 1067 2203; x_wconf 83' lang='lat' dir='ltr'><strong>ad</strong></span> <span class='ocrx_word' id='word_1_273' title='bbox 1098 2162 1249 2204; x_wconf 88' lang='lat' dir='ltr'><strong>librum</strong></span> <span class='ocrx_word' id='word_1_274' title='bbox 1282 2163 1325 2204; x_wconf 89' lang='lat' dir='ltr'><strong>in</strong></span> <span class='ocrx_word' id='word_1_275' title='bbox 1346 2163 1515 2205; x_wconf 88' lang='lat' dir='ltr'><strong>Verrem</strong></span> <span class='ocrx_word' id='word_1_276' title='bbox 1537 2178 1563 2217; x_wconf 86' lang='grc'><strong>1,</strong></span> <span class='ocrx_word' id='word_1_277' title='bbox 1580 2163 1632 2205; x_wconf 89' lang='lat'><strong>51</strong></span> <span class='ocrx_word' id='word_1_278' title='bbox 1664 2163 1739 2206; x_wconf 75' lang='lat' dir='ltr'><strong>sed</strong></span> <span class='ocrx_word' id='word_1_279' title='bbox 1760 2165 1820 2206; x_wconf 78' lang='lat' dir='ltr'><strong>ita</strong></span> 
     </span>
     <span class='ocr_line' id='line_1_30' title="bbox 371 2225 1817 2285; baseline 0.004 -20"><span class='ocrx_word' id='word_1_280' title='bbox 371 2225 603 2267; x_wconf 73' lang='lat' dir='ltr'><strong>declinatur</strong></span> <span class='ocrx_word' id='word_1_281' title='bbox 618 2258 629 2279; x_wconf 94' lang='grc'><strong>,</strong></span> <span class='ocrx_word' id='word_1_282' title='bbox 651 2226 722 2268; x_wconf 76' lang='lat' dir='ltr'><strong>hoc</strong></span> <span class='ocrx_word' id='word_1_283' title='bbox 744 2226 858 2268; x_wconf 82' lang='lat' dir='ltr'><strong>dium</strong></span> <span class='ocrx_word' id='word_1_284' title='bbox 873 2259 884 2280; x_wconf 89' lang='grc'>,</span> <span class='ocrx_word' id='word_1_285' title='bbox 903 2227 1025 2268; x_wconf 74' lang='lat' dir='ltr'><strong>huius</strong></span> <span class='ocrx_word' id='word_1_286' title='bbox 1046 2228 1113 2270; x_wconf 76' lang='lat' dir='ltr'><strong>dii</strong></span> <span class='ocrx_word' id='word_1_287' title='bbox 1129 2233 1192 2270; x_wconf 87' lang='lat' dir='ltr'><strong>etc</strong></span> <span class='ocrx_word' id='word_1_288' title='bbox 1209 2261 1218 2271; x_wconf 89' lang='lat'><strong>.</strong></span> <span class='ocrx_word' id='word_1_289' title='bbox 1238 2230 1385 2271; x_wconf 85' lang='lat' dir='ltr'><strong>Festus</strong></span> <span class='ocrx_word' id='word_1_290' title='bbox 1406 2243 1447 2284; x_wconf 91' lang='lat' dir='ltr'><strong>p.</strong></span> <span class='ocrx_word' id='word_1_291' title='bbox 1468 2230 1557 2285; x_wconf 83' lang='lat'>185,</span> <span class='ocrx_word' id='word_1_292' title='bbox 1576 2229 1627 2271; x_wconf 83' lang='grc'><strong>27</strong></span> <span class='ocrx_word' id='word_1_293' title='bbox 1649 2230 1792 2272; x_wconf 81' lang='lat' dir='ltr'><strong>Dialis</strong></span> <span class='ocrx_word' id='word_1_294' title='bbox 1806 2262 1817 2283; x_wconf 84' lang='lat'>,</span> 
     </span>
     <span class='ocr_line' id='line_1_31' title="bbox 370 2291 1818 2351; baseline 0.003 -18"><span class='ocrx_word' id='word_1_295' title='bbox 370 2292 471 2346; x_wconf 80' lang='lat' dir='ltr'><strong>quia</strong></span> <span class='ocrx_word' id='word_1_296' title='bbox 500 2291 695 2335; x_wconf 78' lang='lat' dir='ltr'><strong>universi</strong></span> <span class='ocrx_word' id='word_1_297' title='bbox 718 2293 869 2335; x_wconf 77' lang='lat' dir='ltr'><strong>mundi</strong></span> <span class='ocrx_word' id='word_1_298' title='bbox 891 2293 1083 2336; x_wconf 78' lang='lat' dir='ltr'><strong>sacerdos</strong></span> <span class='ocrx_word' id='word_1_299' title='bbox 1098 2327 1108 2347; x_wconf 91' lang='lat'>,</span> <span class='ocrx_word' id='word_1_300' title='bbox 1137 2296 1214 2350; x_wconf 77' lang='lat' dir='ltr'><strong>qui</strong></span> <span class='ocrx_word' id='word_1_301' title='bbox 1238 2296 1445 2351; x_wconf 75' lang='lat' dir='ltr'><strong>apellatur</strong></span> <span class='ocrx_word' id='word_1_302' title='bbox 1474 2296 1588 2338; x_wconf 81' lang='lat' dir='ltr'><strong>dium</strong></span> <span class='ocrx_word' id='word_1_303' title='bbox 1605 2327 1615 2337; x_wconf 88' lang='lat'><strong>.</strong></span> <span class='ocrx_word' id='word_1_304' title='bbox 1643 2297 1719 2338; x_wconf 87' lang='lat' dir='ltr'><strong>sed</strong></span> <span class='ocrx_word' id='word_1_305' title='bbox 1749 2296 1818 2338; x_wconf 84' lang='lat' dir='ltr'><strong>dio</strong></span> 
     </span>
     <span class='ocr_line' id='line_1_32' title="bbox 368 2358 1814 2417; baseline 0.003 -18"><span class='ocrx_word' id='word_1_306' title='bbox 368 2358 458 2400; x_wconf 85' lang='lat' dir='ltr'><strong>sive</strong></span> <span class='ocrx_word' id='word_1_307' title='bbox 479 2358 573 2401; x_wconf 80' lang='lat' dir='ltr'><strong>divo</strong></span> <span class='ocrx_word' id='word_1_308' title='bbox 594 2363 635 2401; x_wconf 89' lang='lat' dir='ltr'><strong>et</strong></span> <span class='ocrx_word' id='word_1_309' title='bbox 655 2359 729 2402; x_wconf 79' lang='lat' dir='ltr'><strong>diu</strong></span> <span class='ocrx_word' id='word_1_310' title='bbox 744 2392 755 2413; x_wconf 87' lang='lat'>,</span> <span class='ocrx_word' id='word_1_311' title='bbox 777 2359 884 2401; x_wconf 86' lang='lat' dir='ltr'><strong>sicut</strong></span> <span class='ocrx_word' id='word_1_312' title='bbox 886 2360 1005 2415; x_wconf 80' lang='lat' dir='ltr'><strong>freto</strong></span> <span class='ocrx_word' id='word_1_313' title='bbox 1022 2364 1062 2402; x_wconf 89' lang='lat' dir='ltr'><strong>et</strong></span> <span class='ocrx_word' id='word_1_314' title='bbox 1064 2361 1188 2417; x_wconf 76' lang='lat' dir='ltr'><strong>fretu</strong></span> <span class='ocrx_word' id='word_1_315' title='bbox 1202 2394 1213 2415; x_wconf 84' lang='lat'>,</span> <span class='ocrx_word' id='word_1_316' title='bbox 1236 2361 1429 2403; x_wconf 85' lang='lat' dir='ltr'><strong>dicuntur</strong></span> <span class='ocrx_word' id='word_1_317' title='bbox 1444 2375 1471 2404; x_wconf 84' lang='lat' dir='ltr'>a</span> <span class='ocrx_word' id='word_1_318' title='bbox 1486 2362 1647 2404; x_wconf 86' lang='lat' dir='ltr'><strong>duobus</strong></span> <span class='ocrx_word' id='word_1_319' title='bbox 1665 2362 1814 2415; x_wconf 86' lang='lat' dir='ltr'><strong>rectis,</strong></span> 
     </span>
     <span class='ocr_line' id='line_1_33' title="bbox 368 2426 1815 2482; baseline 0.003 -15"><span class='ocrx_word' id='word_1_320' title='bbox 368 2437 476 2478; x_wconf 86' lang='lat' dir='ltr'><strong>quae</strong></span> <span class='ocrx_word' id='word_1_321' title='bbox 506 2429 602 2468; x_wconf 88' lang='lat' dir='ltr'><strong>sunt</strong></span> <span class='ocrx_word' id='word_1_322' title='bbox 632 2426 727 2468; x_wconf 76' lang='lat' dir='ltr'><strong>dius</strong></span> <span class='ocrx_word' id='word_1_323' title='bbox 758 2430 799 2468; x_wconf 88' lang='lat' dir='ltr'><strong>et</strong></span> <span class='ocrx_word' id='word_1_324' title='bbox 828 2426 994 2469; x_wconf 78' lang='lat' dir='ltr'><strong>dz&#39;vum.</strong></span> <span class='ocrx_word' id='word_1_325' title='bbox 1018 2430 1238 2482; x_wconf 90' lang='lat' dir='ltr'><strong>utrumque</strong></span> <span class='ocrx_word' id='word_1_326' title='bbox 1266 2432 1424 2471; x_wconf 87' lang='lat' dir='ltr'><strong>rectum</strong></span> <span class='ocrx_word' id='word_1_327' title='bbox 1445 2441 1472 2470; x_wconf 88' lang='lat' dir='ltr'><strong>a</strong></span> <span class='ocrx_word' id='word_1_328' title='bbox 1492 2428 1680 2471; x_wconf 85' lang='lat' dir='ltr'><strong>Varrone</strong></span> <span class='ocrx_word' id='word_1_329' title='bbox 1710 2429 1815 2470; x_wconf 86' lang='lat' dir='ltr'><strong>indi-</strong></span> 
     </span>
     <span class='ocr_line' id='line_1_34' title="bbox 367 2492 1816 2550; baseline 0.003 -16"><span class='ocrx_word' id='word_1_330' title='bbox 367 2496 504 2534; x_wconf 81' lang='lat' dir='ltr'><strong>catum</strong></span> <span class='ocrx_word' id='word_1_331' title='bbox 526 2496 628 2547; x_wconf 92' lang='lat' dir='ltr'><strong>puto</strong></span> <span class='ocrx_word' id='word_1_332' title='bbox 658 2492 712 2535; x_wconf 89' lang='lat' dir='ltr'><strong>de</strong></span> <span class='ocrx_word' id='word_1_333' title='bbox 734 2493 883 2547; x_wconf 86' lang='lat' dir='ltr'><strong>lingua</strong></span> <span class='ocrx_word' id='word_1_334' title='bbox 902 2494 1056 2536; x_wconf 84' lang='lat' dir='ltr'><strong>Latina</strong></span> <span class='ocrx_word' id='word_1_335' title='bbox 1084 2494 1191 2537; x_wconf 91' lang='lat' dir='ltr'><strong>libro</strong></span> <span class='ocrx_word' id='word_1_336' title='bbox 1220 2509 1247 2535; x_wconf 91' lang='lat' dir='ltr'><strong>v</strong></span> <span class='ocrx_word' id='word_1_337' title='bbox 1267 2509 1309 2550; x_wconf 88' lang='lat' dir='ltr'><strong>p.</strong></span> <span class='ocrx_word' id='word_1_338' title='bbox 1327 2495 1406 2550; x_wconf 82' lang='lat'><strong>72,</strong></span> <span class='ocrx_word' id='word_1_339' title='bbox 1427 2495 1498 2537; x_wconf 93' lang='lat' dir='ltr'><strong>ubi</strong></span> <span class='ocrx_word' id='word_1_340' title='bbox 1529 2495 1590 2537; x_wconf 85' lang='lat' dir='ltr'><strong>sie</strong></span> <span class='ocrx_word' id='word_1_341' title='bbox 1611 2496 1816 2539; x_wconf 87' lang='lat' dir='ltr'><strong>Florenti·</strong></span> 
     </span>
     <span class='ocr_line' id='line_1_35' title="bbox 365 2558 1816 2617; baseline 0.003 -16"><span class='ocrx_word' id='word_1_342' title='bbox 365 2572 444 2602; x_wconf 83' lang='lat' dir='ltr'><strong>nus</strong></span> <span class='ocrx_word' id='word_1_343' title='bbox 475 2558 608 2601; x_wconf 85' lang='lat' dir='ltr'><strong>codex</strong></span> <span class='ocrx_word' id='word_1_344' title='bbox 627 2589 636 2599; x_wconf 87' lang='lat'><strong>.</strong></span> <span class='ocrx_word' id='word_1_345' title='bbox 654 2560 747 2601; x_wconf 86' lang='lat' dir='ltr'><strong>Hoc</strong></span> <span class='ocrx_word' id='word_1_346' title='bbox 776 2560 885 2602; x_wconf 84' lang='lat' dir='ltr'><strong>idem</strong></span> <span class='ocrx_word' id='word_1_347' title='bbox 914 2562 1049 2616; x_wconf 59' lang='grc' dir='ltr'><strong>(καρίς</strong></span> <span class='ocrx_word' id='word_1_348' title='bbox 1079 2561 1258 2609; x_wconf 52' lang='lat' dir='ltr'><strong>ostendit⁴</strong></span> <span class='ocrx_word' id='word_1_349' title='bbox 1272 2562 1485 2617; x_wconf 79' lang='lat' dir='ltr'><strong>antiquius</strong></span> <span class='ocrx_word' id='word_1_350' title='bbox 1504 2562 1616 2603; x_wconf 83' lang='lat' dir='ltr'><strong>Iovis</strong></span> <span class='ocrx_word' id='word_1_351' title='bbox 1644 2578 1816 2605; x_wconf 77' lang='lat' dir='ltr'><strong>nomen:</strong></span> 
     </span>
     <span class='ocr_line' id='line_1_36' title="bbox 364 2625 1835 2685; baseline 0.004 -19"><span class='ocrx_word' id='word_1_352' title='bbox 364 2641 461 2667; x_wconf 77' lang='lat' dir='ltr'><strong>nam</strong></span> <span class='ocrx_word' id='word_1_353' title='bbox 481 2625 578 2667; x_wconf 80' lang='lat' dir='ltr'><strong>olim</strong></span> <span class='ocrx_word' id='word_1_354' title='bbox 593 2626 742 2667; x_wconf 85' lang='lat' dir='ltr'><strong>Diovis</strong></span> <span class='ocrx_word' id='word_1_355' title='bbox 763 2635 798 2668; x_wconf 93' lang='lat' dir='ltr'><strong>et</strong></span> <span class='ocrx_word' id='word_1_356' title='bbox 812 2627 1003 2682; x_wconf 74' lang='lat' dir='ltr'><strong>Dispiter</strong></span> <span class='ocrx_word' id='word_1_357' title='bbox 1022 2627 1156 2669; x_wconf 84' lang='lat' dir='ltr'><strong>dictus</strong></span> <span class='ocrx_word' id='word_1_358' title='bbox 1171 2660 1182 2681; x_wconf 85' lang='lat'>,</span> <span class='ocrx_word' id='word_1_359' title='bbox 1203 2627 1252 2670; x_wconf 76' lang='lat' dir='ltr'><strong>id</strong></span> <span class='ocrx_word' id='word_1_360' title='bbox 1269 2636 1327 2670; x_wconf 79' lang='lat' dir='ltr'><strong>est</strong></span> <span class='ocrx_word' id='word_1_361' title='bbox 1341 2628 1429 2670; x_wconf 81' lang='lat' dir='ltr'><strong>dies</strong></span> <span class='ocrx_word' id='word_1_362' title='bbox 1439 2637 1567 2684; x_wconf 76' lang='lat' dir='ltr'><strong>pater</strong></span> <span class='ocrx_word' id='word_1_363' title='bbox 1584 2660 1593 2669; x_wconf 89' lang='lat'><strong>.</strong></span> <span class='ocrx_word' id='word_1_364' title='bbox 1613 2645 1640 2671; x_wconf 87' lang='lat' dir='ltr'><strong>a</strong></span> <span class='ocrx_word' id='word_1_365' title='bbox 1654 2645 1733 2685; x_wconf 80' lang='lat' dir='ltr'><strong>quo</strong></span> <span class='ocrx_word' id='word_1_366' title='bbox 1748 2630 1835 2672; x_wconf 80' lang='lat' dir='ltr'><strong>dei</strong></span> 
     </span>
     <span class='ocr_line' id='line_1_37' title="bbox 365 2691 1813 2747; baseline 0.004 -14"><span class='ocrx_word' id='word_1_367' title='bbox 365 2691 470 2734; x_wconf 84' lang='lat' dir='ltr'><strong>dicti</strong></span> <span class='ocrx_word' id='word_1_368' title='bbox 480 2692 557 2747; x_wconf 81' lang='lat' dir='ltr'><strong>qui</strong></span> <span class='ocrx_word' id='word_1_369' title='bbox 567 2691 664 2734; x_wconf 71' lang='lat' dir='ltr'><strong>‘c&#39;rlde</strong></span> <span class='ocrx_word' id='word_1_370' title='bbox 678 2724 689 2746; x_wconf 89' lang='lat'>,</span> <span class='ocrx_word' id='word_1_371' title='bbox 707 2701 743 2734; x_wconf 82' lang='lat' dir='ltr'><strong>et</strong></span> <span class='ocrx_word' id='word_1_372' title='bbox 759 2691 850 2734; x_wconf 88' lang='lat' dir='ltr'><strong>dies</strong></span> <span class='ocrx_word' id='word_1_373' title='bbox 867 2702 903 2735; x_wconf 89' lang='lat' dir='ltr'><strong>et</strong></span> <span class='ocrx_word' id='word_1_374' title='bbox 919 2693 1061 2735; x_wconf 85' lang='lat' dir='ltr'><strong>divum</strong></span> <span class='ocrx_word' id='word_1_375' title='bbox 1078 2725 1088 2734; x_wconf 88' lang='lat'><strong>.</strong></span> <span class='ocrx_word' id='word_1_376' title='bbox 1107 2693 1215 2736; x_wconf 77' lang='lat' dir='ltr'><strong>unde</strong></span> <span class='ocrx_word' id='word_1_377' title='bbox 1230 2695 1303 2735; x_wconf 79' lang='lat' dir='ltr'><strong>sub</strong></span> <span class='ocrx_word' id='word_1_378' title='bbox 1326 2694 1419 2737; x_wconf 80' lang='lat' dir='ltr'><strong>divo</strong></span> <span class='ocrx_word' id='word_1_379' title='bbox 1435 2695 1530 2737; x_wconf 82' lang='lat' dir='ltr'><strong>dius</strong></span> <span class='ocrx_word' id='word_1_380' title='bbox 1545 2695 1695 2738; x_wconf 80' lang='lat' dir='ltr'><strong>Fidius</strong></span> <span class='ocrx_word' id='word_1_381' title='bbox 1710 2712 1723 2738; x_wconf 88' lang='lat'><em>:</em></span> <span class='ocrx_word' id='word_1_382' title='bbox 1737 2698 1813 2739; x_wconf 81' lang='lat' dir='ltr'><strong>ita-</strong></span> 
     </span>
     <span class='ocr_line' id='line_1_38' title="bbox 363 2758 1812 2815; baseline 0.003 -16"><span class='ocrx_word' id='word_1_383' title='bbox 363 2774 440 2814; x_wconf 82' lang='lat' dir='ltr'><strong>que</strong></span> <span class='ocrx_word' id='word_1_384' title='bbox 456 2758 552 2800; x_wconf 76' lang='lat' dir='ltr'><strong>inde</strong></span> <span class='ocrx_word' id='word_1_385' title='bbox 562 2759 650 2800; x_wconf 82' lang='lat' dir='ltr'><strong>eius</strong></span> <span class='ocrx_word' id='word_1_386' title='bbox 658 2759 918 2815; x_wconf 60' lang='lat' dir='ltr'><strong>perforatum</strong></span> <span class='ocrx_word' id='word_1_387' title='bbox 933 2769 1093 2814; x_wconf 85' lang='lat' dir='ltr'><strong>tectum,</strong></span> <span class='ocrx_word' id='word_1_388' title='bbox 1111 2769 1155 2802; x_wconf 81' lang='lat' dir='ltr'><strong>ut</strong></span> <span class='ocrx_word' id='word_1_389' title='bbox 1165 2776 1216 2802; x_wconf 83' lang='lat' dir='ltr'><strong>ea</strong></span> <span class='ocrx_word' id='word_1_390' title='bbox 1226 2760 1417 2803; x_wconf 79' lang='lat' dir='ltr'><strong>videatur</strong></span> <span class='ocrx_word' id='word_1_391' title='bbox 1427 2761 1585 2815; x_wconf 78' lang='lat' dir='ltr'><strong>divum,</strong></span> <span class='ocrx_word' id='word_1_392' title='bbox 1602 2762 1714 2804; x_wconf 85' lang='lat' dir='ltr'><strong>idest</strong></span> <span class='ocrx_word' id='word_1_393' title='bbox 1725 2778 1812 2804; x_wconf 84' lang='lat' dir='ltr'><strong>cae-</strong></span> 
     </span>
     <span class='ocr_line' id='line_1_39' title="bbox 364 2825 1815 2882; baseline 0.003 -17"><span class='ocrx_word' id='word_1_394' title='bbox 364 2825 448 2867; x_wconf 82' lang='lat' dir='ltr'><strong>lum</strong></span> <span class='ocrx_word' id='word_1_395' title='bbox 466 2856 475 2866; x_wconf 86' lang='lat'><strong>.</strong></span> <span class='ocrx_word' id='word_1_396' title='bbox 498 2825 764 2867; x_wconf 83' lang='lat' dir='ltr'><strong>scribendum</strong></span> <span class='ocrx_word' id='word_1_397' title='bbox 785 2826 853 2868; x_wconf 87' lang='lat' dir='ltr'><strong>aio</strong></span> <span class='ocrx_word' id='word_1_398' title='bbox 875 2835 911 2868; x_wconf 82' lang='lat' dir='ltr'><strong>et</strong></span> <span class='ocrx_word' id='word_1_399' title='bbox 932 2826 1027 2869; x_wconf 70' lang='lat' dir='ltr'><strong>dim</strong></span> <span class='ocrx_word' id='word_1_400' title='bbox 1053 2835 1089 2868; x_wconf 86' lang='lat' dir='ltr'><strong>et</strong></span> <span class='ocrx_word' id='word_1_401' title='bbox 1110 2827 1248 2869; x_wconf 79' lang='lat' dir='ltr'><strong>divum</strong></span> <span class='ocrx_word' id='word_1_402' title='bbox 1263 2859 1274 2881; x_wconf 89' lang='lat'>,</span> <span class='ocrx_word' id='word_1_403' title='bbox 1297 2839 1430 2881; x_wconf 87' lang='lat' dir='ltr'><strong>eaque</strong></span> <span class='ocrx_word' id='word_1_404' title='bbox 1451 2827 1510 2870; x_wconf 86' lang='lat' dir='ltr'><strong>ita</strong></span> <span class='ocrx_word' id='word_1_405' title='bbox 1529 2828 1815 2882; x_wconf 80' lang='lat' dir='ltr'><strong>intellegenda</strong></span> 
     </span>
     <span class='ocr_line' id='line_1_40' title="bbox 361 2891 1811 2949; baseline 0.004 -18"><span class='ocrx_word' id='word_1_406' title='bbox 361 2895 406 2931; x_wconf 93' lang='lat' dir='ltr'><strong>ut</strong></span> <span class='ocrx_word' id='word_1_407' title='bbox 426 2891 512 2932; x_wconf 83' lang='lat' dir='ltr'><strong>dixi</strong></span> <span class='ocrx_word' id='word_1_408' title='bbox 531 2907 540 2931; x_wconf 72' lang='grc' dir='ltr'><strong>ε</strong></span> <span class='ocrx_word' id='word_1_409' title='bbox 563 2904 660 2933; x_wconf 85' lang='lat' dir='ltr'><strong>nam</strong></span> <span class='ocrx_word' id='word_1_410' title='bbox 690 2905 826 2946; x_wconf 91' lang='lat' dir='ltr'><strong>neque</strong></span> <span class='ocrx_word' id='word_1_411' title='bbox 847 2893 889 2934; x_wconf 94' lang='lat' dir='ltr'><strong>in</strong></span> <span class='ocrx_word' id='word_1_412' title='bbox 917 2893 1013 2935; x_wconf 82' lang='lat' dir='ltr'><strong>dius</strong></span> <span class='ocrx_word' id='word_1_413' title='bbox 1034 2892 1244 2935; x_wconf 84' lang='lat' dir='ltr'><strong>adieetivo</strong></span> <span class='ocrx_word' id='word_1_414' title='bbox 1274 2894 1390 2936; x_wconf 90' lang='lat' dir='ltr'><strong>notio</strong></span> <span class='ocrx_word' id='word_1_415' title='bbox 1412 2894 1690 2949; x_wconf 18' lang='lat' dir='ltr'><strong>apparetvdiei</strong></span> <span class='ocrx_word' id='word_1_416' title='bbox 1720 2894 1811 2937; x_wconf 82' lang='lat' dir='ltr'><strong>sive</strong></span> 
     </span>
     <span class='ocr_line' id='line_1_41' title="bbox 360 2957 1810 3015; baseline 0.003 -17"><span class='ocrx_word' id='word_1_417' title='bbox 360 2957 493 3010; x_wconf 82' lang='lat' dir='ltr'><strong>caeli,</strong></span> <span class='ocrx_word' id='word_1_418' title='bbox 515 2971 649 3011; x_wconf 88' lang='lat' dir='ltr'><strong>neque</strong></span> <span class='ocrx_word' id='word_1_419' title='bbox 680 2958 775 3000; x_wconf 89' lang='lat' dir='ltr'><strong>dius</strong></span> <span class='ocrx_word' id='word_1_420' title='bbox 806 2959 951 3002; x_wconf 83' lang='lat' dir='ltr'><strong>Fidius</strong></span> <span class='ocrx_word' id='word_1_421' title='bbox 978 2959 1221 3014; x_wconf 87' lang='lat' dir='ltr'><strong>simpliciter</strong></span> <span class='ocrx_word' id='word_1_422' title='bbox 1251 2960 1346 3002; x_wconf 76' lang='lat' dir='ltr'><strong>dius</strong></span> <span class='ocrx_word' id='word_1_423' title='bbox 1366 2959 1449 3003; x_wconf 87' lang='lat' dir='ltr'><strong>dici</strong></span> <span class='ocrx_word' id='word_1_424' title='bbox 1480 2964 1647 3015; x_wconf 88' lang='lat' dir='ltr'><strong>potest.</strong></span> <span class='ocrx_word' id='word_1_425' title='bbox 1669 2961 1762 3003; x_wconf 84' lang='lat' dir='ltr'><strong>sine</strong></span> <span class='ocrx_word' id='word_1_426' title='bbox 1781 2977 1810 3003; x_wconf 83' lang='lat' dir='ltr'><strong><em>u</em></strong></span> 
     </span>
    </p>
   </div>
  </div>
 </body>
</html>
