2040 3328
947 225 968 266 I
1639 229 1693 272 65

214 337 323 380 duas
343 336 676 394 ulcz'scerefacto
697 351 783 389 XIV,
805 338 878 394 363
888 338 1015 395 facto
1037 338 1304 382 damnandus
1324 342 1370 383 in
1390 358 1473 384 uno
1495 355 1567 395 vn,
1589 341 1693 395 4023

212 405 404 449 Alterius
422 405 689 462 factz’culpa
715 406 822 448 trist.
854 421 898 462 11,
921 407 1030 450 208.
1054 407 1098 449 in
1123 407 1309 451 Lucretii
1341 422 1469 452 versu
1499 413 1694 464 apertum

213 477 279 517 est
315 473 442 516 scribi
484 477 684 529 oportere
720 475 802 517 tali
836 489 994 517 PAcTO
1032 485 1222 518 ‘recreata
1251 477 1436 520 valescat
1452 509 1461 519 .
1483 477 1544 520 sic
1580 477 1694 520 idem

213 553 344 597 saepe
373 542 447 583 hoc
472 550 597 598 pacto
615 574 626 596 7
666 542 752 584 alio
778 552 902 599 pacto
922 577 934 598 ,
978 543 1116 587 eodem
1143 553 1266 600 pacto
1282 578 1294 600 ‚
1333 546 1449 588 nullo
1480 545 1550 589 vel
1580 546 1697 588 haud

212 609 299 652 ullo
325 618 449 666 pacto
467 643 478 664 ,
509 610 611 653 item
642 611 724 652 cali
749 612 938 666 ratione,
975 612 1057 654 cali
1082 621 1239 655 natura
1253 646 1264 668 ,
1303 622 1483 671 tempore
1513 614 1617 665 tali,
1649 615 1694 656 in

213 677 298 720 cali
323 685 529 734 tempore,
563 694 685 735 opere
715 679 761 720 in
791 679 895 722 cali.

327 745 424 789 943.
456 759 758 793 PLERUMQUE
795 761 941 788 vmm
959 778 969 788 .
992 746 1176 803 Oblongi
1218 752 1430 791 corrector
1467 749 1582 793 Saxo
1622 763 1692 790 VI-

211 827 395 869 Dn'rtm,
427 817 474 856 ut
503 813 548 856 in
579 828 635 871 IV,
671 815 752 857 18.

327 882 423 926 954.
456 883 562 925 Nnc
608 896 711 937 sm,
757 897 1054 926 EvonvAMUS
1072 917 1081 926 .
1124 884 1357 927 Lambinus
1403 884 1563 940 optime
1607 885 1695 928 Nec

210 964 271 992 ns
301 952 382 994 sit.

327 1019 425 1062 957.
456 1033 516 1061 AN
546 1033 770 1062 mansum
787 1052 796 1063 .
819 1020 886 1062 Ita
907 1019 974 1062 hio
995 1021 1128 1064 semel
1151 1021 1358 1076 oblongus
1380 1025 1421 1064 et
1442 1022 1693 1077 quadratus.

332 1087 429 1130 966.
460 1101 509 1127 IN
539 1101 728 1131 omnus,
752 1088 849 1130 Itali
882 1092 922 1131 et
951 1089 1150 1145 impressi
1184 1091 1227 1132 z'n
1260 1103 1435 1131 omns.

327 1154 424 1199 971.
453 1156 714 1198 INvAmms
746 1170 936 1199 UTRUM.
959 1157 1194 1201 Lambinus
1225 1159 1280 1201 ID
1310 1158 1494 1202 validis.

327 1223 425 1266 981.
456 1237 659 1270 QUERAM
695 1237 815 1270 Qun)
853 1239 975 1267 ΤΕιο
1011 1240 1230 1273 DENIQUE
1262 1241 1399 1270 rmr.
1421 1226 1516 1269 Itali
1548 1231 1589 1270 et
1619 1227 1694 1269 im-

212 1291 352 1348 pressi
384 1305 518 1333 rur.
541 1303 670 1335 versu
700 1292 896 1347 proximo
928 1293 1163 1347 quadratus
1194 1296 1289 1337 Fiat
1319 1296 1385 1337 uti
1399 1327 1408 1336 .

329 1359 426 1404 984.
459 1360 763 1402 PRAETEREA
795 1374 1011 1402 scArmM
1034 1377 1198 1404 SUMMA
1221 1376 1398 1404 Torms
1415 1395 1424 1405 .
1449 1362 1692 1414 Quadratus

216 1429 400 1483 catium,
431 1432 644 1471 corrector
675 1428 851 1483 oblongi
884 1444 1126 1473 SPArmM.

329 1496 426 1540 985.
459 1510 504 1537 SI
534 1510 812 1539 mansus,
834 1496 932 1540 Itali
965 1502 1006 1540 et
1037 1499 1235 1554 impressi
1265 1512 1549 1541 monnsmu.

327 1565 424 1609 987.
458 1577 742 1606 coNFLUxm
773 1579 836 1606 AD
870 1580 996 1608 IMUM
1019 1599 1027 1608 .
1051 1567 1257 1610 Marullus
1290 1581 1612 1609 CONFLUXET.

328 1633 426 1678 993.
458 1632 783 1676 Conpomssus
814 1648 1030 1676 NULLAS.
1053 1635 1263 1678 Antonius
1286 1636 1409 1678 Marii
1441 1640 1482 1678 et
1503 1635 1693 1678 Brixien-

213 1703 274 1746 sis
305 1702 446 1746 editor
475 1702 594 1744 nulla
628 1710 710 1756 εει,
743 1702 900 1746 rectius
931 1704 1190 1746 Veronensis
1222 1718 1442 1745 NULLAST
1462 1736 1470 1744 .
1494 1716 1592 1745 nam
1623 1717 1692 1747 ne-

213 1784 298 1827 que
319 1769 590 1814 Wakefieldo
613 1774 654 1813 et
675 1771 922 1814 Eiohstadio
945 1773 1182 1827 parendum
1204 1777 1294 1827 est,
1323 1773 1391 1827 qui
1421 1785 1513 1814 oum
1534 1772 1577 1813 in
1600 1772 1695 1814 aliis

214 1840 436 1895 antiquam
457 1838 672 1882 scribendi
695 1839 903 1882 rationem
933 1841 1059 1884 nimis
1091 1841 1244 1897 cupide
1275 1844 1515 1893 sectentur,
1548 1843 1691 1882 tamen

213 1908 260 1952 in
299 1907 382 1950 hae
420 1920 466 1950 re
499 1911 660 1950 temere
690 1912 835 1963 spreta
866 1913 1057 1952 veterum
1095 1910 1288 1952 codicum
1326 1909 1408 1951 fide
1439 1916 1498 1951 εει
1527 1921 1695 1963 semper

213 1975 412 2019 omnibus
447 1974 599 2018 litteris
636 1976 925 2032 seripserunt,
963 1991 1101 2033 neque
1137 1979 1190 2020 iis
1227 1976 1554 2020 adsentiendum
1573 2008 1582 2031 ,
1621 1977 1693 2031 qui

213 2045 339 2089 nimis
370 2043 538 2087 curiose
568 2043 840 2087 interstitium
868 2045 1053 2103 faciunt,
1085 2047 1176 2090 πίει·
1200 2046 1413 2088 molestum
1443 2053 1504 2098 ει,
1537 2057 1620 2098 quo
1653 2050 1694 2087 et

214 2113 433 2157 silentium
452 2112 667 2167 imperant
689 2118 730 2155 et
759 2127 982 2157 numerum
1003 2115 1268 2171 syllabarum
1300 2118 1487 2167 augent.
1511 2120 1694 2158 ceterum

213 2183 260 2225 in
290 2181 373 2224 hac
402 2194 449 2224 re
470 2179 664 2223 codicum
686 2182 984 2226 auctoritatem
1006 2187 1175 2226 secutus
1203 2196 1323 2238 sum,
1355 2182 1446 2224 sive
1477 2184 1694 2239 utriusque

214 2251 309 2294 sive
330 2249 576 2293 alterutrius
592 2283 602 2303 ‚
626 2250 909 2295 constantiam
932 2257 974 2294 et
990 2256 1151 2295 certam
1167 2249 1383 2294 scribendi
1401 2264 1592 2293 normam
1609 2266 1694 2295 non

214 2318 437 2376 quaesivi.
458 2318 502 2360 in
531 2317 718 2374 publicis
749 2319 922 2374 quidem
953 2321 1236 2363 monumentis
1267 2332 1402 2373 usque
1434 2318 1490 2360 ad
1513 2321 1694 2374 Augusti

212 2387 478 2444 principatus
521 2385 650 2429 finem
691 2397 749 2430 εει
786 2401 954 2445 semper
983 2389 1156 2444 plenum
1188 2392 1229 2431 et
1258 2388 1462 2429 intactum
1494 2387 1693 2442 invenio,

213 2456 416 2512 seriptum
439 2464 515 2510 εει,
545 2465 712 2513 captum
730 2465 809 2511 εει,
833 2466 999 2500 caucum
1022 2467 1102 2511 εει,
1125 2458 1353 2498 cavz'tumve
1375 2464 1449 2509 est,
1473 2456 1518 2496 in
1539 2457 1696 2512 Africa

215 2532 286 2579 εει,
315 2523 362 2566 in
393 2523 551 2566 Pisano
582 2525 818 2567 ἰἠειίιαιαφη,
849 2535 934 2580 εει,
971 2542 1104 2582 supra
1133 2525 1335 2581 scriptum
1367 2532 1447 2578 εει,
1481 2523 1523 2565 in
1555 2525 1692 2578 Aney-

213 2604 320 2635 rauo
341 2592 626 2649 supplicatum
648 2602 725 2647 εει,
747 2594 957 2636 ίηεῖαεαφη
978 2603 1054 2648 εει,
1078 2609 1184 2650 quae
1206 2592 1412 2650 prooez‘ma
1444 2599 1501 2633 εει
1515 2609 1530 2646 ,·
1550 2605 1693 2646 quam-

214 2663 344 2715 quam
374 2661 480 2703 situs
510 2674 589 2716 pro
621 2662 770 2715 sitast,
803 2662 849 2703 Ιε
880 2662 946 2704 hic
976 2663 1082 2704 situs
1113 2661 1444 2717 quez‘mmquam
1474 2661 1605 2702 victas
1636 2669 1694 2702 εει

214 2729 410 2783 virtutei,
446 2733 511 2772 est
541 2729 585 2771 in
618 2729 840 2785 epitaphio
863 2731 910 2772 L.
935 2729 1121 2773 Cornelii
1144 2728 1217 2771 Cn.
1243 2729 1270 2770 f.
1294 2728 1368 2771 Cn.
1392 2742 1432 2770 n.
1456 2727 1693 2783 Scipionis,

213 2796 259 2839 in
289 2810 322 2840 s.
354 2810 388 2839 e.
422 2796 477 2840 de
508 2796 775 2840 Genuatibus
811 2799 859 2840 17
902 2799 1003 2854 quei
1028 2798 1271 2839 vocz'tatust.
1295 2796 1559 2851 epigramma
1589 2796 1693 2837 anti-

215 2877 333 2919 cum,
366 2863 482 2919 quod
504 2864 678 2920 Capuae
710 2868 882 2920 extare,
916 2865 1088 2907 saeculo
1118 2863 1235 2906 urbis
1263 2864 1483 2906 Romanae
1513 2863 1692 2919 septimo

214 2933 446 2988 seriptum,
480 2945 507 2975 a
526 2933 756 2975 Theodoro
779 2932 1060 2975 Mommsenio
1092 2931 1222 2974 didici
1254 2931 1335 2988 (est
1365 2931 1410 2973 in
1432 2930 1580 2974 Orellii
1602 2930 1694 2985 Syl·

214 2999 315 3055 loge
337 3014 378 3044 n.
397 3001 540 3055 2277),
563 3001 659 3043 Non
681 3017 780 3044 aevo
803 3009 968 3044 eoesacco
989 3001 1099 3042 υίιαί
1116 3017 1157 3043 εε
1178 2999 1360 3042 traditus
1376 3001 1523 3054 τηεν-ιε’,-
1545 3000 1587 3042 in
1610 3011 1693 3054 quo

1372 3067 1398 3110 5
