2040 3328
475 237 556 278 326
1182 220 1219 280 v

475 352 660 390 tassent.
683 348 838 401 quanto
875 349 1025 391 rectius
1056 352 1146 390 erat
1182 353 1255 391 aut
1285 352 1423 391 cetera
1458 354 1704 403 argumenta
1734 349 1921 393 conside-

476 428 570 457 rare
605 419 676 456 aut
711 414 816 456 illud
849 415 986 469 ipsum
1020 416 1059 458 ii
1091 415 1242 469 quibus
1278 415 1428 458 finibus
1463 417 1744 459 contineretur
1782 415 1920 459 denuo

477 483 701 535 quaerere!
719 481 819 522 mihi
834 482 1015 535 paucula
1032 481 1220 524 delibare
1235 482 1358 537 libet,
1376 495 1429 524 ne
1445 482 1568 524 nimis
1584 495 1801 525 excurram
1814 515 1823 524 .
1839 483 1923 537 pri-

476 562 588 589 mum
605 548 848 602 Propertius
868 561 952 590 non
974 548 1098 590 modo
1120 548 1330 590 distractis
1351 549 1528 604 syllabis
1547 549 1591 591 in
1610 550 1806 603 genetivo
1827 549 1921 592 sub-

476 614 754 657 stantivorum
777 627 877 657 casu
893 616 1053 670 primus
1069 649 1079 665 ‚
1101 616 1176 658 sed
1197 615 1322 657 etiam
1343 614 1555 669 disyllabo
1576 628 1603 658 a
1617 620 1728 658 recto
1749 616 1921 658 tribrevi

476 682 589 723 solus
606 694 705 723 usus
722 685 811 735 est,
834 695 927 724 cum
945 683 1050 725 dixit
1069 699 1189 724 arma
1204 683 1324 724 Mari
1341 686 1381 724 et
1401 682 1629 737 benefacta
1643 683 1784 737 Mari,
1809 683 1922 726 Tunc

477 749 614 790 animi
628 764 771 791 venere
787 750 916 804 Deci,
940 749 1121 792 contudit
1140 765 1260 791 arma
1280 750 1378 791 Tati
1387 781 1398 802 ‚
1420 749 1520 790 item
1539 748 1658 790 hasta
1674 749 1773 792 Tati
1788 753 1829 792 01
1848 765 1923 792 ora

480 816 580 857 Tati
593 847 601 856 .
625 815 703 857 hoc
724 817 832 858 enim
862 815 1001 858 nullus
1023 820 1252 858 ceterorum
1274 816 1459 858 imitatus
1491 819 1580 870 est,
1602 828 1679 858 nec
1707 815 1831 858 facile
1850 815 1922 859 ad-

478 882 607 923 ducor
636 886 680 923 ut
707 882 874 924 credam
895 882 1091 925 Ovidium
1121 882 1251 925 semel
1274 883 1373 924 Tati
1397 882 1616 936 scripsisse
1646 882 1691 924 in
1719 883 1921 925 fastorum

476 963 503 1002 1,
521 948 604 991 260
621 981 631 990 .
652 949 694 990 in
725 949 916 991 versibus
946 950 1151 992 scaenicis
1172 953 1335 991 veteres
1366 949 1430 990 his
1457 948 1677 1003 disyllabis
1705 949 1772 991 usi
1800 953 1921 1004 sunt,

477 1015 552 1057 sed
574 1016 839 1070 paucissimis
857 1048 866 1068 ,
880 1017 1000 1071 preti
1024 1017 1103 1058 viti
1128 1016 1232 1070 (non
1250 1017 1352 1071 qeni
1368 1016 1461 1057 lani
1474 1016 1570 1071 soli
1584 1015 1792 1072 soliepoli
1804 1016 1929 1072 yladi

477 1082 612 1135 studi)
630 1115 640 1137 ,
663 1087 703 1124 et
732 1086 827 1137 post
848 1082 1077 1135 Vergilium
1107 1095 1228 1124 nemo
1245 1115 1255 1133 ,
1278 1082 1394 1124 cuius
1415 1085 1479 1124 est
1506 1082 1550 1124 in
1570 1081 1729 1124 Sabino
1749 1083 1925 1124 volantis

477 1150 670 1204 impetum
692 1151 774 1191 cisi
785 1165 797 1190 :
818 1149 1036 1191 Phaedrus
1059 1153 1099 1191 et
1119 1149 1280 1192 Seneca
1304 1150 1436 1205 pretii
1451 1150 1562 1192 senii
1575 1181 1584 1190 .
1605 1153 1650 1191 at
1670 1149 1713 1190 in
1733 1149 1925 1191 versibus

477 1216 730 1258 hexametris
761 1215 932 1258 diversa
961 1219 1023 1258 est
1053 1216 1316 1259 observatio.
1339 1217 1382 1258 in
1408 1216 1594 1270 Moret0,
1616 1215 1728 1270 quod
1749 1227 1925 1258 carmen

477 1283 735 1337 Vergilianis
753 1286 890 1325 aetate
911 1296 990 1338 par
1010 1295 1103 1325 esse
1125 1283 1318 1326 existimo
1335 1316 1344 1334 ‚
1367 1283 1420 1326 89
1441 1283 1545 1326 Inde
1565 1298 1700 1325 comas
1719 1283 1814 1338 apii
1825 1299 1925 1339 yra-

477 1351 600 1404 ciles,
621 1351 713 1404 ipse
749 1350 962 1403 Vergilius
999 1350 1042 1391 in
1082 1350 1297 1392 Aeneidos
1332 1364 1392 1405 111,
1414 1350 1496 1393 702
1524 1350 1792 1406 Inmanisque
1820 1349 1926 1392 Gela

473 1418 598 1470 fluvii
623 1417 858 1472 coquomine
889 1416 1027 1459 dicta:
1048 1416 1101 1459 de
1130 1417 1208 1459 hoc
1235 1418 1346 1459 enim
1375 1430 1526 1470 versu,
1549 1429 1670 1470 quem
1691 1416 1820 1459 Silius
1840 1429 1924 1470 xxv,

478 1483 560 1526 218
589 1487 630 1526 et
651 1483 908 1527 Claudianus
939 1483 992 1526 de
1012 1487 1135 1539 raptu
1154 1485 1271 1527 Pros.
1293 1499 1336 1539 11,
1353 1483 1407 1527 58
1433 1484 1582 1526 imitati
1603 1486 1724 1537 sunt,
1745 1483 1925 1536 Wagne-

479 1564 570 1592 rum
599 1551 753 1593 rectius
783 1551 827 1591 in
863 1551 1171 1593 commentariis
1207 1552 1262 1594 ad
1291 1551 1442 1593 librum
1472 1565 1520 1591 111
1553 1550 1742 1592 iudicare
1776 1561 1926 1592 censeo

479 1630 604 1671 quam
635 1617 691 1659 ad
720 1632 775 1671 1x,
795 1617 870 1659 151
890 1650 899 1671 ,
922 1629 1058 1670 neque
1078 1618 1427 1671 praetereundum
1456 1620 1519 1660 est
1538 1621 1732 1672 poetam,
1754 1629 1845 1659 cum
1865 1615 1927 1658 di-

480 1685 534 1726 cit
563 1685 777 1740 campique
799 1684 923 1727 Geloi
933 1717 943 1737 ‚
966 1683 1071 1726 Gela
1085 1718 1096 1738 ‚
1119 1684 1289 1727 Homeri
1318 1685 1394 1726 illa
1414 1684 1672 1739 exprimere,
1694 1696 1803 1738 quae
1831 1686 1928 1725 sunt

479 1752 522 1793 in
552 1753 582 1805 β
600 1750 760 1793 Iliados
783 1751 860 1793 711
880 1783 889 1805 ,
912 1749 1054 1806 παραὶ
1073 1748 1292 1807 Βοιβηίδα
1322 1747 1499 1807 λίμνην,
1520 1747 1685 1806 Βοίβην
1714 1749 1788 1793 καὶ
1807 1750 1929 1793 Γλα-

481 1816 650 1875 φύρας.
674 1822 770 1860 ante
791 1818 912 1860 huius
934 1822 1125 1874 tempora
1138 1819 1280 1864 vAttius
1302 1819 1449 1860 maluit
1455 1820 1616 1874 fluviae
1634 1819 1678 1860 in
1695 1817 1928 1872 OenomaO,

480 1886 594 1941 apud
625 1886 806 1928 Nonium
835 1898 876 1939 p.
896 1885 1029 1936 73‚25
1046 1918 1055 1927 .
1077 1886 1154 1928 sed
1182 1890 1227 1928 ut
1255 1886 1492 1940 Vergilius,
1514 1885 1574 1927 ita
1605 1884 1775 1927 Gratius
1809 1884 1858 1926 18
1875 1885 1928 1926 38

481 1954 623 2006 Latii,
645 1953 779 2008 spatii
790 1951 1066 1995 Germanicus
1081 1952 1162 1995 531
1181 1985 1190 2007 ,
1213 1953 1254 1994 in
1274 1953 1455 2007 plurium
1476 1951 1734 2007 syllabarum
1752 1951 1929 1994 vocabu-

481 2020 533 2062 lis
549 2019 720 2062 diducta
735 2020 918 2073 genetivi
935 2019 1072 2062 forma
1087 2032 1173 2061 non
1188 2020 1254 2061 usi
1272 2052 1280 2062 .
1303 2032 1555 2074 quamquam
1570 2019 1675 2061 haec
1691 2018 1778 2060 fere
1794 2018 1930 2060 adiec-

482 2087 571 2130 tiva
586 2091 708 2140 sunt,
731 2090 840 2129 certe
856 2087 1051 2142 Latium,
1074 2087 1283 2141 itemque,
1306 2087 1387 2128 nisi
1404 2086 1554 2141 fallor,
1577 2098 1629 2128 ea
1647 2098 1757 2140 quae
1772 2086 1930 2128 incerto

482 2166 585 2196 sexu
601 2158 697 2196 sunt
713 2187 722 2208 ,
741 2155 882 2210 apium
899 2155 1022 2209 apz'us
1037 2186 1047 2207 ,
1058 2154 1361 2209 fluvia-§fluvia
1378 2169 1390 2195 .·
1410 2154 1454 2195 in
1470 2152 1690 2195 adiectivis
1707 2155 1845 2195 autem
1860 2163 1930 2205 ge-

482 2220 646 2262 netivus
683 2220 851 2262 brevior
890 2220 1028 2261 locum
1068 2233 1152 2262 non
1187 2219 1313 2262 habet
1334 2252 1343 2274 ,
1375 2223 1416 2261 et
1451 2219 1693 2262 observavit
1722 2218 1930 2274 Hauptius

482 2287 541 2328 ita
561 2286 767 2328 Catullum
799 2286 958 2329 dixisse
988 2287 1193 2340 gignendi
1223 2299 1324 2328 casu
1355 2302 1377 2328 ο
1406 2288 1514 2328 mihi
1536 2287 1676 2328 nuntii
1700 2286 1811 2328 beati
1825 2287 1863 2340 9,
1880 2284 1929 2334 5,

483 2366 618 2407 neque
655 2366 906 2407 quemquam
941 2355 1085 2407 nunti,
1107 2353 1301 2406 quamvis
1332 2353 1543 2395 Ciceronis
1581 2354 1664 2395 sint
1698 2352 1858 2407 aquari
1890 2354 1932 2393 et

483 2421 702 2476 samum-i.
726 2424 867 2462 manet
893 2425 1033 2462 tamen
1054 2420 1186 2476 spatii
1195 2436 1210 2473 ,·
1230 2419 1342 2474 quod
1372 2419 1406 2461 si
1428 2420 1588 2473 antiqui
1617 2432 1716 2461 usus
1738 2422 1826 2472 est,
1849 2417 1931 2459 Ho-

483 2487 614 2529 ratius
646 2500 813 2541 quoque
844 2491 885 2529 01
911 2487 1063 2543 Caprz'i
1087 2486 1223 2541 prima
1259 2490 1452 2541 correpta
1481 2490 1521 2528 01
1550 2486 1698 2528 cadem
1726 2484 1933 2540 producta

485 2554 619 2610 Capri
643 2554 800 2596 dixisse
831 2558 902 2596 aut
930 2553 1149 2595 arbitrium
1177 2553 1379 2595 lectorum
1409 2553 1559 2595 fecisse
1587 2553 1749 2608 potuit.
1770 2551 1847 2594 sed
1876 2550 1932 2593 ad

484 2621 745 2676 Propertium
780 2620 927 2663 redibo
946 2653 954 2673 ‚
976 2633 1100 2674 quem
1135 2620 1306 2661 minime
1346 2623 1591 2662 novatorem
1629 2619 1759 2662 fuisse
1788 2619 1930 2673 001110,

484 2692 583 2743 puto
602 2721 610 2742 ,
632 2687 836 2741 Forbiger
865 2687 944 2729 sibi
965 2687 1202 2743 persuasit:
1224 2690 1335 2729 certe
1356 2699 1478 2729 nemo
1510 2690 1606 2729 ante
1636 2685 1746 2728 hunc
1765 2685 1931 2739 longius

485 2755 539 2797 ab
570 2754 745 2808 antiqua
786 2754 977 2796 castitate
1013 2753 1218 2796 sermonis
1253 2754 1456 2795 recessit.
1487 2754 1628 2807 itaque
1658 2753 1931 2796 Germanicus

486 2821 656 2875 quidem
677 2822 719 2862 in
750 2822 828 2863 hac
848 2834 893 2863 re
915 2823 1097 2863 veterem
1123 2819 1463 2862 consuetudinem
1493 2820 1704 2874 sequitur,
1727 2817 1931 2862 110111Μο-

486 2889 637 2943 nilius,
659 2888 856 2931 laudator
886 2887 1052 2930 Pisonis
1084 2886 1364 2942 Calpurnius,
1387 2886 1580 2929 Persius:
1610 2889 1754 2930 contra
1782 2884 1931 2940 primi,

486 2959 531 2996 ut
564 2968 590 2997 a
620 2955 811 2998 Bentleio
849 2959 959 2997 recte
995 2954 1261 2997 observatum
1299 2958 1387 3008 est,
1410 2953 1649 3008 Propertius
1686 2955 1726 2994 et
1755 2949 1930 2994 Ovidius
