2040 3328
473 232 526 275 98
1171 236 1213 277 ΙΙ

472 345 651 387 Fluvido
682 345 887 398 oblongus
924 349 964 386 et
998 345 1203 399 schedae,
1237 347 1467 399 quadratus
1490 348 1656 403 fluido.
1688 362 1912 390 conpone

473 415 682 454 corrector
713 411 882 465 oblongi
907 443 916 453 .
940 411 1099 466 liquido
1129 412 1386 465 quadratus.

581 478 676 521 453.
719 478 929 522 NAMQUE
959 491 1234 520 PAPAvEms
1270 494 1492 522 HAUSTUS
1521 495 1692 522 1rnMsr
1723 495 1911 523 macnus

471 558 605 590 onon
636 557 871 589 AQUARUM
894 576 903 586 .
926 545 1047 587 Hunc
1065 558 1235 588 versum
1255 546 1484 588 Lambinus
1505 547 1645 589 delere
1666 562 1792 603 quam
1823 562 1913 591 ora-

469 612 625 653 tionem
647 611 873 653 emendare
893 611 1066 654 maluit.
1085 612 1349 654 scribendum
1371 617 1434 655 est
1449 626 1539 655 cum
1556 614 1756 657 Mauricio
1772 616 1911 670 Haup-

468 678 527 719 tio
548 678 682 719 itemst
689 677 845 733 facilis
866 692 1015 724 QUASI
1035 695 1238 734 aquarum
1256 711 1264 720 .
1286 680 1458 722 Plautus
1478 680 1522 722 in
1543 680 1729 723 Poenulo
1749 697 1776 736 1,
1798 683 1835 736 2,
1857 683 1909 725 31

467 746 562 787 item
591 761 664 787 nos
686 746 926 800 perhiberi,
949 746 1084 796 Quasi
1108 744 1222 787 salsa
1250 747 1472 788 muriatica
1501 762 1587 789 esse
1617 756 1881 790 autumamur
1901 780 1911 791 .

467 811 577 853 idem
598 811 639 852 in
660 811 851 855 Rudente
871 827 929 867 111,
951 813 989 865 2,
1010 811 1065 854 46
1094 813 1303 868 Porriqite
1322 813 1520 855 hominem
1544 812 1721 868 pedibus
1749 814 1826 855 hue
1845 815 1912 856 iti-

467 877 557 920 dem
588 879 714 933 quasi
738 880 913 921 occisam
942 895 1052 921 suem
1080 910 1089 920 .
1122 879 1164 920 in
1193 879 1423 921 Mercatore
1450 894 1494 934 11,
1516 880 1553 934 2,
1574 879 1629 922 46
1658 880 1816 922 vetulus
1844 880 1910 923 de-

465 946 644 1000 crepitus
670 961 794 987 senex
826 945 1041 987 Tantidem
1071 954 1128 988 est
1158 948 1284 1001 quasi
1307 948 1362 988 sit
1390 948 1553 1002 siqnwm
1578 947 1735 1005 pictum
1764 947 1808 988 in
1827 963 1910 1002 pa-

465 1012 595 1053 riete.
626 1011 788 1053 Ennius
828 1011 941 1066 apud
972 1012 1204 1054 Varronem
1234 1012 1287 1054 de
1317 1013 1463 1066 lingua
1492 1012 1644 1055 Latina
1672 1027 1731 1053 vn
1761 1027 1800 1068 p.
1823 1013 1907 1055 320

468 1077 684 1119 Tantidem
716 1079 842 1132 quasi
853 1078 953 1130 feta
982 1094 1103 1120 canes
1132 1080 1220 1121 sine
1250 1079 1423 1121 dentibu'
1454 1079 1605 1121 latrat.

575 1144 670 1186 455.
722 1145 786 1185 Er
834 1158 1112 1186 szcunsus
1162 1159 1276 1186 ῙΤΕΜ
1323 1159 1569 1186 PRocmvn
1620 1159 1880 1188 vonnnrms
1897 1176 1908 1188 .

465 1210 706 1262 Quadratus
738 1212 936 1268 proclyve
958 1243 967 1253 .
1000 1212 1156 1266 optime
1194 1212 1398 1254 Marullus
1426 1225 1712 1253 PROCURSUS
1741 1214 1835 1255 item
1864 1215 1909 1256 in

458 1279 672 1334 proclive.
696 1277 748 1319 de
778 1278 1094 1332 praepositione
1124 1283 1262 1321 tamen
1293 1279 1524 1321 dissentio:
1546 1291 1644 1320 nam
1675 1278 1836 1321 Gellius
1865 1280 1909 1321 in

461 1357 502 1399 x,
520 1344 575 1386 24
603 1349 767 1388 veteres
792 1345 976 1400 proclive
996 1349 1036 1387 et
1051 1347 1235 1401 proclivi
1251 1345 1539 1388 indifferenter
1558 1345 1750 1400 posuisse
1781 1342 1906 1400 dicit,

460 1411 588 1466 idque
618 1411 677 1453 ita
703 1415 748 1453 ut
771 1424 822 1453 ea
842 1410 1137 1454 adverbiorum
1158 1414 1250 1455 loco
1271 1412 1469 1454 habenda
1489 1425 1582 1454 esse
1603 1412 1703 1454 satis
1724 1412 1906 1454 indicet.

461 1479 549 1532 egit
571 1479 624 1521 de
645 1478 724 1520 hoc
744 1491 899 1531 genere
919 1478 1138 1521 Madvicus
1159 1480 1213 1521 ad
1236 1480 1478 1523 Ciceronem
1499 1479 1553 1520 de
1571 1478 1722 1521 finibus
1742 1493 1783 1534 p.
1806 1479 1906 1534 766,

459 1558 594 1599 neque
624 1546 733 1587 hunc
753 1545 935 1588 Lucretii
965 1559 1130 1588 versum
1161 1546 1468 1601 praetermisit:
1498 1546 1649 1588 vellem
1679 1545 1721 1587 in
1749 1547 1906 1588 Tuscu-

459 1613 569 1654 lanis
589 1627 644 1667 ιν,
663 1613 715 1654 28
737 1611 959 1667 probasset
979 1613 1270 1655 Bentleianum
1296 1613 1479 1669 proclive
1507 1613 1598 1655 sive
1609 1612 1820 1668 proclivei
1830 1615 1904 1668 fe-

457 1688 608 1722 runtur
620 1680 851 1735 .proclivei‚
868 1679 1055 1733 inquam,
1073 1684 1118 1721 ut
1132 1680 1175 1721 in
1188 1682 1318 1722 Persa
1327 1680 1463 1721 Plauti
1478 1693 1520 1733 11,
1533 1679 1571 1732 3,
1584 1679 1608 1720 8
1626 1678 1692 1720 die
1707 1680 1903 1734 septimei.

567 1746 663 1789 456.
695 1745 862 1788 OMNIA
883 1760 1140 1787 POSTREMO
1166 1772 1212 1777 ——
1234 1747 1330 1790 458.
1358 1746 1408 1788 S1
1427 1759 1576 1787 Mmus
1597 1759 1754 1786 OMNIA
1784 1759 1904 1786 sun'r

458 1826 482 1852 E
511 1827 721 1854 annws
740 1845 748 1855 .
770 1814 896 1855 Recte
919 1814 1102 1856 Muretus
1134 1814 1186 1857 Si
1204 1815 1340 1857 minus
1360 1827 1421 1854 OM
1434 1813 1562 1854 Nrssn'
1585 1820 1680 1854 sunt
1700 1828 1720 1854 e
1749 1812 1904 1854 levibus

456 1889 578 1936 atque
605 1880 795 1923 rotundis
813 1913 822 1922 .

565 1946 661 1990 460.
699 1961 1089 1993 PENETRAREQUE
1126 1960 1247 1988 SAXA
1271 1978 1279 1986 .
1310 1946 1400 1988 Hoc
1435 1947 1583 1987 mirum
1614 1949 1677 1988 est
1706 1945 1759 1988 de
1789 1945 1902 1987 fumo

454 2012 618 2055 nebulis
654 2013 919 2069 flammisque
955 2014 1066 2068 dici,
1111 2013 1265 2067 quibus
1309 2014 1445 2066 magis
1482 2017 1805 2054 consentaneum
1841 2016 1904 2054 est

453 2080 645 2136 Punyere
680 2083 745 2123 uti
767 2083 932 2137 possint
967 2096 1115 2136 corpus
1146 2088 1442 2135 penetrareque
1478 2093 1622 2132 SESE,
1660 2079 1822 2121 scilicet
1856 2091 1902 2120 se

452 2152 675 2202 penetrare
705 2149 746 2189 in
777 2161 955 2202 corpus.

562 2214 658 2257 461.
704 2228 832 2260 QUOD
879 2229 1078 2260 CUMQUE
1120 2227 1332 2254 VIDEMUS
1375 2211 1613 2252 SENsmth
1649 2225 1900 2253 snnArUM.

451 2281 500 2322 In
530 2280 594 2323 his
623 2278 801 2336 primum
824 2281 919 2323 Itali
942 2281 1129 2323 fecerunt
1150 2297 1234 2322 esse
1265 2279 1431 2332 datum,
1463 2283 1548 2320 tum
1569 2278 1771 2319 Marullus
1792 2278 1904 2334 quod

450 2350 622 2404 quisque
651 2349 860 2402 videmus,
891 2352 1103 2402 postremo
1136 2347 1272 2388 Faber
1302 2346 1491 2389 Sentibus
1499 2362 1513 2399 ,-
1542 2346 1586 2386 in
1617 2345 1768 2398 quibus
1798 2344 1901 2386 nihil

449 2415 541 2456 sani
573 2419 660 2457 est.
683 2428 791 2457 unus
814 2415 1037 2457 Greechius
1068 2417 1181 2456 recte
1211 2412 1320 2454 vidit
1347 2411 1558 2454 ‘debuisse
1579 2412 1816 2453 Lucretium
1839 2411 1900 2453 af-

448 2480 615 2523 firmare
650 2481 783 2523 fluida
818 2482 900 2523 ista
936 2481 1167 2536 pungentia
1204 2483 1244 2522 et
1277 2478 1544 2534 penetrantia
1580 2482 1703 2520 acuta
1737 2479 1900 2520 semina

434 2560 532 2590 non
563 2548 701 2590 minus
731 2561 857 2601 quam
886 2549 999 2590 levia
1018 2551 1059 2590 et
1078 2546 1257 2588 rotunda
1283 2546 1494 2587 continere
1511 2546 1533 2586 .’
1567 2544 1726 2587 scilicet
1751 2543 1899 2586 eadem

445 2614 520 2657 illa
542 2614 609 2656 hie
629 2614 922 2668 significantur
939 2647 948 2667 ,
966 2615 1158 2670 Punyere
1180 2629 1284 2668 quae
1302 2620 1474 2668 possunt
1493 2627 1642 2666 corpus
1659 2611 1745 2652 Nec
1765 2619 1899 2654 tamen

445 2681 613 2724 haerere
633 2683 740 2724 inter
760 2698 802 2723 se
824 2713 832 2723 .
857 2681 935 2722 hoc
955 2680 1167 2721 intellecto
1190 2679 1354 2734 (debuit
1375 2681 1513 2719 autem
1543 2678 1622 2719 hoc
1648 2691 1756 2720 unus
1786 2677 1897 2731 quis-

445 2760 527 2801 que
556 2747 822 2802 intellegere)
852 2748 894 2789 in
925 2747 1088 2801 aliquot
1107 2745 1256 2788 litteris
1277 2757 1408 2800 prave
1439 2744 1605 2798 scriptis
1635 2757 1755 2786 mora
1781 2744 1897 2786 nulla

443 2827 537 2856 esse
558 2818 724 2870 potest,
755 2814 832 2857 sed
853 2814 985 2857 verba
1005 2814 1101 2868 ipsa
1121 2812 1371 2855 sententiam
1390 2814 1583 2853 secuntur
1601 2842 1611 2864 ‚
1634 2809 1713 2852 hoc
1741 2809 1865 2851 modo
1884 2840 1894 2862 ‚

443 2880 555 2936 quod
582 2897 751 2936 cumque
772 2894 1062 2922 VENENUMST
1083 2879 1267 2923 Sensibu'
1283 2911 1294 2932 ‚
1321 2877 1396 2920 sed
1413 2891 1580 2918 RARUM
1599 2908 1608 2918 .
1629 2877 1770 2930 itaque
1790 2891 1896 2918 rara

442 2948 573 3002 haec,
605 2963 713 3003 quae
733 2956 889 3003 puncto
919 2957 1094 3002 tempore
1129 2947 1265 2989 cernis
1295 2945 1543 3000 Diffuyere,
1575 2939 1676 2996 q'uia
1705 2945 1896 2998 pungunt
