2040 3328
880 249 946 292 III
1575 245 1655 289 159

171 368 264 412 diei
272 401 283 423 ,
290 366 408 425 fidei
416 400 428 422 ,
437 366 502 424 fio
519 382 533 409 .·
558 378 698 420 neque
720 363 1002 408 dubitandum
1023 367 1088 406 est
1108 362 1211 418 quin
1231 376 1362 405 unum
1382 361 1454 405 vel
1474 361 1656 404 alterum

171 435 534 494 praetermiserim
551 467 561 478 .
588 434 797 477 audaciai
821 431 1095 476 scribendum
1127 434 1191 475 est
1220 431 1266 474 in
1296 430 1606 487 Amphitruone
1627 444 1655 482 1,

174 506 211 562 1,
232 505 329 558 211,
353 502 609 547 Charmidai
630 502 877 544 Trinummo
898 516 943 553 11,
961 503 1000 556 2,
1025 501 1091 556 78,
1113 500 1296 557 stipulai
1311 499 1446 542 Persa
1458 513 1502 553 11,
1525 498 1564 554 2,
1586 497 1654 552 62,

157 573 364 631 familiai
375 573 610 614 Mercatore
627 585 667 626 v,
693 571 737 627 1,
759 570 804 626 5,
826 571 968 612 morai
978 568 1122 612 Sticho
1139 583 1196 624 1v,
1222 568 1263 623 1,
1286 568 1359 623 31,
1383 571 1425 610 et
1444 567 1488 609 in
1509 566 1657 623 primis

170 641 381 697 Amphitr.
396 655 424 696 1,
437 641 473 695 1,
485 640 568 682 228
581 640 696 682 Nam
706 639 1029 695 Amphitruonis
1039 637 1259 681 Sosiaime
1272 653 1358 679 esse
1374 636 1493 678 volui
1505 634 1656 689 dicere,

170 709 244 754 ubi
265 709 366 752 libri
382 710 541 751 socium
562 725 612 752 ne
638 725 727 751 me.
750 720 836 750 non
857 710 1070 762 repugnat
1090 706 1269 760 regulae
1286 705 1432 761 Neque
1455 712 1657 762 quantam

170 779 343 836 aquaist
363 779 409 820 in
429 778 567 831 mari,
590 776 705 832 quod
726 780 792 819 est
812 776 856 818 in
878 775 1069 818 Poenulo
1086 789 1114 829 1,
1136 775 1176 829 3,
1200 774 1267 829 23,
1291 773 1476 827 itemque
1498 775 1658 814 rectum

170 851 235 890 est
254 846 315 890 ad
342 847 415 888 hoe
444 845 558 903 quod
587 845 712 888 dieist
742 844 784 886 in
816 843 967 888 eadem
997 858 1025 898 1,
1048 843 1087 898 2,
1113 843 1166 885 8.
1189 842 1250 884 ita
1270 841 1498 884 Terentius
1529 839 1659 882 habet

170 915 274 969 diei,
297 914 476 970 O'linz’ai,
494 914 585 957 sine
603 914 781 956 elisione
799 928 809 968 3
830 913 930 956 item
948 912 1166 966 Vergilius
1183 911 1333 967 aquai,
1350 910 1488 963 aulai,
1512 909 1658 962 aurai,

165 984 325 1041 pictai,
350 983 516 1037 Aenea,
540 983 750 1038 Phoebea,
779 982 888 1035 diei,
911 982 1026 1036 Elei,
1050 980 1231 1038 Grynei,
1254 979 1482 1032 Anchiseo,
1504 977 1659 1033 Sopho-

171 1052 276 1108 cleo,
298 1052 539 1106 Achilleae,
560 1051 740 1105 Aeneae,
764 1050 887 1104 Ceae,
912 1049 1263 1103 Laomedonteae,
1286 1043 1517 1099 Phoebeae,
1541 1045 1658 1098 eheu,

170 1121 242 1177 Io,
276 1120 385 1168 Clio,
420 1119 643 1173 Peridiae,
676 1118 816 1173 Geloi,
849 1134 938 1173 eoo,
976 1134 1117 1172 euroo,
1150 1117 1252 1160 Inoo
1268 1133 1283 1171 ,·
1313 1116 1562 1172 Propertius
1591 1114 1659 1157 his

171 1190 301 1232 etiam
330 1190 482 1245 plura,
515 1187 592 1231 sed.
625 1187 821 1242 Graeca3
853 1187 926 1229 alii
956 1190 1112 1241 poetae
1143 1186 1262 1228 alia.
1291 1186 1334 1227 in
1365 1185 1431 1227 his
1462 1183 1660 1226 Tibullus

170 1271 258 1300 non
289 1258 462 1313 scripsit
481 1257 586 1299 Eleo
616 1265 676 1299 est
705 1271 732 1311 1,
754 1257 794 1310 4,
819 1256 886 1310 32,
911 1255 989 1297 sed
1019 1255 1187 1308 Eleost,
1220 1258 1262 1297 et
1291 1253 1513 1297 Lucretius
1533 1253 1577 1294 in
1599 1266 1660 1305 111,

170 1326 255 1370 624
276 1326 478 1369 animaist
499 1324 600 1380 (hoc
623 1324 734 1367 enim
758 1323 929 1367 Nakius
951 1328 1064 1366 recte
1082 1323 1208 1378 vidit)
1228 1323 1300 1366 ubi
1318 1323 1416 1365 libri
1434 1323 1662 1375 animaest;

170 1394 286 1438 idem
306 1394 351 1437 in
371 1409 429 1450 1v,
450 1393 571 1450 1083,
593 1406 648 1436 ne
664 1393 807 1435 rabiei
821 1391 932 1435 unde
954 1391 1183 1435 dicendum
1204 1395 1343 1446 esset,
1367 1390 1501 1434 semel
1521 1390 1661 1432 rabies

169 1464 214 1506 in
245 1462 452 1519 gignendi
483 1475 586 1505 casu
603 1495 613 1506 .
635 1462 780 1517 itaque
800 1462 910 1504 vitai
927 1477 969 1504 es
990 1461 1034 1504 in
1066 1461 1377 1517 epigrammate
1408 1463 1582 1514 vetere,
1607 1457 1661 1500 de

169 1545 253 1587 quo
275 1531 366 1574 dixi
387 1530 445 1574 ad
466 1531 621 1574 librum
642 1545 670 1586 1,
692 1531 788 1586 993,
811 1530 1176 1586 pronuntiandum
1198 1534 1262 1572 est
1282 1530 1424 1572 vitai’s
1441 1561 1450 1570 .
1473 1527 1550 1571 alii
1571 1526 1661 1570 hia-

169 1605 258 1644 tum
278 1600 461 1644 vitiosae
481 1600 654 1643 elisioni
674 1599 996 1656 praetulerunt,
1027 1602 1074 1641 ut
1100 1599 1325 1656 Panopeae
1346 1606 1384 1640 et
1403 1598 1507 1640 Inoo
1523 1630 1534 1651 ,
1566 1612 1662 1639 eoae

168 1668 424 1724 Atlantides,
445 1669 647 1726 Hyantea
662 1669 902 1726 Aqanippe,
924 1668 1115 1710 Bacchei
1126 1668 1315 1710 ululatus
1331 1699 1341 1709 .
1363 1667 1438 1722 qui
1455 1666 1562 1708 haec
1579 1666 1662 1708 sin-

170 1739 275 1794 gula
294 1741 410 1781 recte
430 1738 735 1794 perpenderit,
759 1736 886 1782 facile
908 1736 1080 1791 credet,
1112 1735 1256 1791 siquid
1277 1749 1462 1791 usquam
1482 1734 1662 1790 regulae

169 1820 412 1864 repugnare
449 1807 589 1850 visum
625 1805 780 1862 fuerit,
812 1805 857 1848 id
886 1805 1076 1848 librariis
1106 1806 1250 1861 potius
1281 1818 1410 1860 quam
1440 1807 1664 1860 poetarum

169 1875 475 1932 neglegentiae
513 1875 845 1919 adscribendum
882 1888 978 1918 esse
1002 1907 1012 1918 .
1039 1874 1287 1917 notissimus
1325 1878 1390 1916 est
1424 1872 1663 1917 versiculus

104 1954 106 1956 ’
171 1945 424 2000 Ciceronis,
455 1945 527 2000 qui
558 1944 620 1986 ita
651 1945 832 2000 scriptus
862 1944 1004 1986 editur
1026 1943 1080 1986 de
1102 1942 1370 1986 divinatione
1391 1957 1418 1996 1,
1442 1942 1510 1998 22,
1530 1941 1664 1998 Inque

170 2013 406 2056 Academia
427 2013 662 2068 umbrifera
682 2012 899 2069 nitidoque
919 2013 1079 2070 Lyceo,-
1100 2012 1143 2053 in
1165 2024 1249 2066 quo
1271 2011 1482 2053 rationem
1504 2009 1664 2052 habere

170 2082 320 2138 incipit
340 2080 458 2136 quod
478 2080 672 2124 Moserus
694 2081 815 2124 nulla
841 2094 936 2123 cum
957 2081 1124 2124 ratione
1155 2079 1430 2123 scribendum
1461 2079 1662 2132 coniecit,

180 2150 425 2207 Umbrif'era
453 2151 581 2207 inque
611 2150 847 2192 Academia
864 2182 874 2192 .
898 2149 974 2193 sed
1007 2149 1257 2193 credibilius
1290 2153 1354 2192 est
1385 2148 1662 2202 Ciceronem,

174 2232 269 2261 cum
299 2218 373 2262 alii
395 2217 586 2261 Graecos
617 2218 915 2274 imitarentur,
946 2219 1120 2273 linguae
1143 2218 1327 2261 Latinae
1356 2218 1663 2274 proprietatem

171 2287 296 2342 sequi
318 2287 524 2330 maluisse
542 2320 553 2342 ,
583 2291 630 2329 ut
650 2286 930 2330 Academiam
952 2287 1219 2343 paenultima
1251 2291 1449 2343 correpta
1480 2286 1661 2339 diceret,

170 2368 298 2412 quem
334 2355 567 2399 admodum
605 2359 773 2400 veteres
802 2369 891 2398 non
921 2369 1061 2412 pauca
1092 2355 1360 2412 diphthongo
1392 2355 1562 2399 Graeca
1593 2367 1663 2397 ex-

170 2427 349 2468 tenuata
364 2425 641 2481 protulerunt,
663 2430 709 2469 ut
715 2426 918 2482 plateam,
938 2441 1207 2483 yynaeceum,
1229 2424 1478 2476 Seleuciam,
1499 2425 1664 2480 Epeum

171 2493 252 2551 (ita
273 2493 451 2537 Plautus
481 2494 526 2536 in
556 2507 683 2537 versu
715 2493 927 2549 quadrato
959 2494 1123 2551 aneztm
1141 2493 1390 2550 fumifioum
1421 2493 1538 2549 apud
1560 2493 1664 2535 Var-

171 2575 319 2605 ronem
349 2562 404 2604 de
423 2562 572 2618 lingua
591 2563 748 2606 Latina
768 2577 829 2604 vn
858 2577 900 2619 p.
919 2562 1025 2617 324,
1058 2562 1137 2605 sed
1166 2562 1281 2605 idem
1311 2562 1356 2604 in
1380 2561 1664 2604 Bacchidibus

170 2644 228 2685 IV,
251 2630 291 2685 9,
316 2630 368 2673 13
388 2631 546 2688 Epiust
566 2631 856 2687 Pistoclerus),
877 2632 980 2674 item
996 2631 1320 2674 Ptolemocratia
1340 2630 1384 2672 in
1406 2629 1602 2672 Rudente
1618 2643 1663 2683 11,

171 2699 212 2754 5,
234 2698 318 2753 24,
338 2699 386 2741 in
407 2690 602 2755 Captivis
624 2701 748 2743 Alios
761 2733 772 2754 ,
795 2701 1043 2756 Philippeos
1062 2700 1196 2742 tribus
1218 2699 1423 2742 brevibus
1444 2732 1453 2753 ,
1486 2702 1528 2741 et
1548 2696 1663 2752 quod

172 2766 358 2810 maxime
380 2767 532 2810 mirum
554 2774 631 2824 est,
666 2769 746 2812 C'oo
768 2769 860 2811 sive
892 2768 994 2811 Chio
1016 2768 1154 2823 (quod
1185 2769 1228 2810 in
1249 2767 1536 2810 Ambrosiano
1569 2779 1664 2809 esse

174 2835 447 2892 Geppertus,
484 2837 551 2879 vir
581 2836 882 2891 doctissimus,
919 2836 1022 2878 mihi
1054 2836 1281 2891 indicavit)
1313 2836 1573 2879 adiectivum
1604 2835 1664 2878 di-

171 2904 388 2961 syllabum
409 2904 552 2960 priore
574 2909 773 2961 correpta
793 2905 838 2946 in
859 2904 1051 2947 Poenulo
1074 2919 1134 2961 111,
1158 2906 1197 2960 3,
1220 2905 1275 2947 86
1292 2937 1302 2947 .
1325 2904 1402 2947 sed
1425 2905 1506 2948 000
1537 2905 1663 2948 Statii

174 2973 381 3017 silvarum
403 2988 431 3028 1,
454 2973 493 3028 2,
516 2973 600 3016 252
631 2978 696 3016 est
716 2986 743 3016 a
773 2976 888 3016 recto
911 2968 1072 3028 Κόως,
1105 2973 1342 3028 eodemque
1371 2973 1500 3016 modo
1531 2974 1664 3030 scrip-

172 3046 262 3086 tum
282 3042 328 3085 in
350 3041 570 3085 Ciceronis
591 3041 647 3084 ad
669 3042 853 3086 Atticum
875 3042 1152 3099 epistularum
1173 3043 1281 3086 libro
1304 3058 1362 3099 rx,
1385 3044 1424 3098 9,
1448 3044 1474 3086 2
1493 3058 1502 3086 ε
1523 3056 1664 3099 neque
