2040 3328
918 245 979 287 iv
1446 300 1448 303 y
1607 243 1687 286 221

214 361 332 404 cretii
362 374 449 402 xxv
479 363 521 402 et
551 358 725 415 capituli
763 359 938 402 titulus.
962 371 1013 400 ac
1052 357 1236 413 primum
1266 356 1439 412 quidem
1471 355 1552 397 hoc
1584 355 1690 410 fuit,

212 429 397 481 Quorum
416 444 546 470 unum
567 427 737 484 quidvis
759 427 902 469 leviter
921 426 1087 482 siforte
1118 426 1277 468 duobus
1298 426 1497 481 Attz'729as
1518 423 1664 479 dzjqz'tz's
1681 457 1691 478 ,

212 497 255 538 in
287 509 381 538 eam
413 495 667 539 sententiam
698 508 823 550 quam
846 495 1058 538 Homerus
1088 494 1132 536 in
1154 493 1363 536 infinitum
1393 493 1513 535 auxit
1533 491 1692 534 de.un-

212 569 369 619 guento
391 565 567 607 Iunonis
599 564 745 606 dicens
781 564 874 606 Τοῦ
903 562 978 606 καὶ
1012 561 1264 616 κινυμένοιο
1296 561 1412 613 Διὸς
1441 559 1553 604 κατὰ
1581 560 1693 614 χαλ-

212 633 398 687 κοβατὲς
435 633 500 676 δῶ
521 627 694 689 ’Ἐμπης
730 631 774 684 ἐς
809 628 940 689 γαῖάν
969 647 1018 674 τε
1053 631 1129 674 καὶ
1159 626 1347 687 οὐρανὸν
1382 625 1485 672 ιἵκετ’
1520 625 1661 686 ἀυτμή
1682 662 1692 671 .

212 700 363 743 horum
392 701 524 755 igitur
555 702 767 744 elementa
787 701 1068 743 subtilissima
1098 713 1193 742 esse
1224 699 1421 750 dicebat,
1447 702 1488 741 et
1518 698 1692 740 omnino

211 767 267 812 τὰ
299 765 466 812 εἴδωλα
485 771 583 821 ταῖς
605 765 869 826 λεπτότησιν
896 764 1248 826 ἀνυπερβλήτοις
1269 768 1540 824 κεχρῆσθαι,
1563 771 1609 808 ut
1630 771 1694 809 est

214 837 331 894 apud
358 838 577 881 Lae'rtium
607 853 648 893 x,
666 838 719 881 47
740 871 749 880 .
771 837 940 881 videtur
970 842 1112 880 tamen
1143 837 1209 879 his
1239 836 1452 879 adiecisse
1483 851 1570 878 esse
1599 836 1696 877 item

212 907 378 949 maiora
407 907 664 962 simulacra,
688 906 851 949 scilicet
881 918 904 948 e
934 905 1079 947 multis
1111 909 1240 960 atque
1261 903 1496 946 innumeris
1518 903 1629 945 inter
1650 916 1695 945 se

214 974 450 1018 coniunctis
472 975 652 1031 effecta,
681 979 727 1017 ut
747 974 956 1029 fulgorem
978 973 1092 1028 ignis
1115 973 1322 1027 aetherii,
1346 986 1429 1027 quo
1460 972 1570 1014 inter
1590 971 1697 1013 toni-

214 1046 353 1085 truum
385 1044 550 1087 sonitus
581 1044 726 1087 omnia
757 1047 1018 1099 occupentur
1039 1045 1080 1084 et
1112 1041 1436 1095 contineantur,
1466 1054 1552 1086 qu
1583 1053 1696 1080 rm,-

213 1125 331 1152 MINE
364 1126 519 1154 CLARO
542 1111 706 1156 OMNIA
726 1126 817 1153 PER
838 1125 1045 1153 SONITUS
1077 1124 1263 1165 ARCET,
1287 1122 1695 1163 TERRAM,MAR1·:,

216 1194 415 1222 cAELtm
432 1212 441 1222 .
469 1184 729 1236 postremum
760 1184 852 1223 erat
881 1179 988 1235 hoc,
1011 1193 1104 1222 cum
1135 1184 1256 1221 tanta
1286 1179 1341 1220 sit
1372 1178 1697 1220 simulacrorum

215 1248 459 1303 subtilitas,
481 1248 571 1291 fieri
602 1262 688 1291 non
720 1261 848 1304 posse
877 1252 923 1290 ut
948 1248 1119 1302 singula
1149 1247 1345 1290 sensibus
1377 1246 1533 1289 nostris
1563 1245 1698 1300 perci-

215 1317 416 1372 piantur,
440 1317 599 1373 quippe
620 1333 742 1360 cassa
762 1333 886 1360 sensu
900 1350 911 1370 ,
934 1316 1049 1371 quod
1081 1319 1146 1358 est
1165 1316 1208 1357 in
1230 1329 1357 1358 versu
1383 1315 1462 1357 128
1481 1347 1490 1356 .
1510 1314 1618 1356 haec
1638 1314 1699 1356 ita

215 1385 306 1428 fere
337 1398 365 1427 a
394 1388 524 1440 poeta
555 1386 752 1441 exposita
783 1385 917 1427 fuisse
939 1384 1064 1427 certis
1096 1384 1266 1426 indiciis
1288 1384 1380 1427 sine
1410 1383 1502 1426 ulla
1532 1382 1698 1424 dubita-

215 1453 332 1496 tione
353 1466 662 1508 cognoscamus
692 1453 818 1496 licet.
840 1453 980 1509 prima
1011 1453 1136 1495 huius
1164 1452 1258 1494 libri
1291 1452 1454 1507 pagina
1474 1452 1518 1493 in
1551 1450 1698 1493 codice

217 1535 268 1564 eo
301 1534 354 1564 ex
385 1534 469 1576 quo
500 1522 634 1565 nostri
665 1522 865 1578 descripti
897 1525 994 1564 sunt
1018 1520 1200 1563 indicem
1233 1520 1513 1576 capitulorum
1534 1518 1696 1573 tenuit,

216 1603 343 1645 quem
380 1589 516 1633 codex
553 1589 767 1645 oblongus
803 1590 847 1631 in
883 1603 1032 1633 versus
1063 1604 1167 1630 xxv1
1205 1588 1462 1644 dispositum
1499 1587 1694 1630 exhibet:

215 1671 315 1701 nam
346 1658 452 1702 haec
473 1672 584 1715 quae
616 1659 884 1702 subiecturus
905 1672 998 1701 sum
1026 1659 1200 1713 singula
1220 1657 1380 1712 singuli
1401 1669 1551 1700 versus
1573 1659 1697 1711 sunt,

466 1750 485 1784 7
512 1751 562 1786 De
587 1751 763 1785 celeritate
789 1754 886 1785 tactu
912 1750 1022 1784 videri

444 1810 483 1843 11
510 1809 561 1844 De
587 1810 700 1844 turbis
726 1809 767 1844 de
793 1810 917 1844 umbra
941 1810 1093 1843 hominis

444 1867 486 1902 15
511 1868 562 1902 De
587 1867 717 1902 auditis
742 1878 940 1912 colpoream
966 1879 1041 1902 esse
1066 1877 1186 1901 vocem

442 1926 487 1960 24
512 1926 563 1960 De
588 1926 798 1960 ambulando
894 1927 944 1960 De
970 1936 1091 1960 somno
1107 1952 1114 1959 .

216 2007 261 2049 in
290 2018 447 2050 aversa
475 2005 641 2061 pagina
678 2006 757 2048 fuit
793 2006 975 2061 primum
1013 2005 1187 2060 titulus,
1218 2004 1315 2047 Sibi
1346 2005 1698 2048 iucundissimum

217 2091 330 2129 esse,
353 2077 522 2128 cetera,
546 2087 657 2127 quae
686 2074 807 2129 quasi
838 2074 1022 2129 primum
1044 2073 1170 2116 huius
1200 2073 1300 2116 libri
1327 2087 1497 2117 versum
1529 2073 1700 2116 exhibet

216 2143 453 2197 oblongus,
477 2141 713 2197 quadratus
735 2143 867 2184 minio
889 2142 1049 2197 scripta
1075 2142 1314 2185 uncialibus
1337 2142 1489 2185 litteris
1508 2158 1518 2197 ς
1542 2142 1698 2184 deinde

215 2224 364 2254 versus
394 2223 482 2252 xxv
502 2211 628 2267 primi
647 2245 656 2254 .
679 2211 724 2253 in
755 2210 914 2253 scheda
940 2210 1131 2253 secunda
1151 2224 1301 2253 versus
1322 2226 1404 2265 L11,
1428 2224 1455 2254 a
1486 2211 1540 2254 26
1561 2224 1698 2264 usque

216 2279 274 2323 ad
304 2280 386 2334 76,
411 2292 506 2321 cum
536 2279 658 2321 titulo
687 2283 786 2321 ante
808 2279 863 2321 29
882 2311 891 2321 .
914 2278 958 2320 in
989 2279 1132 2334 priore
1153 2279 1339 2323 schedae
1361 2280 1513 2322 tertiae
1534 2279 1700 2335 pagina

214 2361 364 2391 versus
395 2351 550 2403 poetae
571 2362 670 2401 xxv,
690 2348 713 2390 7
719 2348 742 2389 7
747 2348 884 2390 —101
904 2379 914 2400 ,
936 2347 1086 2390 titulus
1118 2351 1218 2390 ante
1240 2347 1294 2390 98
1312 2363 1321 2402 3
1345 2348 1389 2390 in
1419 2361 1576 2391 aversa
1597 2348 1699 2390 item

214 2429 302 2458 xxv
333 2429 427 2459 cum
449 2416 601 2472 titulo,
629 2416 851 2459 102-126
870 2449 878 2457 .
900 2416 1039 2471 potuit
1069 2416 1200 2470 igitur
1230 2416 1325 2471 hic,
1348 2417 1420 2459 ubi
1452 2431 1603 2460 sensus
1625 2416 1698 2459 im-

215 2484 431 2540 perfectus
462 2489 555 2540 est,
579 2484 740 2540 aliquid
760 2484 968 2540 periisse;
991 2498 1076 2526 non
1097 2485 1224 2527 nimis
1247 2486 1382 2528 multa
1402 2490 1544 2528 tamen
1563 2518 1572 2540 ,
1597 2485 1701 2540 quia

216 2556 346 2608 poeta
361 2566 407 2595 se
427 2565 518 2595 rem
534 2554 688 2609 paucis
710 2553 865 2596 docere
887 2552 989 2595 dicit
1012 2553 1119 2609 1153
1142 2566 1245 2607 ergo
1266 2567 1354 2596 non
1375 2558 1461 2597 tres
1482 2554 1670 2609 paginae
1688 2586 1697 2607 ,

217 2620 295 2663 sed
323 2633 436 2662 una:
458 2634 558 2663 nam
588 2620 694 2663 duas
725 2620 878 2664 deesse
908 2634 996 2663 non
1026 2634 1156 2676 posse
1185 2621 1390 2664 concedet
1420 2623 1493 2676 qui
1525 2636 1577 2664 ca
1606 2634 1698 2676 per-

218 2688 381 2743 ceperit
411 2701 522 2742 quae
552 2688 692 2730 dicam
728 2689 785 2731 ad
816 2702 987 2732 versum
1021 2689 1128 2730 144.
1151 2702 1291 2743 neque
1327 2703 1379 2732 ea
1409 2691 1573 2745 pagina
1595 2703 1699 2730 xxv1

218 2755 477 2798 carminibus
509 2756 723 2812 constitit,
745 2757 822 2800 sed
854 2757 934 2799 fuit
953 2758 998 2799 in
1029 2770 1082 2799 ea
1102 2762 1272 2812 praeter
1300 2758 1492 2799 carmina
1521 2758 1696 2812 tituluS,

217 2837 342 2879 quem
371 2823 536 2866 indices
565 2824 674 2866 libro
705 2825 941 2879 praepositi
963 2825 1190 2879 exhibent,
1214 2838 1309 2867 cum
1330 2826 1442 2868 intus
1473 2826 1584 2867 inter
1606 2839 1698 2868 ver-

218 2905 291 2935 sus
311 2905 396 2934 non
414 2896 684 2947 compareat,
707 2893 812 2934 Esse
832 2894 929 2934 icem
943 2894 1108 2935 maiora
1125 2925 1134 2935 .
1157 2906 1232 2935 eos
1253 2898 1396 2936 autem
1415 2906 1566 2936 versus
1591 2907 1698 2948 quos

218 2959 316 3002 huic
346 2959 534 3015 paginae
565 2973 696 3015 supra
726 2960 926 3015 attribui,
950 2961 1114 3003 Probus
1145 2966 1187 3003 et
1214 2961 1388 3004 Servius
1421 2963 1698 3004 rettulerunt.

218 3028 347 3072 Probi
377 3029 513 3071 verba
543 3032 642 3071 sunt
672 3027 778 3072 haec
809 3030 853 3071 in
885 3030 1189 3072 commentario
1213 3029 1268 3071 ad
1300 3030 1494 3085 eclogam
1525 3045 1568 3071 vi
1598 3030 1699 3074 Ver·
1757 3052 1759 3054 ·
