2040 3328
957 250 978 292 I
1658 254 1710 296 21

227 363 348 404 auris
367 362 492 416 mihi,
529 363 754 405 Memmius·
775 362 1033 418 (Lambinus
1056 364 1340 419 Memmiada)
1354 398 1365 418 ,
1390 374 1427 407 et
1447 374 1483 408 te
1505 365 1712 408 Semotum

226 447 254 474 a
282 432 400 474 curis
429 430 580 473 adhibe
595 447 610 486 ;
642 430 757 486 quod
780 436 845 474 est
865 430 1016 473 durum
1048 435 1090 474 et
1120 433 1386 486 quaesitum.
1410 434 1513 476 mihi
1543 435 1713 477 verissi-

226 512 340 541 mum
369 498 598 542 videbatur
627 505 694 553 et,
726 499 886 554 nequid
918 499 1209 555 dissimulem,
1242 501 1382 544 adhuc
1412 502 1533 545 unice
1564 506 1712 558 aptum

226 568 397 612 videtur
417 583 574 611 vacuas
595 569 716 611 auris
736 582 1036 615 ANIMUMQUE
1054 602 1063 624 ,
1086 582 1197 624 age,
1227 570 1426 624 Memmi,
1458 570 1664 614 semotum
1686 589 1712 615 a

226 637 342 680 curis
362 635 513 678 adhibe
538 653 680 680 veram
711 637 771 679 ad
797 638 1002 679 racionem
1021 670 1030 678 .
1052 637 1222 680 interim
1243 638 1426 681 Iacobus
1449 639 1711 695 Ber-naysius

226 718 323 748 cum
353 717 381 747 a
400 703 638 747 Veronensi
659 705 889 761 interprete
911 695 1092 759 Vergilii
1124 706 1180 748 ad
1212 708 1444 760 georgicon
1475 722 1548 763 111,
1582 709 1608 750 3
1632 710 1712 750 Lu-

226 773 358 817 cretio
379 773 487 815 haee
506 773 643 816 Verba
663 773 850 816 adscribi
881 773 1062 816 Vidisset
1079 807 1089 829 ,
1121 790 1277 817 vacuas
1298 791 1423 817 aures
1444 777 1715 832 animumque.

226 855 485 897 SAGACEM‚
517 854 571 884 ea
590 842 748 884 rectius
770 842 828 884 ad
849 841 992 896 operis
1024 842 1193 884 initium
1223 843 1373 885 referri
1404 844 1553 885 statuit
1583 857 1711 898 quam

225 910 282 954 ad
303 911 459 953 librum
478 923 549 964 lv,
572 909 682 965 912,
715 911 788 953 ubi
810 914 875 967 est
898 911 962 953 Tu
981 911 1090 953 mihi
1107 911 1164 953 da
1188 911 1323 954 tenuis
1346 927 1472 954 aures
1505 912 1710 954 animum-

226 995 306 1037 que
326 995 521 1036 saqacem
536 1011 547 1033 ‚
578 991 665 1020 non
686 995 844 1021 vacuas
862 1011 871 1020 .
895 979 961 1020 cui
985 979 1108 1021 docto
1130 980 1222 1022 viro
1244 984 1290 1021 ut
1310 993 1395 1022 non
1415 993 1593 1035 possum
1615 992 1710 1022 con-

225 1052 293 1090 tra
314 1047 483 1102 dicere,
515 1047 578 1088 ita
597 1047 727 1089 miror
748 1046 930 1090 eundem
956 1047 1001 1089 id
1031 1059 1119 1089 non
1139 1047 1328 1103 vidisse,
1361 1048 1504 1103 quod,
1536 1049 1572 1091 si
1603 1048 1711 1091 illud

225 1129 375 1160 verum
406 1115 487 1170 sit,
519 1115 764 1158 necessario
787 1119 1099 1170 consequatur,
1130 1119 1176 1158 ut
1206 1121 1305 1159 ante
1327 1117 1404 1160 hos
1426 1130 1603 1173 versus,
1635 1118 1710 1160 ubi

226 1184 439 1228 emblema
469 1183 524 1225 ab
555 1183 635 1225 hoc
665 1183 759 1226 loco
791 1183 979 1226 alienum
1012 1183 1364 1240 repudiavimus,
1396 1198 1501 1228 vera
1523 1186 1709 1228 Lucretii

225 1253 361 1296 verba
388 1250 617 1308 perierint:
650 1265 751 1294 nam
772 1256 817 1294 ut
837 1256 966 1307 poeta
987 1265 1014 1295 a
1034 1252 1202 1295 Venere
1230 1253 1470 1296 orationem
1501 1253 1556 1297 ad
1580 1254 1708 1296 Mem-

224 1322 356 1364 mium
391 1333 445 1363 ne
482 1320 655 1363 nomine
692 1320 865 1375 quidem
896 1320 1161 1376 appellatum
1194 1320 1438 1365 deflecteret
1468 1321 1558 1364 fieri
1590 1322 1708 1364 nullo

223 1388 352 1433 modo
384 1389 551 1445 potuit.

312 1458 406 1569 ἐξ.
439 1457 620 1509 Qnovn
658 1471 826 1500 EADEM
856 1470 1080 1500 RURSUM.
1107 1457 1235 1513 Apud
1267 1457 1502 1514 Senecam,
1541 1458 1612 1514 qui
1642 1457 1708 1500 his

224 1539 311 1582 qua
376 1540 425 1570 or
468 1526 665 1570 versibus
702 1527 857 1582 utitur,
905 1527 948 1568 in
985 1526 1174 1582 epistula
1207 1540 1319 1582 XCV,
1358 1527 1529 1583 Quoque
1564 1525 1709 1569 eadem

223 1612 376 1639 ‘rursus
392 1628 401 1638 .

339 1665 408 1707 66.
439 1677 691 1706 MORTALIS
713 1677 939 1706 'romi-:RE
967 1676 1162 1705 CONTRA
1182 1663 1280 1705 EST
1312 1677 1506 1705 ocunos
1538 1677 1708 1706 Ausus.

225 1732 348 1785 Quae
377 1732 455 1776 hos
485 1745 635 1775 versus
665 1732 957 1789 praecedunt,
991 1745 1138 1774 eorum
1168 1736 1290 1787 parte
1312 1732 1481 1775 Nonius
1511 1745 1614 1774 usus
1646 1737 1710 1775 est

222 1815 264 1858 p.
287 1801 399 1857 314,
421 1801 476 1844 28
498 1805 540 1844 et
560 1801 671 1857 379,
697 1802 748 1844 13
766 1835 775 1857 ,
798 1801 900 1844 item
919 1815 960 1856 p.
983 1801 1064 1843 327
1079 1833 1089 1855 ,
1124 1801 1146 1841 1
1165 1833 1175 1854 ,
1208 1801 1296 1843 alia
1316 1804 1440 1856 parte
1461 1800 1708 1843 Lactantius

223 1869 537 1913 institutionum
552 1884 601 1911 111
617 1902 627 1921 ‚
650 1871 703 1913 27
723 1903 732 1924 ,
760 1871 813 1913 10
832 1871 892 1912 ita
910 1903 920 1925 ,
943 1870 1060 1921 Quae
1081 1885 1168 1911 sese
1188 1869 1300 1911 caeli
1315 1870 1557 1925 regionibus
1578 1878 1707 1911 osten-

222 1938 337 1980 tabat
352 1970 362 1980 .
392 1938 455 1980 sic
475 1942 590 1981 certe
611 1938 671 1981 ibi
694 1938 825 1981 editio
847 1939 1013 1982 Veneta
1034 1937 1135 1979 anni
1170 1937 1277 1979 1471
1312 1940 1354 1978 et
1375 1936 1707 1979 Rostockcensis

226 2006 494 2062 1476,‚item
526 2007 663 2051 codex
692 2020 805 2050 nunc
835 2005 1127 2050 Berolinensis
1158 2004 1309 2060 (theol.
1331 2005 1469 2059 381),
1502 2005 1603 2047 olim
1634 2005 1708 2047 Er-

223 2073 452 2131 furtensis,
475 2076 656 2131 scriptus
678 2089 791 2118 anno
817 2075 925 2118 1468
945 2090 954 2116 ι
976 2087 1076 2116 nam
1094 2073 1179 2115 duo
1201 2073 1276 2115 alii
1294 2107 1304 2129 ,
1328 2073 1399 2128 qui
1416 2073 1516 2115 olim
1538 2072 1710 2115 fuerunt

222 2141 389 2185 ‘domus
419 2144 607 2198 gloriose
627 2144 807 2199 virginis
829 2143 964 2186 Marie
995 2143 1039 2184 in
1062 2142 1364 2184 Evertzclusen
1396 2141 1560 2184 ordinis
1582 2154 1707 2183 cano-

222 2210 414 2254 nicorum
457 2211 720 2267 regularium
755 2210 1038 2255 Treverensis
1084 2209 1278 2252 diocesis’
1314 2210 1488 2264 (eorum
1527 2210 1707 2252 alterum

222 2279 379 2334 (theol.
400 2280 512 2335 277)
544 2279 772 2336 descripsit
810 2293 863 2322 ex
893 2279 1029 2321 altero
1061 2277 1196 2334 (266)
1227 2277 1481 2320 ‘Anthonius
1511 2277 1623 2320 Raid
1654 2278 1708 2321 de

221 2347 486 2392 Salmenroir
516 2362 630 2392 anno
657 2348 838 2403 1469),
875 2347 906 2390 ii
943 2359 1116 2390 versum
1146 2346 1209 2389 sic
1239 2347 1447 2402 scriptum
1478 2346 1705 2402 exhibent,

222 2417 302 2473 qui
315 2433 359 2459 se
372 2417 456 2460 celi
470 2418 712 2474 reyz'onibus
729 2417 948 2459 ostentavit
965 2448 973 2457 .
995 2414 1265 2470 ineptissime
1282 2415 1459 2458 Servius
1480 2414 1536 2457 ad
1555 2414 1707 2457 Aenei-

222 2485 302 2528 dos
315 2499 393 2526 vm
409 2518 419 2542 ‚
445 2485 524 2528 187
542 2495 617 2528 aut
632 2485 858 2529 secundum
872 2485 1116 2527 Lucretium
1133 2484 1374 2539 superstitio
1392 2492 1450 2526 est
1466 2492 1707 2540 superstan-

222 2554 324 2596 tium
346 2570 487 2597 rerum
502 2588 514 2609 ,
544 2554 595 2597 id
608 2563 667 2597 est
687 2554 928 2597 caelestium
950 2561 987 2595 et
1008 2552 1251 2595 divinarum
1266 2584 1277 2606 ,
1305 2551 1355 2594 id
1374 2560 1432 2594 est
1454 2567 1560 2608 quae
1581 2567 1708 2607 super

221 2637 297 2664 nos
326 2630 439 2664 stant
453 2655 464 2677 ,
495 2623 638 2665 inanis
660 2631 696 2665 et
715 2622 952 2679 superfluus
983 2622 1103 2663 timor
1120 2653 1129 2662 .
1152 2633 1263 2675 quae
1294 2620 1611 2674 exscripserunt
1629 2617 1707 2660 Isi-

223 2688 354 2732 dorus
375 2690 587 2744 originum
603 2705 702 2746 vm,
725 2691 774 2745 3,
799 2692 821 2733 7
847 2694 888 2733 et
906 2689 1057 2732 tertius
1079 2687 1418 2745 mythographus
1437 2687 1523 2728 Mai
1543 2700 1584 2741 p.
1605 2685 1705 2728 184.

222 2756 293 2799 hic
322 2769 426 2800 vero
456 2759 624 2802 Nonius
654 2773 696 2815 p.
716 2759 829 2814 411,
866 2758 919 2812 2,
959 2757 1031 2799 ubi
1063 2756 1230 2799 tendere
1264 2769 1393 2809 quam
1424 2754 1545 2796 vario
1576 2753 1707 2796 modo

221 2824 390 2867 dicatur
406 2826 612 2882 ostendit,
630 2827 822 2869 mortalis
838 2825 1004 2869 tendere
1022 2834 1168 2867 contra
1185 2824 1264 2865 Est
1277 2824 1416 2865 oculos
1433 2839 1563 2865 ausus
1580 2838 1592 2864 :
1608 2822 1707 2864 libri

221 2893 358 2936 nostri
395 2893 562 2936 tollere.
585 2894 735 2936 horum
771 2899 994 2947 utrumque
1025 2892 1261 2936 rectissime
1300 2890 1458 2933 habere
1489 2890 1707 2933 Bentleius

225 2961 412 3004 ostendit
430 2961 486 3004 ad
505 2962 729 3005 Horatium
752 2975 889 3004 carm.
912 2976 950 3015 1,
973 2961 1021 3013 3,
1048 2960 1098 3001 18
1121 2963 1162 3001 et
1183 2959 1315 3014 epist.
1337 2974 1374 3015 1,
1402 2961 1445 3014 l,
1468 2958 1547 3013 28,
1570 2971 1709 3012 neque

221 3029 422 3086 Philippo
432 3031 648 3087 Wagnero
663 3029 981 3072 concedendum
996 3031 1097 3083 puto
1111 3026 1226 3081 quod
1240 3026 1344 3069 dicit
1356 3027 1411 3069 ad
1423 3026 1639 3069 Aeneidos
1656 3040 1706 3080 11,
