2040 3328
939 259 1000 302 1v
1626 258 1709 301 219
1731 240 1738 246 ’

231 392 286 422 ne
315 377 587 433 dispergatur
604 407 614 418 .
636 373 853 418 Vitruvius
885 373 939 417 de
970 374 1136 416 theatro
1167 389 1207 428 v,
1225 374 1252 416 3
1282 374 1358 417 Sol
1383 374 1491 415 enim
1522 389 1614 414 cum
1636 374 1709 414 z'm-

227 447 315 504 plet
343 446 433 489 eius
468 442 789 496 rotunditatem,
816 449 890 485 ae‘r
910 475 921 497 ‚
952 443 1171 485 conclusus
1207 450 1437 485 curvatura
1471 457 1604 498 ‘neque
1638 441 1710 483 Iza-

231 517 329 558 bens
354 521 596 571 potestatem
625 510 839 569 vayaudi,
862 511 1070 554 versando
1100 510 1400 567 confervescit.

343 583 413 626 90.
443 594 603 635 onon,
630 593 823 634 FUMUS,
850 593 1041 634 vn’on,
1067 593 1228 625 Arous
1258 593 1378 621 Δωᾼ
1417 593 1504 620 RES
1535 577 1711 621 Conm-

228 662 543 705 nxnns,11>no
574 662 818 690 mrrusn:
844 661 1006 689 ansus
1027 662 1316 703 ABUNDANT,
1341 648 1412 690 Ex
1443 641 1567 688 Acro
1590 659 1710 693 Qum

228 733 333 762 mm
378 731 627 772 vnmtm‘r,
658 730 998 758 nx‘rmnsscns
1044 730 1204 762 onus
1250 715 1574 759 Scmnnmnn
1618 729 1710 756 PER

228 801 345 830 nnn
374 801 571 828 nexum
588 819 597 828 .
621 786 842 829 Corrector
877 784 1104 841 quadrati,
1128 785 1252 840 Itali,
1277 785 1511 828 Brixiensis
1543 783 1708 838 editor,

229 865 353 913 atque
382 868 532 897 AmAE
563 871 630 898 res
649 887 658 897 .
679 858 768 897 tum
787 853 1022 896 Lambinus
1044 853 1101 895 ad
1123 852 1304 910 dzffusae
1334 858 1447 896 recte
1469 851 1640 895 addidit
1661 866 1710 894 e:

228 924 330 968 mihi
351 923 493 980 aptius
515 922 686 967 videtur
706 922 910 965 seiunctis
937 921 1161 965 vocabulis
1183 921 1309 965 scribi
1331 922 1491 979 dffusa
1512 937 1532 963 e
1549 953 1559 962 .
1580 932 1709 976 porro

228 992 461 1036 Lambinus
491 996 534 1034 et
554 991 753 1035 Gifanius
784 990 927 1033 furtim
958 991 1047 1045 sic,
1070 991 1142 1033 Ex
1172 991 1256 1033 alto
1287 992 1390 1046 quia
1421 989 1520 1032 dum
1539 989 1711 1032 veniunt

227 1061 482 1104 intrinsecus
498 1068 613 1102 ortae
626 1093 637 1114 ,
660 1058 774 1114 quod
791 1059 1052 1102 simillimum
1070 1063 1135 1102 est
1150 1059 1295 1101 versui
1314 1059 1356 1100 in
1373 1058 1482 1101 libro
1499 1072 1556 1114 VI,
1578 1056 1708 1110 1141,

227 1131 340 1172 Nam
367 1129 536 1185 penitus
565 1128 733 1170 veniens
762 1128 951 1184 Aeyypti
964 1128 1132 1183 finibus
1162 1136 1276 1170 ortus
1293 1144 1307 1182 ,-
1327 1127 1423 1182 pari
1454 1127 1499 1168 in
1529 1130 1710 1180 utroque

228 1211 306 1241 nec
337 1195 517 1240 ferenda
553 1196 598 1238 in
634 1196 817 1251 simplici
849 1195 1062 1238 sententia
1097 1196 1304 1238 orationis
1340 1194 1634 1238 abundantia.
1657 1210 1710 1237 ex

229 1267 314 1309 alto
345 1269 388 1308 et
417 1265 675 1308 emm-insecus
705 1263 786 1306 sibi
817 1264 1000 1306 invicem
1038 1264 1239 1319 opposita
1269 1277 1365 1307 esse
1401 1264 1518 1307 solus
1549 1261 1707 1305 Wake-

227 1333 378 1377 fieldus
408 1333 529 1388 (nam
560 1332 649 1374 eius
670 1332 862 1375 asseclas
882 1332 989 1374 nihil
1010 1333 1170 1387 moror)
1197 1346 1284 1375 non
1305 1333 1442 1376 vidit:
1465 1333 1563 1374 huic
1594 1331 1708 1374 enim

225 1403 483 1446 eoetrinsecus
522 1400 638 1443 valet
666 1399 712 1442 id
752 1401 868 1455 quod
885 1400 1019 1457 foras
1036 1436 1046 1445 .
1079 1414 1208 1457 ergo,
1241 1402 1344 1456 quia
1374 1401 1429 1444 de
1467 1402 1707 1456 interpunc-

225 1471 341 1513 tione
379 1469 567 1512 dubitari
603 1481 690 1511 non
728 1473 901 1525 potest,
934 1478 1048 1512 ortae
1093 1470 1295 1518 vitiosum
1341 1473 1437 1513 est.
1468 1469 1596 1525 periit
1641 1467 1708 1510 hic

224 1538 480 1583 vocabulum
524 1550 626 1580 vere
670 1537 974 1580 Lucretianum
997 1571 1007 1593 ‚
1038 1538 1154 1594 quod
1199 1539 1378 1582 recurrit
1420 1538 1535 1580 infra
1579 1549 1707 1580 versu

224 1607 308 1651 329
325 1627 345 1663 ‚·
359 1607 605 1650 eoetrz'nsecu'
644 1619 803 1647 'rou'rss
822 1606 1100 1650 scinduntur
1133 1624 1213 1664 per
1248 1609 1328 1650 iter
1349 1607 1515 1664 fleoeum
1531 1639 1542 1661 ‚
1564 1605 1609 1647 id
1644 1608 1709 1648 est

224 1675 398 1731 oblique
415 1707 424 1716 .

337 1743 406 1787 94.
438 1733 535 1790 Qus
566 1756 900 1785 com-nummi·
930 1758 1083 1786 EXIRE
1114 1757 1340 1787 cooizTA.
1361 1743 1565 1800 Impressi
1595 1742 1707 1785 male

222 1812 497 1856 contendunt.
519 1811 733 1867 oblongus
762 1813 901 1868 prima
935 1826 1066 1856 manu
1101 1814 1242 1856 eoez'ere
1255 1846 1266 1867 ‚
1289 1812 1410 1868 quod'
1439 1816 1582 1868 potest
1612 1823 1707 1853 esse

223 1882 389 1925 excire.
408 1879 644 1936 quadratus
674 1890 836 1924 coerce.-
857 1881 935 1924 sed
965 1881 1010 1924 id
1042 1881 1157 1936 quod.
1188 1881 1400 1936 oblongus
1431 1884 1472 1924 et
1503 1880 1602 1923 Itali
1634 1879 1705 1922 ha-

222 1950 325 1993 bent
354 1949 540 1993 concinit
571 1961 663 1991 cum
695 1948 854 2006 dg'ffusa
884 1950 928 1992 in
958 1963 1087 1993 versu
1108 1950 1161 1993 91
1180 1982 1191 1993 .
1220 1967 1222 1969 >

337 2018 405 2061 98.
437 2017 705 2059 Pos'rnnmo
744 2032 988 2060 spncums
1035 2043 1089 2048 —-
1137 2019 1278 2071 QUAE
1315 2032 1517 2064 chQus
1558 2033 1705 2061 APPA-

221 2100 348 2129 ΒΕΝΤ
368 2119 377 2128 .
399 2085 467 2128 Ita
487 2099 616 2129 versu
636 2086 718 2129 331
736 2087 942 2129 Pluribus
962 2088 1062 2130 haec
1078 2088 1261 2144 speculis
1280 2087 1504 2131 videantur
1525 2090 1570 2131 in
1591 2088 1706 2131 aedi-

223 2156 300 2198 bus
330 2170 416 2198 esse
439 2185 448 2195 .
489 2154 628 2211 Usque
658 2155 763 2198 adeo
784 2155 951 2212 speculo
981 2156 1027 2198 in
1047 2156 1262 2212 speculum
1293 2157 1520 2216 translucet
1540 2157 1704 2214 zbnaqo.

222 2221 404 2266 Ovidius
434 2221 479 2264 in
516 2223 621 2265 artis
652 2223 888 2266 amatoriae
923 2238 985 2279 111,
1002 2225 1083 2267 681
1116 2225 1353 2282 Praecipue
1387 2225 1432 2268 si
1455 2225 1591 2268 cultus
1628 2226 1707 2268 erit

220 2291 470 2349 speculoque
494 2290 701 2347 placebit,
724 2292 855 2335 Posse
875 2309 950 2336 suo
971 2294 1095 2350 tavnqi
1111 2292 1249 2336 credet
1270 2309 1411 2336 amore
1442 2293 1542 2337 deas
1560 2326 1569 2336 .
1594 2293 1704 2335 Mar-

221 2360 338 2403 tialis
358 2374 403 2415 11,
421 2359 476 2402 66
505 2359 599 2402 Hoc
615 2360 800 2417 facinus
822 2362 985 2418 Lalaqe
1015 2362 1183 2418 speculo
1211 2360 1329 2419 quod
1356 2361 1546 2406 viderat.
1570 2362 1705 2405 Hora-

222 2429 310 2473 tius
335 2432 475 2471 utrum
506 2427 549 2470 in
571 2428 806 2471 carminum
828 2444 884 2485 1v,
905 2430 960 2473 10
989 2443 1084 2473 cum
1105 2430 1428 2486 praepositione
1459 2432 1647 2488 quotiens
1669 2440 1706 2474 te

221 2498 267 2540 in
295 2497 462 2554 speculo
492 2496 651 2540 videris
688 2498 866 2541 alterum
896 2511 953 2541 an
990 2508 1027 2542 te
1056 2499 1223 2556 speculo
1259 2499 1353 2542 sine
1382 2500 1704 2555 praepositione

221 2565 442 2620 scripserit
477 2578 573 2607 cum
602 2578 689 2607 non
725 2566 829 2608 satis
859 2571 1054 2622 constet,
1088 2557 1274 2611 Orelli‘us
1311 2568 1491 2610 alterum
1521 2568 1702 2623 probat,

221 2633 289 2676 ‘ne
319 2633 505 2676 elidatur
535 2632 584 2675 ιε’
620 2633 792 2688 inquit,
824 2633 939 2676 idem
976 2635 1019 2677 in
1050 2635 1158 2678 libro
1189 2650 1250 2690 111,
1269 2636 1324 2679 29
1360 2649 1445 2678 non
1477 2636 1703 2678 offendens

221 2701 280 2745 ad
311 2701 417 2744 illud
446 2702 604 2744 Virtute
634 2718 697 2744 me
727 2703 918 2758 involvo,
940 2717 1081 2759 neque
1110 2705 1155 2746 in
1186 2704 1327 2759 epodo
1358 2704 1505 2759 quinto
1536 2704 1609 2745 ubi
1641 2707 1705 2746 est

223 2769 339 2822 Quid
366 2778 412 2811 ut
440 2785 618 2812 noverea
637 2785 700 2812 me
730 2771 909 2812 intueris
927 2803 936 2812 .
958 2776 1125 2826 poterat
1155 2773 1265 2815 scire
1296 2773 1341 2814 in
1373 2776 1523 2826 quarto
1555 2771 1703 2813 carmi-

221 2852 322 2880 num
351 2837 462 2880 libro
491 2837 664 2880 vocales
703 2837 856 2890 longas
892 2851 980 2881 non
1016 2840 1146 2896 elidi,
1169 2853 1307 2894 neque
1337 2844 1410 2882 aut
1440 2840 1483 2881 in
1514 2839 1704 2882 carmine

221 2906 348 2949 tertio
381 2906 448 2947 tui
473 2914 532 2947 est
562 2903 783 2947 ferendum
815 2919 910 2948 esse
940 2911 1014 2949 aut
1043 2907 1087 2949 in
1117 2920 1232 2949 nono
1263 2908 1383 2950 Voltu
1414 2917 1450 2950 et
1474 2924 1579 2964 per,
1601 2920 1703 2962 quo-

220 2986 315 3017 rum
344 2973 518 3028 reliquit
547 2973 755 3028 alterum,
779 2974 960 3017 alterum
991 2975 1202 3018 correxit.

342 3041 434 3087 100.
483 3041 898 3096 QUANDOQUIDEM
948 3058 1108 3086 snum
1159 3058 1331 3086 srmone
1382 3059 1506 3087 SUNT
1555 3058 1701 3088 PRAE-
