2040 3328
33 2291 131 2366 ψ

832 208 1076 236 ΕΜΕΝΒΑΤῙΟ
1643 197 1695 240 15

214 307 450 363 Nardium,
474 307 754 352 Michahelem
769 309 960 364 Fayum,
984 309 1132 352 volens
1149 311 1514 365 praetermittam,
1538 324 1696 366 operae

213 377 394 432 pretium
427 381 492 419 est
522 381 673 419 notare
694 379 898 422 stolidam
929 382 1169 421 nostrorum
1190 379 1471 434 patientiam,
1505 393 1590 433 qua
1620 393 1696 434 per

214 448 276 486 tot
305 457 442 487 annos
461 479 470 495 ‚
503 445 582 488 hoc
609 451 673 489 est
704 448 804 490 inde
825 461 852 490 a
886 447 992 491 1801
1026 451 1067 489 et
1100 446 1235 500 1828,
1269 448 1586 503 exemplaribus
1608 461 1696 490 cor-

214 513 498 568 ruptissimis,
534 528 712 569 quorum
734 530 895 570 inagna
924 529 1025 572 pars
1057 529 1195 569 neque
1227 516 1419 570 intellegi
1451 521 1598 571 posset
1627 531 1696 559 ne-

214 595 298 635 que
336 581 391 624 ab
429 582 533 637 ipsis
565 585 812 627 auctoribus
844 584 1063 637 intellecta
1094 588 1231 638 esset,
1271 588 1489 639 tamquam
1527 586 1696 640 optimis

214 650 279 691 usi
311 650 398 692 sint
428 654 558 705 atque
589 652 901 707 integerrimis.
924 653 968 694 in
1003 665 1087 705 quo
1120 652 1154 694 si
1188 665 1295 706 quos
1328 652 1436 694 forte
1458 652 1696 695 Eiehstadii

213 718 400 761 nominis
431 720 571 773 gloria
591 721 803 777 quaedam
825 721 1020 776 decepit,
1053 725 1166 763 certe
1196 721 1531 762 mercennariam
1554 722 1698 763 Forbi-

214 787 308 840 geri
339 800 542 842 operam,
575 788 617 830 in
639 802 726 843 qua
745 801 883 843 neque
904 789 1014 831 ratio
1038 789 1128 831 ulla
1149 793 1263 831 esset
1282 802 1422 843 neque
1444 789 1696 843 diligentia,

214 859 486 898 contemnere
523 856 763 900 debebant.
799 857 943 911 itaque
984 858 1102 900 volui
1147 857 1445 899 documentum
1483 861 1695 912 statuere,

214 923 366 979 nequis
397 924 493 978 pari
524 925 775 979 arrogantia
805 939 873 968 res
903 939 1086 979 magnas
1119 930 1246 980 atque
1278 924 1504 979 difficiles,
1544 925 1698 979 quibus

214 1005 262 1034 se
290 992 498 1047 imparem
531 993 685 1047 sciret,
719 995 937 1048 suscipere
968 993 1172 1036 auderet.
1197 994 1274 1036 sed
1305 993 1455 1035 horum
1485 994 1698 1048 pravitate

215 1061 377 1103 omissa
412 1061 512 1103 licet
549 1061 652 1103 mihi
689 1062 732 1103 iu
763 1076 839 1116 spe
870 1062 986 1104 laeta
1015 1066 1217 1115 certaque
1248 1061 1374 1104 finem
1407 1062 1547 1104 facere
1578 1075 1698 1116 prae-

215 1127 364 1183 fandi,
398 1143 484 1183 qua
515 1129 664 1172 ductus
687 1130 875 1172 futurum
897 1143 1086 1184 auguror
1107 1134 1152 1171 ut
1172 1129 1358 1171 Lucretii
1381 1143 1551 1172 carmen
1573 1131 1698 1173 inter-

214 1197 453 1252 pretatione
485 1197 675 1239 doctiore
696 1199 958 1252 illustretur,
992 1199 1113 1240 euius
1145 1211 1239 1240 eum
1271 1198 1314 1238 in
1347 1196 1532 1240 hominis
1560 1199 1699 1241 cuius-

215 1263 315 1307 dam
346 1266 512 1319 egregii
544 1266 700 1308 studiis
730 1266 964 1308 iandudum
996 1267 1186 1308 maxima
1206 1270 1401 1307 versatur
1428 1267 1668 1321 expectatio
1686 1300 1696 1320 ,

213 1336 301 1374 tum
332 1346 469 1388 nuper
500 1334 715 1388 specimen
747 1347 852 1376 sane
882 1335 1141 1377 luculentum
1173 1333 1382 1388 Iosephus
1412 1334 1698 1377 Reisackerus

214 1399 335 1442 dedit
363 1401 407 1442 in
437 1401 707 1445 Lucretianis
738 1403 1059 1457 quaestionibus
1091 1403 1268 1444 Bonnae
1300 1415 1445 1444 mense
1475 1403 1698 1444 Decembri

214 1469 318 1510 anni
343 1469 448 1511 1847
484 1470 610 1513 editis
628 1504 637 1512 .
670 1471 838 1514 interim
869 1484 946 1512 nos
968 1475 1014 1512 ut
1043 1471 1277 1525 poterimus
1298 1471 1588 1526 pel-poliemus
1618 1470 1698 1512 hoc

218 1548 417 1592 carmen,

329 1619 370 1660 1,
406 1607 427 1647 1
448 1639 458 1648 .
491 1608 776 1650 AENEADUM
809 1620 1065 1649 GENETRIX
1096 1609 1173 1649 aba·
1190 1609 1366 1664 prima,
1398 1613 1444 1650 ut
1475 1609 1578 1650 dicit
1598 1608 1697 1651 Ovi-

215 1673 315 1716 dius
346 1673 390 1716 in
421 1675 604 1718 tristium
636 1677 746 1719 libro
776 1691 834 1731 11,
866 1677 947 1718 261
967 1708 976 1717 .
1000 1676 1043 1717 in
1075 1689 1158 1729 quo
1190 1676 1283 1731 ipso
1311 1677 1548 1732 principio,
1582 1677 1697 1736 quod

213 1742 436 1786 Ausonius
473 1743 650 1787 inseruit
689 1744 988 1800 epigrammati
1020 1744 1100 1799 33,
1145 1745 1181 1786 is
1217 1745 1290 1799 qui
1327 1758 1373 1787 se
1404 1745 1697 1787 recensionem

214 1809 831 1856 Bentleio-Wakefieldianam
877 1813 999 1866 sequi
1044 1811 1290 1868 profitetur,
1331 1813 1476 1855 horum
1517 1818 1698 1867 utroque

215 1883 361 1934 spreto
399 1880 570 1936 scripsit
610 1881 778 1925 naviter
812 1881 1058 1924 Aeneadum
1093 1883 1282 1937 ‘qem'trioe
1299 1914 1307 1923 .
1338 1882 1413 1924 sed
1454 1881 1617 1923 Probus
1654 1882 1696 1922 in

213 1950 306 1990 arte
327 1948 494 1991 minore
515 1963 556 2004 p.
575 1949 658 1992 249
680 1950 765 1992 Mai
784 1983 792 2004 ,
825 1950 949 2004 quasi
971 1949 1080 1991 hauc
1105 1950 1302 1991 vocabuli
1326 1950 1504 1991 formam
1526 1963 1579 1992 ne
1599 1962 1696 1991 nos—

214 2019 280 2058 set
299 2016 473 2070 quidem
490 2050 499 2070 ,
533 2018 748 2071 quaesivit
769 2031 854 2072 qua
875 2018 928 2059 de
950 2030 1082 2059 causa
1099 2018 1263 2073 yem'too·
1283 2031 1360 2073 per
1390 2020 1411 2059 ί
1436 2022 1477 2060 et
1505 2019 1698 2073 plenem-ix

214 2095 290 2138 per
321 2101 341 2126 e
378 2084 564 2127 litteram
602 2085 882 2128 scriberetur.
905 2085 1057 2128 eadem
1094 2086 1288 2138 quaestio
1325 2087 1464 2128 locum
1492 2085 1622 2127 habet
1652 2086 1696 2127 in

210 2154 399 2209 qevzetz'zyo
417 2157 459 2195 et
471 2154 655 2210 genitali
672 2154 741 2196 Vel
754 2156 952 2210 plenitur-a
975 2185 982 2193 .
1006 2166 1104 2195 nam
1118 2154 1330 2209 yenetalz'a
1348 2154 1568 2196 Charisius
1583 2167 1624 2209 p.
1642 2154 1695 2195 28

213 2233 426 2274 quaenam
447 2233 572 2263 sacra
593 2221 708 2264 dieat
728 2222 901 2276 nescio,
934 2222 1016 2263 nisi
1048 2221 1156 2264 forte
1174 2222 1370 2277 ,qenealia
1399 2225 1554 2275 τυχαῖα
1585 2235 1696 2276 quae

213 2289 488 2344 appellantur
509 2289 553 2331 in
576 2290 901 2333 Vindobonensi
923 2290 1300 2350 grammaticorum
1323 2291 1490 2346 sylloge
1522 2305 1561 2345 p.
1588 2291 1669 2333 100
1683 2322 1694 2344 ,

209 2357 401 2414 yenialz'a
429 2357 484 2399 τὰ
515 2375 642 2411 τυχια
679 2359 721 2400 in
753 2359 967 2412 glossario
999 2358 1250 2412 Philoxeni,
1290 2372 1401 2412 quae
1435 2359 1491 2400 ad
1523 2358 1697 2412 genium

210 2425 294 2467 loci
315 2431 536 2480 spectant:
564 2429 780 2484 ,qenetivus
802 2444 926 2469 casus
947 2440 1022 2481 per
1055 2443 1074 2468 e
1106 2428 1198 2468 sine
1221 2427 1471 2481 exceptione
1498 2426 1696 2468 scribitur

210 2493 255 2536 in
283 2493 405 2536 libris
436 2495 596 2538 saeculi
627 2496 738 2538 sexti
769 2499 810 2538 et
838 2496 1154 2550 proximorum,
1189 2508 1330 2549 neque
1351 2495 1476 2536 aliter
1495 2495 1695 2550 qenetz‘vz‘s

210 2566 319 2607 notis
335 2564 599 2619 exemplaria
615 2564 794 2606 meliora
809 2564 1002 2607 Suetonii
1020 2596 1029 2617 ,
1054 2563 1356 2605 Memmianum
1376 2568 1416 2605 et
1433 2563 1694 2615 Mediceum,

197 2633 255 2674 ·in
287 2632 523 2675 Octaviano
555 2633 626 2686 803
659 2637 705 2674 ut
736 2633 787 2674 N.
811 2632 1014 2684 Heinsio,
1048 2632 1118 2684 qui
1150 2630 1206 2672 ad
1239 2629 1383 2673 Ovidii
1416 2634 1596 2672 metam.
1619 2643 1693 2681 111,

211 2701 293 2743 331
331 2705 374 2743 et
404 2714 457 2743 ex
489 2701 624 2742 Ponto
655 2715 729 2755 111,
761 2701 814 2754 2,
850 2701 927 2743 107
968 2700 1023 2742 ad
1052 2700 1278 2756 yem'tz'vam
1310 2700 1536 2755 z‘magyinem
1567 2700 1608 2739 et
1638 2696 1695 2738 ad

208 2770 395 2826 qenitz'va
424 2770 594 2810 nomina
614 2783 638 2811 e
659 2769 780 2811 libris
811 2769 999 2822 antiquis
1031 2767 1135 2808 nihil
1166 2767 1211 2808 in
1244 2766 1423 2808 schedas
1455 2765 1692 2818 rettulerit,

211 2851 298 2880 non
318 2849 477 2890 magna
497 2836 614 2891 apud
644 2849 712 2878 me
743 2835 848 2878 fides
880 2837 961 2890 sit,
994 2848 1132 2890 neque
1165 2834 1364 2887 vulgaria
1386 2833 1592 2875 Macrobii
1624 2846 1692 2875 ex-

213 2905 423 2960 emplaria
453 2916 622 2958 curem,
664 2904 706 2944 in
738 2903 893 2957 quibus
924 2903 1214 2945 Saturnalium
1246 2917 1322 2955 111,
1356 2903 1381 2943 6
1405 2901 1506 2944 Cato
1537 2902 1693 2956 (immo

221 2974 356 3016 Varro
377 2975 420 3015 in
441 2972 565 3026 Cato)
589 2971 642 3013 de
664 2972 810 3014 liberis
834 2971 1069 3013 educandis
1087 2971 1303 3026 Apollim's
1322 2971 1503 3024 qenz’te'vz'
1519 2969 1693 3010 mentio-
