2040 3328
898 218 940 260 II
1582 223 1657 266 117

298 332 392 376 730.
423 345 522 373 MEO
554 345 717 372 nunes
750 345 963 378 QUEslTA
996 347 1189 375 LABORE
1213 365 1222 376 .
1246 336 1293 377 In
1324 335 1433 378 libro
1464 351 1524 391 111,
1546 337 1658 394 419,

181 401 427 458 Conquisita
457 399 532 442 diu
561 414 798 456 mumque
828 410 994 457 reperta
1026 402 1165 445 labore
1183 435 1192 445 .
1217 402 1401 447 fortasse
1429 405 1556 448 scribi
1589 406 1661 450 de-

179 470 251 513 bet
279 468 446 511 dulcez‘:
483 468 560 510 sed
598 468 652 510 ab
691 469 942 512 auctoritate
973 471 1113 525 magis
1144 471 1289 514 valent
1319 475 1459 516 omnei
1485 478 1527 517 et
1558 475 1662 518 talei

178 537 222 579 in
250 535 360 579 libro
393 550 449 591 v1,
475 536 583 579 1143
608 536 745 579 1251.

293 604 389 647 734.
435 605 564 647 N1v13
606 619 764 647 ALIUM
801 620 1020 652 Qunles
1058 622 1158 654 QUE
1196 623 1314 650 SUNT
1350 624 1536 651 INBUTA
1575 625 1658 652 co-

178 687 306 715 tom:
326 706 335 715 .
353 674 464 716 Nive
485 674 697 728 oblongus
715 707 724 730 ‚
749 674 892 728 itaque
909 674 1117 718 Antonius
1134 676 1258 719 Marii
1277 711 1285 732 ‚
1304 678 1540 722 Brixiensis
1572 679 1659 722 edi-

177 742 238 785 tio
270 743 415 785 Huic.-
436 743 551 785 Neve
572 741 808 796 quadratus
830 745 871 784 et
891 743 1018 785 ceteri
1042 776 1050 784 .
1074 743 1117 785 in
1143 744 1252 787 libro
1272 760 1332 801 111,
1348 747 1430 789 286
1460 748 1526 789 Ni
1546 751 1657 790 vete-

177 822 245 853 res
282 814 324 852 et
362 810 599 865 Antonius,
639 810 836 866 impressi
880 811 946 853 Ne
969 844 978 853 .
1010 811 1256 855 observavit
1296 814 1375 856 hoc
1406 815 1450 856 in
1478 819 1659 871 utroque

178 879 272 922 loco
303 877 566 933 Lambinus3
605 878 720 933 quod
752 878 861 933 fugit
891 879 1107 922 Handium
1137 881 1180 922 in
1211 882 1441 924 Tursellini
1471 886 1583 925 tomo
1615 898 1658 924 1v

175 961 216 1004 p.
242 947 349 1003 185,
387 947 589 1002 quoniam
628 947 707 989 hoc
749 948 966 990 saeculum
1003 949 1188 992 avaritia
1224 950 1494 992 librariorum
1529 951 1659 994 nutrit

175 1015 400 1070 Forbigeri
432 1015 659 1070 sordibus,
698 1015 771 1070 qui
802 1019 1000 1071 poterant
1028 1018 1162 1060 multo
1200 1018 1355 1060 rectius
1386 1019 1584 1061 Lambini
1616 1025 1658 1062 et

178 1084 372 1128 Creechii
404 1084 730 1127 commentarios
762 1083 972 1138 huiusque
1004 1086 1290 1142 paraphrasin
1320 1086 1563 1129 recoxisse.
1596 1088 1656 1143 ip-

175 1168 269 1197 sum
301 1153 381 1196 hoc
411 1154 462 1195 φη·
478 1152 644 1195 Catullo
677 1152 841 1194 restitui
874 1167 956 1207 in,
982 1154 1061 1196 153
1079 1187 1088 1196 .
1111 1155 1323 1197 Pacuvius
1354 1155 1399 1197 in
1431 1156 1656 1199 Duloreste

171 1222 358 1279 primum
378 1222 452 1264 hoc
473 1222 547 1263 abs
568 1230 605 1266 te
625 1236 696 1263 oro
713 1254 724 1275 ‚
752 1222 803 1263 ni
819 1238 880 1264 me
906 1222 1053 1276 (m’mis
1074 1222 1189 1278 apud
1210 1223 1397 1266 Nonium
1427 1238 1469 1279 p.
1495 1224 1586 1279 184,
1610 1225 1655 1280 6)

175 1290 476 1333 inexorabilem
508 1290 671 1331 Faoez's:
702 1290 752 1330 πί
787 1291 998 1346 turpassz‘s
1035 1291 1280 1334 vanitudine
1311 1301 1484 1334 aetatem
1515 1301 1654 1347 tuam,

174 1358 258 1401 Oro
275 1391 286 1412 ,
316 1359 411 1400 nive
439 1358 523 1412 (mi
548 1374 597 1400 ne
628 1356 743 1413 apud
766 1358 953 1399 Nonium
975 1372 1015 1414 p.
1042 1359 1134 1414 160,
1158 1358 1226 1414 11)
1252 1360 1412 1416 plectas
1429 1361 1574 1417 fandi
1598 1363 1661 1404 mi

170 1426 527 1484 prolixitudinem
550 1459 559 1468 .
593 1426 636 1467 in
678 1430 868 1468 extrema
905 1430 1027 1481 parte
1058 1440 1207 1469 versus
1238 1428 1414 1470 colorem
1445 1429 1655 1472 Antonius

174 1499 216 1538 et
245 1494 442 1550 impressi
466 1527 475 1536 .
497 1493 574 1536 sed
605 1494 781 1536 colorem
812 1494 969 1536 imbuta
989 1494 1221 1538 Lambinus
1242 1496 1394 1539 Latine
1421 1498 1505 1540 dici
1527 1511 1655 1553 posse

174 1567 332 1618 negat,
356 1561 650 1605 Wakefieldus
682 1561 764 1604 sibi
785 1562 1037 1617 saepissime
1058 1564 1210 1606 lectum
1232 1564 1318 1618 ait,
1344 1565 1551 1620 Forbiger
1581 1580 1654 1608 no·

174 1631 412 1674 tissimum:
436 1631 518 1673 utri
541 1630 654 1686 parti
676 1629 849 1673 creditis
869 1663 877 1684 ,
902 1630 1088 1682 Quirites
1106 1632 1128 1674 ⁶?
1150 1632 1436 1676 Forcellinum
1458 1633 1652 1677 Chai-isio

175 1703 351 1743 auctore
382 1714 502 1743 usum
534 1713 631 1742 esse
660 1699 777 1741 scio:
810 1698 886 1741 sed
918 1700 961 1741 in
992 1700 1116 1742 huius
1148 1701 1258 1743 libro
1286 1715 1313 1744 v
1334 1715 1373 1757 p.
1392 1702 1474 1745 266
1502 1702 1654 1746 Linde-

175 1782 358 1812 mannus
390 1782 442 1812 ex
473 1767 619 1811 codice
650 1780 738 1809 non
768 1767 913 1810 Imbuo
932 1766 1087 1824 dedit,
1111 1768 1187 1812 sed
1209 1769 1348 1812 Induo
1371 1786 1554 1826 puerum
1584 1788 1653 1813 >ru-

174 1838 334 1880 bricam
364 1846 401 1879 et
430 1838 602 1879 rubrica
619 1869 629 1879 .
650 1836 796 1890 itaque
818 1835 1052 1879 Lambinus
1074 1837 1242 1892 scripsit
1271 1837 1420 1880 induta
1450 1839 1624 1881 colorem
1640 1856 1655 1894 ,-

174 1907 243 1950 cui
274 1904 563 1948 emendationi
594 1907 738 1946 tamen
768 1916 853 1945 non
885 1903 988 1946 satis
1017 1903 1116 1947 fidei
1149 1905 1252 1947 facit
1282 1906 1396 1959 quod
1425 1906 1652 1949 Wakefiel-

175 1974 254 2018 dus
276 1988 329 2017 ex
351 1973 495 2017 Ovidii
517 1971 918 2027 metamorphoseon
939 1987 966 2026 1,
989 1973 1073 2014 270
1093 1973 1232 2015 attulit
1254 2006 1263 2027 ‚
1294 1973 1458 2016 Nuntia
1478 1974 1654 2016 Iunonis

174 2044 315 2086 varios
345 2041 495 2084 induta
525 2041 681 2083 colores
703 2039 894 2095 Concipit
914 2041 1002 2083 Iris
1033 2056 1198 2097 aquas:
1227 2053 1327 2083 nam
1357 2041 1417 2083 ibi
1448 2041 1531 2084 dea
1559 2056 1652 2085 ves-

174 2116 259 2154 tem
279 2109 513 2165 sumpsisse
534 2108 733 2162 fingitur,
756 2112 802 2149 ut
818 2107 974 2150 Hector
991 2109 1265 2163 Vergilianus
1287 2111 1461 2152 eoeuvias
1481 2110 1653 2153 indutus

174 2179 340 2223 Achilli
351 2211 362 2234 ,
386 2191 481 2220 cum
513 2190 590 2220 eae
621 2189 688 2218 res
714 2188 821 2230 quas
842 2176 1064 2219 Lucretius
1086 2176 1190 2219 dicit
1217 2177 1339 2233 ipsae
1370 2191 1416 2220 se
1438 2178 1652 2221 coloribus

174 2247 353 2290 tinxisse
385 2260 470 2288 non
500 2247 699 2302 putentur
731 2277 739 2286 .
772 2257 907 2299 quare
942 2244 1083 2300 potius
1121 2249 1186 2288 est
1221 2250 1266 2287 ut
1302 2246 1512 2289 scribatur
1542 2247 1651 2290 Nive

174 2317 307 2359 alium
344 2315 560 2372 quemvis,
600 2326 698 2359 QUO
736 2322 831 2355 sunt
867 2314 1012 2355 inbuta
1052 2313 1186 2356 colore
1205 2347 1216 2369 ‚
1247 2315 1478 2370 Propterea
1504 2332 1651 2372 yerere

173 2385 281 2427 hunc
312 2382 460 2426 credas
478 2416 487 2426 .

289 2452 384 2494 736.
432 2465 614 2492 Tmou
661 2463 850 2492 conosi:
890 2483 899 2493 .
938 2450 1160 2493 Corrector
1201 2450 1400 2506 quadrati
1442 2455 1483 2494 et
1522 2452 1650 2494 ceteri

175 2534 402 2562 corona.

288 2587 383 2630 741.
415 2601 553 2628 soms
576 2601 661 2633 QUI
682 2600 873 2628 NUMINA
895 2599 1139 2633 NUMQUAM
1162 2587 1465 2628 DESPEXERE
1489 2619 1497 2628 .
1520 2589 1649 2630 Anto-

175 2654 271 2696 nius
303 2655 428 2697 Marii
459 2658 501 2697 et
531 2655 737 2697 Marullus
767 2668 955 2696 LUMINA
978 2687 987 2697 .
1011 2655 1220 2697 Avantius
1252 2655 1572 2698 DISPEXERE.

290 2721 385 2764 743.
417 2722 488 2763 Ex
516 2737 734 2763 mirum-E
765 2736 893 2763 AEvo
918 2755 926 2763 .
949 2722 1028 2764 Hic
1058 2735 1207 2765 versus
1238 2735 1421 2776 quonam
1451 2722 1545 2765 loco
1575 2735 1650 2778 po-

175 2788 340 2832 nendus
363 2795 476 2832 esset
495 2789 714 2832 Bentleius
737 2789 922 2832 ostendit
943 2822 952 2832 .
984 2789 1085 2844 quid
1107 2789 1399 2832 Wakefieldus
1416 2790 1437 2832 ⁶?
1466 2789 1566 2843 ‘qua
1596 2789 1650 2833 de

175 2858 346 2901 caussa'
380 2857 543 2912 inquit,
575 2856 674 2899 ‘non
704 2857 902 2911 equidem
933 2857 1058 2900 valeo
1090 2856 1300 2912 dispicere
1322 2857 1345 2898 .'
1379 2857 1483 2912 quid
1504 2857 1649 2900 Forbi-

175 2927 280 2981 ger?
311 2925 452 2968 ‘Hunc
473 2925 654 2967 versum’
688 2924 826 2979 inquit
849 2921 1005 2968 ‘BentL
1027 2925 1176 2967 melius
1205 2928 1303 2980 post
1322 2939 1362 2967 v.
1386 2924 1467 2968 748
1485 2957 1495 2968 .
1516 2924 1649 2968 locari

176 2998 318 3038 censet
337 2994 359 3036 .'
391 2993 500 3036 alter
519 2993 736 3037 levitatem
765 3006 887 3036 suam
909 2992 1090 3036 candide
1111 2992 1289 3049 fatetur,
1322 2993 1431 3036 alter
1451 2993 1649 3037 mentitur
