2040 3328
397 213 450 255 72
1107 217 1125 258 Ι

394 325 547 366 lectum
587 325 742 380 refert,
771 326 899 380 idque
939 326 1262 368 Henricbsenius
1307 328 1522 374 confirmat
1542 362 1551 371 .
1595 333 1658 371 est
1701 333 1840 372 autem

396 393 528 434 crucis
559 391 674 433 illius
705 393 853 434 eadem
884 393 1104 446 utrobique
1127 393 1376 446 significatio
1396 410 1404 436 ι
1425 409 1522 437 nam
1542 397 1586 437 in
1607 397 1750 438 codice
1771 395 1842 438 ob-

394 459 524 511 longo
556 458 623 500 hic
653 459 833 512 spatium
866 463 957 500 octo
989 459 1180 501 versibus
1210 461 1463 515 recipiendis
1494 466 1636 517 aptum
1655 463 1843 505 relictum

395 529 484 566 est.
507 525 591 565 iam
623 525 724 578 quid
754 525 833 566 hoc
863 526 921 567 rei
954 526 1007 567 sit
1027 530 1228 580 apparet.
1250 527 1293 568 in
1313 527 1420 569 libro
1451 541 1500 570 eo
1531 541 1583 570 ex
1608 542 1690 583 quo
1711 530 1841 572 nostri

395 591 592 645 descripti
630 595 726 632 sunt
759 605 859 645 pars
896 591 1077 634 schedae
1114 594 1295 635 rescissa
1331 598 1445 635 erat:
1489 608 1634 637 versus
1670 600 1762 638 octo
1798 597 1841 638 in

394 656 475 699 fine
511 658 679 699 mutilos
717 659 893 712 scriptor
929 659 1103 713 oblongi
1138 661 1348 703 servavit:
1386 661 1455 714 qui
1491 662 1630 716 capite
1663 663 1840 704 truncati

397 729 539 765 essent
569 724 611 765 in
641 725 802 778 pagina
833 725 1058 780 interiore,
1091 740 1162 768 eos
1194 731 1286 769 octo
1315 741 1368 769 ne
1389 727 1455 769 hic
1475 728 1643 782 quidem
1663 729 1844 772 scribere

395 803 521 832 ausus
545 794 608 832 est
629 823 636 831 .
659 791 766 833 bene
788 792 841 833 sit
863 791 924 832 illi
943 824 951 845 ,
976 792 1087 846 quod
1109 793 1315 841 defectum
1336 797 1420 835 tam
1438 795 1601 837 curiose
1615 795 1843 838 indicavit:

395 858 470 900 sed
506 857 605 911 quid
637 857 690 899 de
709 859 1000 913 Havercampo
1024 859 1208 902 dicemus
1226 893 1235 914 ,
1263 861 1330 914 qui
1352 861 1430 902 hoc
1450 875 1502 903 ne
1524 874 1846 904 commemoran-

394 925 493 966 dum
516 925 684 978 quidem
708 925 874 966 duxerit
889 925 910 966 P
941 929 1123 967 ceterum
1144 941 1341 969 numerus
1362 941 1556 970 versuum
1582 929 1637 971 ad
1658 941 1750 971 eam
1780 941 1844 971 ra-

394 993 550 1033 tionem
595 1004 721 1045 quam
762 1005 890 1045 supra
925 993 1101 1046 exposui
1139 993 1329 1036 absolute
1367 995 1594 1038 convenit.
1625 995 1669 1037 in
1703 996 1843 1050 priore

394 1059 574 1100 schedae
605 1062 726 1112 parte
758 1057 923 1100 fuerunt
952 1072 1099 1101 versus
1128 1060 1278 1113 viginti
1308 1074 1408 1116 sex,
1452 1074 1556 1115 quos
1590 1063 1735 1104 notavi
1769 1077 1843 1104 nu-

394 1126 519 1167 meris
551 1138 578 1166 a
610 1125 715 1167 1068
738 1125 791 1166 ad
818 1126 950 1180 1093,
983 1126 1026 1166 in
1056 1126 1237 1169 adversa
1266 1128 1413 1181 viginti
1445 1132 1640 1182 quattuor
1669 1129 1841 1185 relicui,

394 1193 542 1247 quibus
581 1191 768 1234 subiecta
805 1196 925 1233 erant
955 1206 1006 1235 ea
1036 1206 1144 1247 quae
1175 1194 1381 1248 oblongus
1412 1194 1538 1236 habet
1567 1199 1711 1237 contra
1741 1197 1844 1238 anti-

393 1260 584 1314 quiorum
629 1271 747 1299 usum
787 1258 829 1300 in
867 1273 1029 1302 summa
1068 1261 1227 1314 pagina
1263 1261 1441 1315 scripta,
1482 1275 1580 1301 TITI
1613 1276 1843 1303 Lucum-11

393 1340 505 1366 cAm
540 1339 599 1366 nn
636 1339 798 1366 RERUM
834 1340 1026 1369 NATURA
1057 1342 1199 1368 numu
1235 1342 1250 1367 1
1279 1342 1512 1368 EXPLICIT
1551 1343 1738 1369 mcn’m:
1774 1343 1842 1370 ιι-

390 1408 480 1434 BER
517 1406 795 1433 SECUNDUS.
818 1392 892 1435 sed
929 1394 982 1435 ab
1019 1407 1068 1436 eo
1112 1395 1233 1436 huius
1272 1394 1367 1436 libri
1404 1408 1528 1437 versu
1568 1396 1641 1450 qui
1675 1401 1843 1439 notatus

393 1464 454 1502 est
476 1473 648 1501 numero
673 1459 752 1502 785
770 1492 780 1512 ,
813 1472 935 1513 quem
957 1461 1140 1503 schedae
1161 1465 1306 1504 sextae
1328 1461 1514 1504 decimae
1539 1463 1731 1504 ultimum
1751 1476 1844 1506 esse

389 1527 511 1568 docui
544 1526 597 1567 ad
630 1539 796 1568 versum
830 1527 936 1581 734,
969 1541 1100 1582 usque
1129 1528 1185 1570 ad
1217 1528 1352 1582 1068,
1388 1528 1459 1581 qui
1491 1532 1554 1570 est
1583 1530 1768 1584 primus,
1799 1534 1845 1572 ut

390 1598 489 1647 puto
507 1626 517 1644 ,
548 1593 774 1635 vicesimae
804 1595 978 1647 tertiae,
1019 1598 1115 1636 sunt
1145 1596 1332 1637 carmina
1361 1609 1556 1635 ccnxxxn
1589 1600 1629 1638 et
1659 1597 1844 1651 capitula

392 1661 497 1713 tria,
528 1659 607 1702 hoc
638 1665 701 1702 est
731 1674 877 1703 versus
909 1674 1125 1715 CCLXXXV,
1158 1674 1266 1715 quae
1300 1667 1395 1704 sunt
1424 1664 1608 1718 paginae
1645 1676 1844 1708 versuum

390 1727 584 1770 vicenum
606 1741 753 1769 senum
783 1727 973 1769 undecim
1005 1741 1088 1769 uno
1120 1742 1246 1770 versu
1274 1730 1438 1784 minus,
1471 1743 1562 1771 cum
1592 1731 1743 1772 rationi
1775 1730 1848 1773 de-‘

388 1795 566 1837 beantur
587 1795 836 1849 duodecim,
861 1795 1058 1849 quoniam
1081 1796 1232 1837 librum
1254 1796 1483 1838 secundum
1505 1797 1547 1838 in
1569 1797 1709 1838 antica
1730 1797 1844 1839 sche-

390 1862 471 1904 dae
501 1862 660 1916 pagina
684 1862 869 1916 incipere
896 1860 951 1902 ad
980 1862 1101 1904 huius
1123 1875 1292 1904 versum
1314 1863 1395 1905 253
1417 1863 1654 1905 videbimus
1672 1895 1681 1905 .
1703 1864 1843 1917 itaque

390 1929 432 1970 in
457 1929 600 1970 codice
630 1929 860 1983 archetypo
891 1942 1017 1970 unam
1050 1942 1101 1971 ex
1132 1929 1197 1970 his
1230 1929 1449 1971 duodecim
1470 1930 1637 1984 paginis
1659 1930 1764 1972 nihil
1784 1931 1843 1972 in-

391 1995 594 2049 scriptum
625 1995 823 2038 habuisse
855 1995 1042 2050 conicio,
1074 1999 1172 2038 ante
1201 2010 1367 2038 versum
1394 2002 1530 2038 autem
1554 1997 1632 2039 921
1666 1997 1845 2040 intersti-

392 2062 495 2104 tium
529 2062 685 2117 fuisse,
719 2063 831 2116 quod
863 2062 1027 2104 librarii
1057 2064 1189 2105 nostri
1220 2063 1505 2117 neglexerint.

505 2129 623 2171 1105.
657 2131 793 2171 NEVE
815 2142 974 2170 RUANT
997 2143 1140 2170 CAELI
1162 2144 1468 2171 TONETRALIA
1490 2144 1677 2172 TEMPLA
1695 2163 1703 2172 .
1722 2131 1842 2174 Lam-

392 2196 514 2238 binus
553 2196 692 2250 inepte
724 2197 962 2239 tonitralia.
985 2201 1083 2239 ante
1113 2211 1208 2239 eum
1238 2198 1433 2252 impressi
1463 2198 1559 2240 libri
1589 2211 1732 2241 omnes
1762 2212 1842 2239 PE·

390 2276 639 2303 NETRALIA
679 2264 831 2319 templa
848 2295 857 2306 .
881 2263 1111 2317 quadratus
1146 2265 1210 2306 Ne
1245 2273 1430 2308 vertant.
1452 2265 1638 2307 Lucilius
1666 2265 1843 2322 Suspen-

390 2329 512 2371 dame
540 2345 582 2371 se
613 2346 718 2372 anne
747 2332 793 2372 in
819 2330 1012 2386 qladz'um
1044 2332 1276 2384 incumbat,
1308 2348 1358 2373 ne
1388 2332 1546 2374 caelum
1575 2341 1699 2374 ruat:
1727 2332 1841 2388 apud

391 2396 574 2439 Nonium
605 2411 644 2450 p.
667 2398 762 2448 502,
794 2398 818 2439 8
850 2414 905 2439 an
935 2399 980 2439 in
1011 2402 1050 2440 et
1079 2399 1237 2440 caelum
1266 2400 1403 2440 vivat.

507 2463 625 2506 1106.
657 2479 712 2504 ET
749 2478 894 2505 OMNIS
936 2490 989 2494 —-
1031 2466 1150 2508 1108.
1188 2479 1379 2506 AVEANT
1414 2480 1503 2507 PER
1538 2480 1685 2507 INANE
1720 2480 1840 2508 Pno-

390 2545 610 2572 FUNDUM.
633 2533 688 2573 Et
718 2548 853 2574 omnes
873 2533 1012 2587 prima
1042 2545 1168 2574 manu
1190 2533 1398 2586 oblongus
1417 2565 1426 2575 .
1447 2534 1525 2575 hoc
1555 2533 1726 2589 probari
1756 2547 1840 2576 non

391 2598 562 2640 debuit:
584 2599 722 2640 nullus
762 2598 872 2640 enim
912 2599 979 2641 hic
1010 2600 1053 2641 in
1085 2612 1223 2641 rerum
1254 2600 1542 2641 universarum
1574 2601 1741 2644 interitu
1772 2601 1841 2643 ho-

390 2665 549 2706 minum
571 2666 956 2707 commemorationi
978 2667 1092 2708 locus
1114 2671 1202 2720 est,
1231 2666 1351 2720 quasi
1375 2666 1417 2707 in
1440 2667 1501 2709 eis
1522 2680 1683 2710 summa
1703 2681 1841 2710 rerum

391 2732 445 2773 sit
465 2763 473 2773 .
495 2733 735 2774 necessario
773 2732 1039 2775 scribendum
1077 2738 1139 2775 est
1169 2743 1205 2789 et
1236 2747 1387 2775 οΜΝιΑ
1418 2758 1470 2763 -
1501 2736 1672 2776 abeam.
1695 2736 1840 2789 Vergi-

389 2799 491 2839 lium
514 2799 573 2840 ita
594 2799 635 2840 in
657 2813 804 2842 versus
826 2799 907 2842 fine
928 2801 1119 2856 posuisse
1145 2803 1245 2856 quin
1270 2802 1462 2857 protinus
1492 2803 1628 2844 omnia
1658 2803 1762 2844 Aen.
1783 2816 1839 2857 vl,

390 2865 444 2907 33
463 2898 472 2919 ,
504 2879 625 2907 nemo
650 2867 818 2920 ignorat
835 2902 845 2913 .
869 2868 1006 2910 eidem
1027 2869 1068 2909 in
1089 2868 1318 2921 georgicon
1340 2883 1395 2922 1v,
1417 2869 1495 2910 221
1517 2869 1635 2911 deum
1664 2885 1840 2924 namque

389 2933 451 2974 ire
466 2949 545 2989 per
566 2935 701 2974 omnia
732 2947 807 2988 pro
833 2951 913 2990 per
943 2937 1073 2977 omnis
1095 2936 1264 2988 egregie
1294 2935 1474 2978 restituit
1494 2937 1761 2990 Perleampus
1782 2935 1838 2978 ad
