2040 3328
447 228 528 270 100
1049 233 1052 237 ’
1144 230 1185 271 ΙΙ

451 340 646 381 Utrumne
676 356 720 382 os
750 356 805 381 au
834 340 970 382 culum
998 340 1216 395 &facerem
1239 342 1416 383 Aemilio
1433 376 1442 385 .
1464 343 1627 384 tertium
1648 356 1780 396 genus
1802 355 1885 384 non

443 405 524 448 nisi
546 406 590 446 in
610 406 912 460 monosyllabis
933 407 1070 447 locum
1092 406 1241 448 habet:
1274 420 1408 460 neque
1437 409 1549 450 enim
1571 410 1731 451 Ennius
1760 410 1885 464 serip-

443 473 498 514 sit
513 473 599 523 Qui
615 481 698 513 tum
718 474 905 514 vivebant
925 473 1105 514 homiues
1126 482 1247 527 atque
1264 489 1409 515 aevum
1431 476 1604 531 ayebant
1618 508 1629 528 ,
1653 476 1727 518 sed
1746 475 1886 518 Gellio

444 541 547 580 teste
577 539 623 579 in
651 553 723 591 xn,
747 539 773 579 2
802 538 963 581 Seneca
999 539 1041 580 in
1073 539 1200 581 Bruto
1234 540 1445 582 Ciceronis
1474 541 1528 583 58
1567 541 1736 595 legebat
1765 552 1885 599 atque

443 620 587 646 aevum
617 606 855 660 aqicabam.
888 606 930 646 in
960 619 1085 648 versu
1104 607 1282 649 Lucretii
1305 608 1436 648 altero
1459 623 1478 648 e
1497 609 1756 662 praepositio
1785 610 1886 662 quia

443 670 543 713 ferri
574 683 658 712 non
689 676 852 726 potest,
876 673 1079 714 Marullus
1109 674 1277 727 scripsit
1298 683 1365 727 at,
1387 673 1673 716 Wakefieldus
1694 684 1731 717 et
1744 691 1759 729 ,⁶
1785 689 1885 730 quo-

443 751 531 779 rum
553 738 689 780 neutri
711 739 826 781 loeus
849 743 911 781 est
931 739 1013 781 nisi
1034 739 1178 781 addito
1201 749 1318 782 sum.
1350 753 1474 794 porro
1496 741 1649 782 levibus
1669 750 1788 797 atque
1816 759 1885 784 ru-

442 805 576 846 tundi'
598 805 787 847 admixta
807 805 944 848 simile
966 810 1029 848 est
1047 806 1132 848 illis
1154 806 1267 861 apud
1284 807 1512 859 Vergilium
1533 808 1755 862 monstris,
1777 821 1886 862 quae

441 871 673 914 iandudum
693 877 918 926 procurata
939 878 1063 927 sunt,
1086 874 1256 915 Limina
1277 882 1467 915 tectorum
1489 882 1525 915 et
1543 873 1685 915 medz'i'
1705 875 1749 916 in
1762 890 1887 930 pene·

442 938 618 980 tralz‘bus
634 939 783 980 hostem
799 971 809 992 ,
831 940 945 981 Inter
961 955 1003 981 se
1019 941 1164 982 coiisse
1180 941 1278 981 ‘viro'
1300 948 1336 981 et
1357 939 1571 982 decernere
1577 940 1703 995 ferro
1721 973 1729 982 .
1750 953 1887 995 neque

443 1008 584 1046 tamen
607 1005 735 1047 scribi
755 1009 920 1060 potest,
942 1010 986 1047 ut
1007 1005 1186 1047 Marullo
1208 1009 1249 1047 et
1269 1006 1417 1047 ceteris
1437 1006 1621 1060 placuit,
1644 1007 1798 1050 levibus
1826 1017 1884 1049 at-

445 1087 523 1126 que
543 1071 732 1113 rotundis
752 1073 912 1114 miaeta:
933 1085 1030 1113 nam
1046 1073 1121 1114 illa
1138 1085 1316 1126 corpora
1331 1073 1424 1127 ipsa
1440 1072 1619 1114 rotunda
1631 1077 1751 1127 sunt,
1775 1078 1886 1116 certe

437 1137 607 1192 ,qlobosa
622 1138 730 1192 469,
761 1151 897 1192 neque
921 1139 1109 1181 rotundis
1129 1140 1260 1180 mixta
1274 1171 1285 1192 ,
1316 1138 1391 1181 sed
1412 1140 1544 1181 mz'oeta
1564 1155 1714 1195 aspera
1733 1140 1886 1182 levibus

440 1204 520 1246 471
541 1236 550 1245 .
572 1204 715 1258 itaque
744 1204 850 1247 haee
878 1206 1035 1259 verba,
1059 1214 1181 1262 atque
1209 1206 1412 1259 rutundi,
1435 1205 1618 1248 dubitari
1646 1219 1730 1249 non
1761 1206 1886 1248 debet

442 1272 543 1325 quin
574 1284 626 1313 ex
657 1271 871 1325 superiore
901 1285 1026 1315 versu
1055 1273 1165 1315 male
1186 1273 1394 1316 inculcata
1424 1272 1532 1314 sint:
1563 1272 1638 1314 sed
1668 1273 1711 1314 in
1741 1285 1885 1315 eorum

440 1338 579 1379 locum
611 1337 710 1391 quid
742 1338 876 1381 suffici
916 1338 1069 1381 debeat
1103 1344 1269 1394 praeter
1298 1348 1416 1394 sunt,
1449 1339 1561 1392 quod
1591 1339 1739 1382 deesse
1769 1339 1884 1393 dixi,

441 1405 544 1447 satis
575 1409 685 1447 certo
718 1405 914 1447 constitui
945 1419 1029 1447 non
1058 1411 1222 1461 potest.
1245 1406 1323 1448 hoo
1353 1410 1493 1448 tamen
1522 1418 1728 1460 apparere
1756 1410 1883 1460 puto,
1946 1417 1948 1419 ·

441 1485 533 1513 oum
563 1475 688 1526 poeta
717 1472 792 1513 illa
821 1472 934 1514 levia
963 1477 1088 1527 atque
1118 1474 1300 1515 rotunda
1334 1473 1429 1515 ideo
1461 1473 1603 1515 sudori
1634 1472 1762 1514 maris
1792 1484 1886 1513 eon-

438 1539 581 1581 venire
603 1538 780 1580 dixisset
799 1539 911 1594 quod
929 1549 1030 1582 esset
1045 1540 1226 1593 fluvidus
1241 1573 1251 1593 ,
1269 1552 1377 1581 nuno
1392 1551 1564 1581 neeesse
1581 1539 1714 1580 fuisse
1733 1542 1777 1580 ut
1797 1549 1884 1580 eor-

438 1618 545 1660 pora
565 1618 718 1659 aspera
739 1610 780 1647 et
799 1606 977 1659 globosa
997 1607 1035 1648 ei
1055 1622 1136 1648 non
1158 1623 1208 1649 eae
1229 1607 1370 1649 eadem
1393 1623 1519 1648 causa
1545 1605 1700 1653 adesse
1729 1603 1884 1658 signifi-

439 1678 578 1715 caret.
601 1685 732 1726 quare
762 1672 864 1714 mihi
895 1673 998 1715 haee
1028 1674 1278 1716 sententiam
1309 1674 1412 1715 satis
1440 1678 1551 1716 recte
1572 1672 1805 1727 exprimere
1824 1671 1883 1713 vi-

439 1738 615 1793 dentur,
647 1753 703 1780 ET
735 1740 884 1782 Zevibu'
915 1755 1032 1781 SUNT
1062 1754 1276 1781 ALIUNDE
1308 1740 1422 1793 (sive
1453 1739 1502 1781 de
1531 1737 1666 1794 terra)
1696 1737 1884 1780 admioeta

438 1805 594 1848 doloris
625 1806 839 1862 Corpora.
869 1820 1121 1862 quamquam
1151 1807 1211 1848 sie
1241 1820 1406 1860 quoque
1436 1805 1698 1847 mirationem
1728 1804 1886 1846 faciunt

436 1873 511 1914 illa
532 1873 687 1915 doloris
709 1873 919 1929 Corpora,
951 1886 1060 1927 quae
1091 1877 1186 1915 sunt
1215 1872 1446 1928 pungentia
1476 1884 1625 1914 sensus
1656 1876 1697 1914 et
1715 1871 1884 1913 laeden-

435 1940 522 1982 tia.
554 1939 659 1982 haeo
689 1940 725 1981 si
756 1941 822 1982 oui
854 1945 938 1982 tam
970 1941 1152 1982 breviter
1181 1939 1262 1981 diei
1283 1939 1470 1994 potuisse
1491 1951 1576 1980 non
1606 1937 1883 1989 videbuntur,

436 2006 592 2048 levibus
621 2019 787 2061 quoque
818 2020 870 2049 ex
900 2020 1024 2050 versu
1054 2007 1197 2060 priore
1216 2006 1295 2047 huo
1317 2005 1538 2047 aberrasse
1558 2003 1883 2047 existimandum

435 2073 539 2115 erit:
571 2074 714 2115 omnia
744 2074 855 2116 enim
886 2075 1016 2128 plana
1045 2077 1190 2127 erunt,
1222 2074 1255 2115 si
1287 2073 1346 2114 ita
1366 2072 1594 2114 scribemus
1612 2103 1621 2113 .
1642 2072 1753 2112 Nam
1773 2069 1885 2126 quod

427 2139 612 2193 fluvidus
643 2149 725 2195 est,
757 2157 776 2182 e
807 2141 961 2182 levibus
998 2150 1119 2196 atque
1155 2139 1349 2181 rutundis
1378 2139 1479 2192 Est,
1510 2147 1546 2180 et
1574 2137 1754 2181 sensibu'
1787 2144 1883 2179 sunt

434 2205 603 2248 aliunde
633 2206 822 2248 admixta
851 2205 987 2248 dolori
1018 2207 1227 2262 Corpora.

544 2273 640 2315 468.
677 2273 764 2314 Nnc
806 2287 964 2314 TAMEN
1000 2287 1126 2315 HAEC
1163 2285 1402 2312 nni-mnan
1439 2284 1602 2310 HAMAT
1638 2283 1853 2311 uncussu
1870 2300 1879 2310 .

432 2340 549 2382 Haec
571 2340 725 2382 omisso
747 2340 979 2394 quadratus
1000 2348 1112 2381 amat
1127 2355 1140 2380 .·
1156 2339 1252 2381 Itali
1273 2351 1471 2379 HAMATA
1489 2370 1497 2378 .
1514 2351 1744 2377 nmmum
1761 2336 1881 2378 Lam-

431 2406 557 2447 binus
588 2406 819 2448 seeundum
850 2419 1017 2462 versum
1042 2405 1125 2448 454
1147 2437 1157 2448 .
1178 2421 1345 2448 necessu
1375 2417 1458 2446 non
1490 2404 1657 2447 videtur
1685 2403 1880 2445 Latinum

433 2485 554 2515 esse:
575 2485 661 2514 non
690 2476 830 2514 tamen
861 2472 1171 2526 suffieit,quod
1202 2471 1302 2514 olim
1324 2471 1514 2526 impressi
1536 2470 1718 2524 habent,
1748 2484 1880 2511 neces-

431 2555 519 2581 sum
536 2572 547 2593 ,
569 2538 680 2593 quod
702 2539 904 2580 Marullus
934 2539 1044 2581 male
1075 2539 1294 2580 coniunxit
1325 2551 1416 2579 oum
1447 2537 1612 2580 Scilicet
1641 2551 1726 2578 esse
1743 2567 1752 2576 .
1770 2539 1881 2577 reete

431 2606 638 2648 Antonius
667 2605 789 2647 Marii
819 2621 978 2647 necesse
1010 2613 1067 2647 esc
1085 2637 1096 2657 ,
1118 2605 1203 2646 nisi
1233 2605 1437 2646 malumus
1467 2615 1778 2643 umcnssumsr
1809 2605 1880 2644 aut

430 2681 663 2715 necessust.
686 2671 773 2713 dixi
803 2684 931 2726 supra
961 2671 1015 2713 ad
1045 2671 1198 2712 librum
1227 2685 1254 2724 1,
1282 2671 1357 2711 111
1380 2702 1390 2712 .

541 2739 636 2782 469.
674 2752 771 2779 CUM
806 2751 1049 2784 SQUAmnA
1088 2751 1334 2779 cousrm.
1364 2735 1474 2779 Olim
1509 2735 1702 2791 impressi
1739 2748 1880 2776 cous-

430 2818 552 2845 ΤΕΝΤ
576 2837 585 2847 .
1646 2842 1649 2845 x
1688 2793 1693 2799 ’

540 2871 635 2913 471.
669 2872 735 2912 ΕΤ
766 2885 896 2917 ouon
926 2885 1079 2912 MIXTA
1108 2885 1259 2913 Purus
1289 2884 1462 2912 MAGIS.
1483 2869 1686 2928 Marullus
1705 2868 1760 2909 Ec
1780 2880 1878 2913 Quo

428 2939 593 2995 rna-qis.
625 2938 717 2980 ‘sed
755 2939 879 2979 aliter
918 2939 1056 2993 potius
1089 2938 1202 2992 loqui
1234 2937 1340 2980 solet
1370 2940 1511 2979 noster
1529 2931 1558 2990 ,²
1591 2933 1879 2977 Wakefieldus
