2040 3328
453 241 535 283 378
764 222 766 224 ’
1145 244 1203 285 VI

453 352 548 394 nius
592 354 714 394 Marii
759 356 799 394 et
833 353 1036 394 Marullus
1058 386 1067 406 ,
1099 362 1143 395 ut
1177 367 1359 394 surum
1396 356 1598 399 Avantius
1621 390 1630 411 ‚
1662 370 1893 398 vem-oms

453 419 624 472 egregie
653 418 942 460 Wakefieldus
960 453 968 462 .

563 485 657 527 538.
685 499 976 532 Mum-oscum:
1013 499 1162 528 LAcus
1197 501 1484 533 MULTASQUE
1521 503 1739 532 cucumis
1757 523 1766 533 .
1787 492 1894 534 Hinc

450 551 637 594 Isidorus
659 552 712 595 de
733 558 884 596 natura
899 566 1036 595 rerum
1057 554 1124 606 41,
1145 554 1164 594 1
1188 555 1378 610 Denique
1391 554 1575 596 videmus
1591 556 1706 598 lacus
1724 558 1892 600 multas-

451 634 530 674 que
559 619 732 661 lacunas
747 635 880 675 parvo
899 621 974 661 sub
997 621 1190 662 momenti
1205 622 1339 675 spacio
1359 629 1567 663 ventorum
1581 623 1756 676 flatibus
1773 625 1892 666 solis-

450 701 528 739 que
558 685 710 728 ardore
740 687 928 728 consumi
940 718 950 729 .

562 751 656 794 539.
687 766 743 792 m·
780 767 931 794 RUPES
970 767 1187 795 numurus
1226 766 1551 799 DERUPTAQUE
1588 767 1711 797 sAxA
1728 788 1739 799 .
1758 757 1891 799 Der-u-

442 833 521 872 pes
551 823 760 861 corrector
796 819 990 874 quadrati
1029 820 1213 874 delevit,
1236 820 1465 862 omiserunt
1494 821 1701 864 Antonius
1737 825 1778 864 et
1806 821 1893 865 Bri-

449 884 607 927 xicnsis
625 916 634 926 .

559 951 656 994 541.
696 952 927 993 Vonvmtn
974 967 1022 993 vl
1064 967 1278 995 FLUCTUS
1325 967 1671 995 SUMMERSOSOA
1715 968 1892 998 νοτ-ΔΝ·

448 1031 606 1058 DUMST
623 1049 633 1060 .
655 1019 751 1060 Itali
782 1033 1135 1065 SUBMERSAQUE
1166 1034 1289 1060 SAXA
1307 1052 1316 1062 .
1338 1020 1416 1062 hoc
1445 1021 1503 1062 rei
1525 1024 1611 1062 tam
1640 1025 1783 1075 aptum
1803 1026 1892 1076 est,

449 1087 494 1125 ut
523 1084 627 1125 nihil
655 1085 766 1127 ultra
795 1085 1081 1141 quaerendum
1111 1086 1167 1128 sit
1188 1119 1196 1127 .
1225 1103 1301 1142 per
1329 1103 1450 1129 sasca
1483 1087 1682 1142 scriptum
1711 1087 1894 1131 vidimus

448 1163 579 1206 supra
607 1164 732 1194 versu
761 1152 842 1195 229
860 1184 870 1194 .

559 1217 655 1260 542.
688 1232 841 1259 suum
872 1233 986 1260 esst:
1015 1234 1064 1260 VI
1080 1250 1090 1260 .
1111 1219 1315 1262 Marullus
1345 1233 1543 1260 sunum
1574 1236 1659 1262 esse
1688 1234 1764 1262 sul
1781 1251 1790 1261 .

558 1284 653 1326 548.
703 1298 926 1330 QUONIAM
974 1299 1258 1328 PLAUSTRIS-
1286 1299 1531 1328 concussA
1580 1300 1893 1329 TREMESCUNT

448 1352 612 1392 TECTA
642 1364 763 1392 v1AM
785 1366 1006 1394 PROPTER
1026 1367 1120 1394 uon
1148 1366 1312 1394 MAGNO
1332 1366 1558 1394 pommus:
1587 1367 1712 1394 'ro‘rA
1730 1385 1740 1396 .
1761 1355 1892 1396 Immo

447 1432 687 1459 PLAUSTRI
709 1435 790 1462 non
808 1436 959 1476 magno
977 1420 1159 1476 pondere
1184 1435 1381 1461 concussa
1397 1451 1407 1473 ,
1429 1419 1474 1461 id
1494 1423 1557 1461 est
1575 1420 1659 1462 levi
1678 1420 1866 1474 plaustro
1883 1453 1892 1462 .

448 1485 630 1527 editores
662 1487 871 1540 quomodo
910 1495 1012 1529 tecta
1041 1501 1122 1528 non
1157 1501 1307 1541 ‘mayno
1332 1485 1513 1542 pondere
1551 1486 1757 1545 patienter
1787 1487 1896 1530 ferre

446 1552 656 1605 potuerint
684 1565 769 1594 non
791 1553 915 1596 video
933 1586 943 1596 .
965 1553 1105 1607 inepte
1133 1551 1356 1595 Crcechius
1386 1551 1595 1606 ‘plaustris
1625 1565 1709 1594 non
1738 1566 1894 1608 magno

445 1618 633 1672 pondere
661 1620 827 1661 onustis'
844 1652 854 1662 .

558 1685 655 1728 550.
685 1686 786 1728 Nnc
821 1700 968 1728 mnus
1005 1700 1323 1728 EXULTANTES
1359 1700 1537 1727 nortus
1575 1700 1772 1733 cuuQun
1809 1702 1893 1743 vm

447 1751 705 1793 Fannmos
734 1767 985 1800 u'rmMQUE
1014 1767 1243 1794 ROTARUM
1273 1767 1511 1794 SUCCUTIT
1548 1767 1698 1795 onnes
1715 1788 1725 1797 .
1749 1754 1798 1796 In
1827 1754 1892 1797 his

447 1832 520 1858 vm
550 1818 591 1859 in
621 1818 704 1861 fine
723 1833 871 1863 versus
899 1821 1147 1863 collocatum
1178 1820 1416 1862 necessario
1437 1819 1665 1873 legendum
1693 1825 1758 1862 est
1777 1835 1891 1876 vnn,

446 1889 492 1926 ut
520 1897 645 1927 versu
664 1886 747 1928 465
769 1891 810 1928 et
839 1887 919 1930 511
942 1900 1087 1928 MMORE
1114 1900 1272 1927 Minoum
1290 1918 1299 1940 ‚
1321 1890 1366 1928 ut
1394 1886 1501 1928 libro
1528 1901 1554 1940 1,
1573 1886 1654 1928 665
1673 1900 1747 1927 ΜῙΔ
1768 1901 1864 1928 Anu
1881 1919 1890 1929 .

446 1965 571 2006 porro
602 1965 767 1994 currum
787 1954 840 1996 ab
862 1957 1039 2007 utraque
1059 1957 1178 2008 parte
1209 1953 1310 1995 rotis
1338 1953 1506 1995 ferratis
1526 1953 1769 1995 instructum
1791 1953 1892 2008 quid

445 2023 530 2061 tam
552 2019 677 2062 facile
696 2019 902 2061 succutiet
921 2033 1046 2074 quam
1068 2021 1166 2062 viae
1186 2020 1380 2074 publicae
1395 2019 1590 2062 salebrae
1610 2024 1683 2062 aut
1698 2020 1893 2075 lapides?

445 2085 542 2127 hinc
561 2090 739 2141 apparet
759 2086 920 2128 litteras
952 2085 1162 2139 fugientes
1183 2086 1239 2127 ad
1268 2085 1377 2128 hunc
1397 2086 1566 2128 modum
1587 2078 1892 2142 reprehenden-

447 2151 524 2194 das
555 2165 648 2195 esse
665 2184 674 2206 ‚
697 2153 783 2195 Nec
818 2154 956 2194 minus
985 2153 1170 2195 exultant
1187 2185 1198 2206 7
1219 2166 1275 2193 ΕΤ
1311 2167 1392 2194 unx
1426 2167 1563 2193 LAms
1593 2169 1762 2208 cumque
1790 2166 1893 2194 vul

445 2220 639 2261 Ferratos
667 2220 872 2275 utrimque
891 2229 1075 2262 rotarum
1103 2220 1274 2261 succutit
1303 2220 1417 2262 orbes
1433 2251 1442 2261 .
1464 2232 1572 2274 quae
1601 2218 1666 2261 his
1686 2223 1893 2263 structura

445 2285 648 2327 orationis
679 2286 894 2328 simillima
923 2291 1019 2329 sunt
1035 2319 1044 2340 ,
1074 2287 1160 2328 Nec
1189 2286 1348 2328 ratione
1363 2286 1507 2340 fluunt
1535 2286 1624 2328 alia
1643 2309 1698 2316 —
1717 2287 1773 2328 Et
1800 2301 1891 2328 owm

444 2352 580 2394 mollis
609 2368 743 2407 aquae
749 2354 898 2409 fertur
918 2362 1071 2394 natura
1091 2366 1118 2407 1,
1136 2351 1213 2394 281
1234 2383 1244 2405 ,
1268 2364 1319 2393 ea
1338 2365 1423 2394 una
1443 2365 1534 2394 cum
1555 2352 1650 2394 aliis
1671 2365 1723 2394 ex
1743 2351 1889 2394 eodem

445 2431 601 2472 genere
619 2448 628 2471 ‚
650 2432 709 2473 111,
731 2419 836 2462 1093
853 2433 895 2473 11,
913 2419 997 2462 420
1012 2433 1051 2472 v,
1073 2419 1178 2460 1075
1198 2419 1305 2461 1082
1321 2432 1363 2472 11,
1380 2419 1462 2461 416
1480 2450 1490 2472 ,
1511 2419 1652 2472 posuit
1666 2418 1891 2462 Mauricius

444 2485 655 2540 Hauptius
685 2485 728 2526 in
759 2485 1123 2527 observationibus
1153 2485 1305 2527 criticis
1336 2498 1375 2539 p.
1393 2485 1447 2527 36
1465 2516 1475 2526 .
1922 2491 1927 2496 “

555 2551 651 2594 552.
684 2551 768 2592 ΡΠ·
805 2565 1005 2597 QUOQUE
1048 2564 1130 2592 UBI
1165 2565 1211 2591 m
1253 2565 1444 2592 MAGNAs
1479 2564 1644 2597 AQUAE
1688 2564 1891 2592 vas-ras-

445 2632 539 2665 QUE
559 2631 783 2659 LUCUNAS
801 2649 809 2659 .
831 2618 884 2659 In
903 2634 1077 2674 magnas
1099 2634 1228 2673 aeque
1249 2618 1450 2660 Marullus
1467 2649 1477 2672 ,
1497 2634 1674 2674 maynas
1694 2618 1739 2660 in
1759 2634 1891 2674 aquas

445 2685 649 2728 Avantius
667 2717 677 2738 ,
699 2701 872 2741 magnas
901 2686 944 2726 in
975 2700 1108 2740 aquae
1139 2685 1367 2726 Lambinus
1383 2715 1392 2726 .
1415 2697 1540 2726 versu
1574 2684 1681 2726 1072
1710 2685 1891 2739 pessime

446 2752 650 2794 Marullus
675 2751 856 2807 Vz'tz'qeni
873 2751 1013 2792 latices
1033 2748 1077 2792 in
1092 2753 1226 2807 aquai
1227 2752 1420 2807 fontibus
1436 2750 1588 2792 audent
1602 2751 1778 2793 M'sceri
1786 2783 1797 2805 ,
1819 2750 1890 2793 ad-

446 2818 532 2860 dito
563 2820 607 2860 in
623 2850 634 2871 ‚
657 2817 770 2871 quod
801 2816 982 2859 debebat
1011 2821 1121 2860 certe
1157 2834 1248 2860 oum
1278 2830 1372 2859 esse
1388 2849 1397 2858 .
1419 2817 1494 2859 sed
1534 2821 1722 2871 praestat
1755 2830 1890 2871 gram-

446 2885 596 2926 matico
627 2884 800 2938 antiquo
822 2883 947 2925 fidem
978 2885 1156 2938 habere,
1178 2897 1299 2938 quem
1321 2883 1438 2925 Beda
1469 2887 1636 2925 secutus
1667 2883 1720 2925 de
1749 2883 1890 2925 metris

445 2963 485 3005 p.
502 2950 611 2991 2375
642 2963 809 2991 versum
839 2949 962 2992 huius
999 2950 1095 2992 libri
1126 2950 1206 2992 859
1243 2951 1303 2992 ita
1332 2950 1529 3005 scriptum
1561 2949 1752 3002 exhibet,
1774 2949 1890 3000 Quae
