<?xml version="1.0" encoding="UTF-8"?>
<!DOCTYPE html PUBLIC "-//W3C//DTD XHTML 1.0 Transitional//EN"
    "http://www.w3.org/TR/xhtml1/DTD/xhtml1-transitional.dtd">
<html xmlns="http://www.w3.org/1999/xhtml" xml:lang="en" lang="en">
 <head>
  <title>
</title>
<meta http-equiv="Content-Type" content="text/html;charset=utf-8" />
  <meta name='ocr-system' content='tesseract 3.04.00' />
  <meta name='ocr-capabilities' content='ocr_page ocr_carea ocr_par ocr_line ocrx_word'/>
</head>
<body>
  <div class='ocr_page' id='page_1' title='image "./intlucretiicarid00lachuoft_0116.png"; bbox 0 0 2040 3328; ppageno 0'>
   <div class='ocr_carea' id='block_1_1' title="bbox 523 209 1308 283">
    <p class='ocr_par' dir='ltr' id='par_1_1' title="bbox 523 209 1308 283">
     <span class='ocr_line' id='line_1_1' title="bbox 523 209 1308 283; baseline 0.004 -3"><span class='ocrx_word' id='word_1_1' title='bbox 523 240 601 281; x_wconf 83' lang='lat'>112</span> <span class='ocrx_word' id='word_1_2' title='bbox 1219 243 1262 283; x_wconf 93' lang='lat' dir='ltr'>II</span> <span class='ocrx_word' id='word_1_3' title='bbox 1304 209 1308 214; x_wconf 86' lang='lat'><em>-</em></span> 
     </span>
    </p>
   </div>
   <div class='ocr_carea' id='block_1_2' title="bbox 509 351 1967 3006">
    <p class='ocr_par' dir='ltr' id='par_1_2' title="bbox 517 351 1963 1135">
     <span class='ocr_line' id='line_1_2' title="bbox 519 351 1958 408; baseline 0.002 -16"><span class='ocrx_word' id='word_1_4' title='bbox 519 351 596 393; x_wconf 90' lang='lat' dir='ltr'>bus</span> <span class='ocrx_word' id='word_1_5' title='bbox 628 351 791 394; x_wconf 88' lang='lat' dir='ltr'>duobus</span> <span class='ocrx_word' id='word_1_6' title='bbox 823 351 922 406; x_wconf 85' lang='lat'>(649</span> <span class='ocrx_word' id='word_1_7' title='bbox 943 352 1044 404; x_wconf 88' lang='lat'>650)</span> <span class='ocrx_word' id='word_1_8' title='bbox 1073 351 1237 393; x_wconf 87' lang='lat' dir='ltr'>omissis</span> <span class='ocrx_word' id='word_1_9' title='bbox 1265 353 1508 395; x_wconf 81' lang='lat' dir='ltr'>scholiastes</span> <span class='ocrx_word' id='word_1_10' title='bbox 1530 353 1648 395; x_wconf 86' lang='lat' dir='ltr'>Statii</span> <span class='ocrx_word' id='word_1_11' title='bbox 1671 354 1726 395; x_wconf 89' lang='lat' dir='ltr'>ad</span> <span class='ocrx_word' id='word_1_12' title='bbox 1747 355 1876 396; x_wconf 85' lang='lat' dir='ltr'><strong>Theb.</strong></span> <span class='ocrx_word' id='word_1_13' title='bbox 1900 369 1958 408; x_wconf 90' lang='lat'>111,</span> 
     </span>
     <span class='ocr_line' id='line_1_3' title="bbox 518 417 1961 473; baseline 0.001 -13"><span class='ocrx_word' id='word_1_14' title='bbox 518 419 628 471; x_wconf 83' lang='lat'>659,·</span> <span class='ocrx_word' id='word_1_15' title='bbox 657 431 823 460; x_wconf 82' lang='lat' dir='ltr'>versum</span> <span class='ocrx_word' id='word_1_16' title='bbox 845 418 927 460; x_wconf 93' lang='lat'>650</span> <span class='ocrx_word' id='word_1_17' title='bbox 947 418 1116 459; x_wconf 85' lang='lat' dir='ltr'>Servius</span> <span class='ocrx_word' id='word_1_18' title='bbox 1139 417 1194 458; x_wconf 90' lang='lat' dir='ltr'>ad</span> <span class='ocrx_word' id='word_1_19' title='bbox 1216 418 1319 459; x_wconf 83' lang='lat' dir='ltr'>Aen.</span> <span class='ocrx_word' id='word_1_20' title='bbox 1341 432 1413 471; x_wconf 86' lang='lat' dir='ltr'>x11,</span> <span class='ocrx_word' id='word_1_21' title='bbox 1437 419 1543 473; x_wconf 77' lang='lat'>7943</span> <span class='ocrx_word' id='word_1_22' title='bbox 1574 433 1741 462; x_wconf 86' lang='lat' dir='ltr'>versum</span> <span class='ocrx_word' id='word_1_23' title='bbox 1771 422 1961 462; x_wconf 91' lang='lat' dir='ltr'>ultimum</span> 
     </span>
     <span class='ocr_line' id='line_1_4' title="bbox 518 483 1959 542; baseline 0.002 -17"><span class='ocrx_word' id='word_1_24' title='bbox 518 484 628 526; x_wconf 87' lang='lat' dir='ltr'>idem</span> <span class='ocrx_word' id='word_1_25' title='bbox 650 485 705 526; x_wconf 91' lang='lat' dir='ltr'>ad</span> <span class='ocrx_word' id='word_1_26' title='bbox 728 486 832 526; x_wconf 87' lang='lat' dir='ltr'>Aen.</span> <span class='ocrx_word' id='word_1_27' title='bbox 856 498 909 537; x_wconf 86' lang='lat' dir='ltr'>v1,</span> <span class='ocrx_word' id='word_1_28' title='bbox 933 484 1012 526; x_wconf 82' lang='lat'>376</span> <span class='ocrx_word' id='word_1_29' title='bbox 1044 488 1085 525; x_wconf 87' lang='lat' dir='ltr'>et</span> <span class='ocrx_word' id='word_1_30' title='bbox 1114 483 1168 525; x_wconf 89' lang='lat' dir='ltr'>ad</span> <span class='ocrx_word' id='word_1_31' title='bbox 1191 485 1323 537; x_wconf 91' lang='lat' dir='ltr'>eclog.</span> <span class='ocrx_word' id='word_1_32' title='bbox 1345 498 1432 537; x_wconf 86' lang='lat' dir='ltr'>vm,</span> <span class='ocrx_word' id='word_1_33' title='bbox 1459 485 1506 526; x_wconf 84' lang='lat'>17</span> <span class='ocrx_word' id='word_1_34' title='bbox 1523 517 1534 538; x_wconf 87' lang='lat'><em>‚</em></span> <span class='ocrx_word' id='word_1_35' title='bbox 1555 485 1717 529; x_wconf 88' lang='lat' dir='ltr'>Nonius</span> <span class='ocrx_word' id='word_1_36' title='bbox 1738 501 1778 542; x_wconf 91' lang='lat' dir='ltr'>p.</span> <span class='ocrx_word' id='word_1_37' title='bbox 1796 487 1889 542; x_wconf 86' lang='grc'>252,</span> <span class='ocrx_word' id='word_1_38' title='bbox 1908 487 1959 528; x_wconf 82' lang='grc'>27</span> 
     </span>
     <span class='ocr_line' id='line_1_5' title="bbox 519 550 1961 606; baseline 0.003 -15"><span class='ocrx_word' id='word_1_39' title='bbox 519 554 559 591; x_wconf 89' lang='lat' dir='ltr'>et</span> <span class='ocrx_word' id='word_1_40' title='bbox 587 551 683 604; x_wconf 89' lang='lat'>408,</span> <span class='ocrx_word' id='word_1_41' title='bbox 702 550 780 603; x_wconf 85' lang='grc'>20,</span> <span class='ocrx_word' id='word_1_42' title='bbox 800 554 1100 592; x_wconf 85' lang='lat' dir='ltr'><strong>commentator</strong></span> <span class='ocrx_word' id='word_1_43' title='bbox 1131 550 1293 592; x_wconf 87' lang='lat' dir='ltr'>Horatii</span> <span class='ocrx_word' id='word_1_44' title='bbox 1325 551 1587 605; x_wconf 85' lang='lat' dir='ltr'>Cruquianus</span> <span class='ocrx_word' id='word_1_45' title='bbox 1617 566 1656 606; x_wconf 92' lang='lat' dir='ltr'>p.</span> <span class='ocrx_word' id='word_1_46' title='bbox 1679 553 1760 596; x_wconf 86' lang='lat'>363</span> <span class='ocrx_word' id='word_1_47' title='bbox 1782 587 1791 596; x_wconf 93' lang='lat'>.</span> <span class='ocrx_word' id='word_1_48' title='bbox 1814 554 1961 596; x_wconf 88' lang='lat' dir='ltr'>horum</span> 
     </span>
     <span class='ocr_line' id='line_1_6' title="bbox 518 617 1960 675; baseline 0.003 -18"><span class='ocrx_word' id='word_1_49' title='bbox 518 617 657 658; x_wconf 88' lang='lat' dir='ltr'>nullus</span> <span class='ocrx_word' id='word_1_50' title='bbox 694 617 800 658; x_wconf 80' lang='lat' dir='ltr'>dixit</span> <span class='ocrx_word' id='word_1_51' title='bbox 838 630 889 659; x_wconf 88' lang='lat' dir='ltr'>ex</span> <span class='ocrx_word' id='word_1_52' title='bbox 926 620 1052 671; x_wconf 89' lang='lat' dir='ltr'>quoto</span> <span class='ocrx_word' id='word_1_53' title='bbox 1085 617 1265 659; x_wconf 88' lang='lat' dir='ltr'>Lucretii</span> <span class='ocrx_word' id='word_1_54' title='bbox 1303 618 1410 660; x_wconf 91' lang='lat' dir='ltr'>libro</span> <span class='ocrx_word' id='word_1_55' title='bbox 1443 617 1517 659; x_wconf 91' lang='lat' dir='ltr'>hos</span> <span class='ocrx_word' id='word_1_56' title='bbox 1548 632 1693 661; x_wconf 88' lang='lat' dir='ltr'>versus</span> <span class='ocrx_word' id='word_1_57' title='bbox 1722 620 1960 675; x_wconf 87' lang='lat' dir='ltr'>repetierit,</span> 
     </span>
     <span class='ocr_line' id='line_1_7' title="bbox 518 683 1962 741; baseline 0.003 -17"><span class='ocrx_word' id='word_1_58' title='bbox 518 688 685 737; x_wconf 85' lang='lat' dir='ltr'>praeter</span> <span class='ocrx_word' id='word_1_59' title='bbox 706 684 887 726; x_wconf 89' lang='lat' dir='ltr'>Nonium</span> <span class='ocrx_word' id='word_1_60' title='bbox 906 716 914 737; x_wconf 95' lang='lat'>,</span> <span class='ocrx_word' id='word_1_61' title='bbox 937 683 1008 736; x_wconf 91' lang='lat' dir='ltr'>qui</span> <span class='ocrx_word' id='word_1_62' title='bbox 1030 683 1230 725; x_wconf 80' lang='lat' dir='ltr'>adscribit</span> <span class='ocrx_word' id='word_1_63' title='bbox 1251 697 1322 726; x_wconf 88' lang='lat' dir='ltr'>eos</span> <span class='ocrx_word' id='word_1_64' title='bbox 1343 685 1546 726; x_wconf 72' lang='lat' dir='ltr'>secundo:</span> <span class='ocrx_word' id='word_1_65' title='bbox 1573 686 1727 739; x_wconf 83' lang='lat' dir='ltr'>singuli</span> <span class='ocrx_word' id='word_1_66' title='bbox 1748 686 1790 727; x_wconf 90' lang='lat' dir='ltr'>in</span> <span class='ocrx_word' id='word_1_67' title='bbox 1812 687 1962 741; x_wconf 89' lang='lat' dir='ltr'>quibus</span> 
     </span>
     <span class='ocr_line' id='line_1_8' title="bbox 518 750 1962 804; baseline 0.002 -13"><span class='ocrx_word' id='word_1_68' title='bbox 518 750 734 804; x_wconf 86' lang='lat' dir='ltr'>peccarint</span> <span class='ocrx_word' id='word_1_69' title='bbox 762 750 900 792; x_wconf 85' lang='lat' dir='ltr'>dicere</span> <span class='ocrx_word' id='word_1_70' title='bbox 933 754 996 792; x_wconf 89' lang='lat' dir='ltr'>est</span> <span class='ocrx_word' id='word_1_71' title='bbox 1016 750 1145 792; x_wconf 90' lang='lat' dir='ltr'>otium</span> <span class='ocrx_word' id='word_1_72' title='bbox 1165 750 1342 804; x_wconf 85' lang='lat' dir='ltr'>perdere</span> <span class='ocrx_word' id='word_1_73' title='bbox 1363 785 1372 794; x_wconf 90' lang='lat'>.</span> <span class='ocrx_word' id='word_1_74' title='bbox 1396 751 1556 793; x_wconf 80' lang='lat' dir='ltr'>Semota</span> <span class='ocrx_word' id='word_1_75' title='bbox 1578 753 1627 793; x_wconf 84' lang='lat' dir='ltr'>ab</span> <span class='ocrx_word' id='word_1_76' title='bbox 1650 754 1800 794; x_wconf 76' lang='lat' dir='ltr'>nostris</span> <span class='ocrx_word' id='word_1_77' title='bbox 1821 753 1962 795; x_wconf 92' lang='lat' dir='ltr'>oblon-</span> 
     </span>
     <span class='ocr_line' id='line_1_9' title="bbox 519 816 1962 872; baseline 0.002 -14"><span class='ocrx_word' id='word_1_78' title='bbox 519 829 596 870; x_wconf 86' lang='lat' dir='ltr'>gus</span> <span class='ocrx_word' id='word_1_79' title='bbox 626 817 718 870; x_wconf 88' lang='lat' dir='ltr'>hic,</span> <span class='ocrx_word' id='word_1_80' title='bbox 751 821 792 858; x_wconf 91' lang='lat' dir='ltr'>et</span> <span class='ocrx_word' id='word_1_81' title='bbox 812 817 854 858; x_wconf 93' lang='lat' dir='ltr'>in</span> <span class='ocrx_word' id='word_1_82' title='bbox 874 817 978 858; x_wconf 91' lang='lat' dir='ltr'>libro</span> <span class='ocrx_word' id='word_1_83' title='bbox 1001 831 1027 869; x_wconf 92' lang='lat'>1,</span> <span class='ocrx_word' id='word_1_84' title='bbox 1049 816 1103 858; x_wconf 84' lang='lat'>46</span> <span class='ocrx_word' id='word_1_85' title='bbox 1126 821 1296 870; x_wconf 89' lang='lat' dir='ltr'>uterque</span> <span class='ocrx_word' id='word_1_86' title='bbox 1318 816 1410 858; x_wconf 84' lang='lat' dir='ltr'>eum</span> <span class='ocrx_word' id='word_1_87' title='bbox 1431 817 1598 859; x_wconf 90' lang='lat' dir='ltr'>schedis</span> <span class='ocrx_word' id='word_1_88' title='bbox 1617 833 1626 859; x_wconf 76' lang='grc' dir='ltr'><strong><em>ε</em></strong></span> <span class='ocrx_word' id='word_1_89' title='bbox 1647 835 1673 859; x_wconf 86' lang='lat' dir='ltr'><em>a</em></span> <span class='ocrx_word' id='word_1_90' title='bbox 1692 820 1843 860; x_wconf 76' lang='lat' dir='ltr'>nostris</span> <span class='ocrx_word' id='word_1_91' title='bbox 1863 831 1962 872; x_wconf 88' lang='lat' dir='ltr'>qua-</span> 
     </span>
     <span class='ocr_line' id='line_1_10' title="bbox 519 882 1962 940; baseline 0.003 -16"><span class='ocrx_word' id='word_1_92' title='bbox 519 883 662 924; x_wconf 87' lang='lat' dir='ltr'>dratus</span> <span class='ocrx_word' id='word_1_93' title='bbox 693 886 733 925; x_wconf 90' lang='lat' dir='ltr'>et</span> <span class='ocrx_word' id='word_1_94' title='bbox 763 882 943 924; x_wconf 86' lang='lat' dir='ltr'>schedae</span> <span class='ocrx_word' id='word_1_95' title='bbox 974 882 1067 936; x_wconf 90' lang='lat' dir='ltr'>hic,</span> <span class='ocrx_word' id='word_1_96' title='bbox 1103 883 1202 924; x_wconf 86' lang='lat' dir='ltr'>item</span> <span class='ocrx_word' id='word_1_97' title='bbox 1232 884 1472 926; x_wconf 86' lang='lat' dir='ltr'>Lactantius</span> <span class='ocrx_word' id='word_1_98' title='bbox 1509 889 1550 926; x_wconf 93' lang='lat' dir='ltr'>et</span> <span class='ocrx_word' id='word_1_99' title='bbox 1579 885 1785 940; x_wconf 84' lang='lat' dir='ltr'>interpres</span> <span class='ocrx_word' id='word_1_100' title='bbox 1815 885 1962 928; x_wconf 86' lang='lat' dir='ltr'>Statii.</span> 
     </span>
     <span class='ocr_line' id='line_1_11' title="bbox 517 949 1963 1008; baseline 0.001 -16"><span class='ocrx_word' id='word_1_101' title='bbox 517 966 646 1006; x_wconf 74' lang='lat' dir='ltr'>neque</span> <span class='ocrx_word' id='word_1_102' title='bbox 675 950 859 1005; x_wconf 67' lang='lat' dir='ltr'>tanyituo·</span> <span class='ocrx_word' id='word_1_103' title='bbox 887 950 1019 991; x_wconf 85' lang='lat' dir='ltr'>nostri</span> <span class='ocrx_word' id='word_1_104' title='bbox 1050 949 1116 991; x_wconf 92' lang='lat' dir='ltr'>hic</span> <span class='ocrx_word' id='word_1_105' title='bbox 1133 982 1142 999; x_wconf 87' lang='lat'><strong>‚</strong></span> <span class='ocrx_word' id='word_1_106' title='bbox 1173 963 1307 1003; x_wconf 89' lang='lat' dir='ltr'>neque</span> <span class='ocrx_word' id='word_1_107' title='bbox 1328 950 1450 992; x_wconf 87' lang='lat' dir='ltr'>aliter</span> <span class='ocrx_word' id='word_1_108' title='bbox 1471 951 1657 994; x_wconf 87' lang='lat' dir='ltr'>Nonius:</span> <span class='ocrx_word' id='word_1_109' title='bbox 1688 968 1760 994; x_wconf 76' lang='lat' dir='ltr'>uec</span> <span class='ocrx_word' id='word_1_110' title='bbox 1780 954 1963 1008; x_wconf 70' lang='lat' dir='ltr'>tanyitur</span> 
     </span>
     <span class='ocr_line' id='line_1_12' title="bbox 519 1016 1963 1073; baseline 0.001 -15"><span class='ocrx_word' id='word_1_111' title='bbox 519 1016 777 1070; x_wconf 84' lang='lat' dir='ltr'>exemplaria</span> <span class='ocrx_word' id='word_1_112' title='bbox 802 1019 947 1057; x_wconf 90' lang='lat' dir='ltr'>nostra</span> <span class='ocrx_word' id='word_1_113' title='bbox 967 1016 1008 1056; x_wconf 90' lang='lat' dir='ltr'>in</span> <span class='ocrx_word' id='word_1_114' title='bbox 1030 1016 1137 1057; x_wconf 94' lang='lat' dir='ltr'>libro</span> <span class='ocrx_word' id='word_1_115' title='bbox 1159 1016 1320 1070; x_wconf 82' lang='lat' dir='ltr'>primo,</span> <span class='ocrx_word' id='word_1_116' title='bbox 1343 1016 1583 1059; x_wconf 88' lang='lat' dir='ltr'>Lactantius</span> <span class='ocrx_word' id='word_1_117' title='bbox 1601 1026 1616 1072; x_wconf 77' lang='grc'>,·</span> <span class='ocrx_word' id='word_1_118' title='bbox 1634 1017 1831 1073; x_wconf 82' lang='lat' dir='ltr'>Servius,</span> <span class='ocrx_word' id='word_1_119' title='bbox 1855 1031 1963 1060; x_wconf 91' lang='lat' dir='ltr'>com-</span> 
     </span>
     <span class='ocr_line' id='line_1_13' title="bbox 518 1081 1507 1135; baseline 0 -11"><span class='ocrx_word' id='word_1_120' title='bbox 518 1087 724 1124; x_wconf 88' lang='lat' dir='ltr'>mentator</span> <span class='ocrx_word' id='word_1_121' title='bbox 755 1081 1045 1135; x_wconf 88' lang='lat' dir='ltr'>Cruquianus,</span> <span class='ocrx_word' id='word_1_122' title='bbox 1077 1081 1323 1124; x_wconf 85' lang='lat' dir='ltr'>scholiastes</span> <span class='ocrx_word' id='word_1_123' title='bbox 1354 1082 1507 1124; x_wconf 87' lang='lat' dir='ltr'>Statii.</span> 
     </span>
    </p>

    <p class='ocr_par' dir='ltr' id='par_1_3' title="bbox 518 1149 1962 1403">
     <span class='ocr_line' id='line_1_14' title="bbox 629 1149 1962 1206; baseline 0.002 -16"><span class='ocrx_word' id='word_1_124' title='bbox 629 1149 724 1191; x_wconf 89' lang='lat'>656.</span> <span class='ocrx_word' id='word_1_125' title='bbox 756 1162 1081 1194; x_wconf 76' lang='lat' dir='ltr'><strong>CEREREMQUE</strong></span> <span class='ocrx_word' id='word_1_126' title='bbox 1111 1162 1301 1191; x_wconf 82' lang='lat' dir='ltr'>VOCARE</span> <span class='ocrx_word' id='word_1_127' title='bbox 1324 1149 1637 1201; x_wconf 68' lang='lat' dir='ltr'>Cossi-irum·</span> <span class='ocrx_word' id='word_1_128' title='bbox 1670 1165 1883 1206; x_wconf 64' lang='lat' dir='ltr'>raucas,</span> <span class='ocrx_word' id='word_1_129' title='bbox 1906 1165 1962 1192; x_wconf 80' lang='lat' dir='ltr'>m·</span> 
     </span>
     <span class='ocr_line' id='line_1_15' title="bbox 518 1214 1962 1261; baseline 0.004 -6"><span class='ocrx_word' id='word_1_130' title='bbox 518 1229 698 1256; x_wconf 72' lang='lat' dir='ltr'>BAocni</span> <span class='ocrx_word' id='word_1_131' title='bbox 724 1230 911 1256; x_wconf 62' lang='lat' dir='ltr'>nomme</span> <span class='ocrx_word' id='word_1_132' title='bbox 939 1230 1086 1256; x_wconf 70' lang='lat' dir='ltr'>Anum</span> <span class='ocrx_word' id='word_1_133' title='bbox 1106 1214 1311 1256; x_wconf 66' lang='lat' dir='ltr'>MAvom</span> <span class='ocrx_word' id='word_1_134' title='bbox 1331 1249 1339 1257; x_wconf 95' lang='lat'>.</span> <span class='ocrx_word' id='word_1_135' title='bbox 1358 1216 1471 1258; x_wconf 84' lang='lat' dir='ltr'>Haec</span> <span class='ocrx_word' id='word_1_136' title='bbox 1491 1217 1598 1259; x_wconf 86' lang='lat' dir='ltr'>inter</span> <span class='ocrx_word' id='word_1_137' title='bbox 1618 1230 1664 1259; x_wconf 84' lang='lat' dir='ltr'>se</span> <span class='ocrx_word' id='word_1_138' title='bbox 1684 1230 1766 1259; x_wconf 91' lang='lat' dir='ltr'>non</span> <span class='ocrx_word' id='word_1_139' title='bbox 1788 1223 1962 1261; x_wconf 60' lang='lat' dir='ltr'>coeunt.</span> 
     </span>
     <span class='ocr_line' id='line_1_16' title="bbox 519 1282 1962 1337; baseline 0.002 -12"><span class='ocrx_word' id='word_1_140' title='bbox 519 1284 644 1326; x_wconf 84' lang='lat' dir='ltr'>scribi</span> <span class='ocrx_word' id='word_1_141' title='bbox 675 1282 799 1325; x_wconf 83' lang='lat' dir='ltr'>debet</span> <span class='ocrx_word' id='word_1_142' title='bbox 819 1282 1118 1324; x_wconf 79' lang='lat' dir='ltr'>CONSTITUIT</span> <span class='ocrx_word' id='word_1_143' title='bbox 1146 1291 1181 1324; x_wconf 76' lang='lat' dir='ltr'>et</span> <span class='ocrx_word' id='word_1_144' title='bbox 1201 1283 1357 1325; x_wconf 66' lang='lat' dir='ltr'>illavolt</span> <span class='ocrx_word' id='word_1_145' title='bbox 1371 1316 1381 1337; x_wconf 87' lang='lat'>,</span> <span class='ocrx_word' id='word_1_146' title='bbox 1413 1287 1484 1324; x_wconf 87' lang='lat' dir='ltr'>aut</span> <span class='ocrx_word' id='word_1_147' title='bbox 1505 1284 1726 1327; x_wconf 73' lang='lat' dir='ltr'>Constz&#39;tuet</span> <span class='ocrx_word' id='word_1_148' title='bbox 1753 1294 1790 1327; x_wconf 78' lang='lat' dir='ltr'>et</span> <span class='ocrx_word' id='word_1_149' title='bbox 1809 1287 1938 1328; x_wconf 77' lang='lat' dir='ltr'>Malet</span> <span class='ocrx_word' id='word_1_150' title='bbox 1953 1318 1962 1328; x_wconf 92' lang='lat'>.</span> 
     </span>
     <span class='ocr_line' id='line_1_17' title="bbox 519 1350 1110 1403; baseline -0.003 -11"><span class='ocrx_word' id='word_1_151' title='bbox 519 1351 725 1403; x_wconf 89' lang='lat' dir='ltr'>oblongus</span> <span class='ocrx_word' id='word_1_152' title='bbox 755 1350 882 1392; x_wconf 86' lang='lat' dir='ltr'>habet</span> <span class='ocrx_word' id='word_1_153' title='bbox 911 1351 1077 1391; x_wconf 73' lang='lat' dir='ltr'>numine</span> <span class='ocrx_word' id='word_1_154' title='bbox 1100 1380 1110 1390; x_wconf 88' lang='lat'>.</span> 
     </span>
    </p>

    <p class='ocr_par' dir='ltr' id='par_1_4' title="bbox 518 1418 1966 1740">
     <span class='ocr_line' id='line_1_18' title="bbox 630 1418 1963 1473; baseline 0.001 -13"><span class='ocrx_word' id='word_1_155' title='bbox 630 1418 723 1460; x_wconf 81' lang='lat'>659.</span> <span class='ocrx_word' id='word_1_156' title='bbox 754 1430 853 1457; x_wconf 84' lang='lat' dir='ltr'>DUM</span> <span class='ocrx_word' id='word_1_157' title='bbox 884 1430 1009 1458; x_wconf 76' lang='lat' dir='ltr'><strong>VERA</strong></span> <span class='ocrx_word' id='word_1_158' title='bbox 1039 1431 1096 1456; x_wconf 82' lang='lat' dir='ltr'>RE</span> <span class='ocrx_word' id='word_1_159' title='bbox 1127 1430 1284 1457; x_wconf 82' lang='lat' dir='ltr'>TAMEN</span> <span class='ocrx_word' id='word_1_160' title='bbox 1315 1419 1512 1459; x_wconf 71' lang='lat' dir='ltr'>11³sn.1n</span> <span class='ocrx_word' id='word_1_161' title='bbox 1532 1418 1596 1459; x_wconf 90' lang='lat' dir='ltr'>his</span> <span class='ocrx_word' id='word_1_162' title='bbox 1617 1418 1757 1460; x_wconf 88' lang='lat' dir='ltr'>verbis</span> <span class='ocrx_word' id='word_1_163' title='bbox 1778 1418 1963 1473; x_wconf 87' lang='lat' dir='ltr'>pendere</span> 
     </span>
     <span class='ocr_line' id='line_1_19' title="bbox 519 1483 1962 1539; baseline 0.001 -13"><span class='ocrx_word' id='word_1_164' title='bbox 519 1486 751 1527; x_wconf 88' lang='lat' dir='ltr'>orationem</span> <span class='ocrx_word' id='word_1_165' title='bbox 780 1497 915 1537; x_wconf 88' lang='lat' dir='ltr'>neque</span> <span class='ocrx_word' id='word_1_166' title='bbox 951 1483 994 1525; x_wconf 90' lang='lat' dir='ltr'>id</span> <span class='ocrx_word' id='word_1_167' title='bbox 1029 1484 1143 1537; x_wconf 89' lang='lat' dir='ltr'>quod</span> <span class='ocrx_word' id='word_1_168' title='bbox 1183 1484 1264 1525; x_wconf 89' lang='lat' dir='ltr'>dici</span> <span class='ocrx_word' id='word_1_169' title='bbox 1302 1488 1492 1538; x_wconf 89' lang='lat' dir='ltr'>coeptum</span> <span class='ocrx_word' id='word_1_170' title='bbox 1531 1489 1594 1526; x_wconf 89' lang='lat' dir='ltr'>est</span> <span class='ocrx_word' id='word_1_171' title='bbox 1630 1485 1791 1527; x_wconf 87' lang='lat' dir='ltr'>absolvi</span> <span class='ocrx_word' id='word_1_172' title='bbox 1822 1489 1962 1539; x_wconf 84' lang='lat' dir='ltr'>patet.</span> 
     </span>
     <span class='ocr_line' id='line_1_20' title="bbox 519 1551 1963 1606; baseline 0.001 -13"><span class='ocrx_word' id='word_1_173' title='bbox 519 1552 596 1593; x_wconf 88' lang='lat' dir='ltr'>fuit</span> <span class='ocrx_word' id='word_1_174' title='bbox 626 1555 765 1593; x_wconf 89' lang='lat' dir='ltr'>autem</span> <span class='ocrx_word' id='word_1_175' title='bbox 795 1551 861 1592; x_wconf 89' lang='lat' dir='ltr'>hic</span> <span class='ocrx_word' id='word_1_176' title='bbox 891 1551 933 1592; x_wconf 90' lang='lat' dir='ltr'>in</span> <span class='ocrx_word' id='word_1_177' title='bbox 962 1551 1191 1606; x_wconf 84' lang='lat' dir='ltr'>archetypo</span> <span class='ocrx_word' id='word_1_178' title='bbox 1218 1551 1401 1605; x_wconf 82' lang='lat' dir='ltr'>paginae</span> <span class='ocrx_word' id='word_1_179' title='bbox 1422 1551 1542 1593; x_wconf 89' lang='lat' dir='ltr'>huius</span> <span class='ocrx_word' id='word_1_180' title='bbox 1562 1551 1657 1593; x_wconf 87' lang='lat' dir='ltr'>libri</span> <span class='ocrx_word' id='word_1_181' title='bbox 1679 1565 1795 1592; x_wconf 86' lang='lat' dir='ltr'>xxvn</span> <span class='ocrx_word' id='word_1_182' title='bbox 1815 1565 1963 1594; x_wconf 86' lang='lat' dir='ltr'>versus</span> 
     </span>
     <span class='ocr_line' id='line_1_21' title="bbox 519 1617 1966 1673; baseline 0 -13"><span class='ocrx_word' id='word_1_183' title='bbox 519 1620 715 1673; x_wconf 85' lang='lat' dir='ltr'>quintus;</span> <span class='ocrx_word' id='word_1_184' title='bbox 738 1630 830 1659; x_wconf 88' lang='lat' dir='ltr'>cum</span> <span class='ocrx_word' id='word_1_185' title='bbox 851 1630 933 1672; x_wconf 89' lang='lat' dir='ltr'>quo</span> <span class='ocrx_word' id='word_1_186' title='bbox 957 1617 1087 1672; x_wconf 84' lang='lat' dir='ltr'>siquis</span> <span class='ocrx_word' id='word_1_187' title='bbox 1109 1617 1294 1659; x_wconf 89' lang='lat' dir='ltr'>eiusdem</span> <span class='ocrx_word' id='word_1_188' title='bbox 1315 1618 1497 1672; x_wconf 88' lang='lat' dir='ltr'>paginae</span> <span class='ocrx_word' id='word_1_189' title='bbox 1525 1618 1711 1660; x_wconf 91' lang='lat' dir='ltr'>ultimum</span> <span class='ocrx_word' id='word_1_190' title='bbox 1742 1618 1966 1672; x_wconf 84' lang='lat' dir='ltr'>coniunget</span> 
     </span>
     <span class='ocr_line' id='line_1_22' title="bbox 518 1684 1391 1740; baseline -0.003 -12"><span class='ocrx_word' id='word_1_191' title='bbox 518 1686 598 1729; x_wconf 82' lang='lat' dir='ltr'>hoc</span> <span class='ocrx_word' id='word_1_192' title='bbox 627 1686 779 1740; x_wconf 89' lang='lat' dir='ltr'>modo,</span> <span class='ocrx_word' id='word_1_193' title='bbox 812 1684 909 1726; x_wconf 82' lang='lat' dir='ltr'>dum</span> <span class='ocrx_word' id='word_1_194' title='bbox 937 1701 1036 1726; x_wconf 77' lang='lat' dir='ltr'>vera</span> <span class='ocrx_word' id='word_1_195' title='bbox 1066 1700 1110 1726; x_wconf 79' lang='lat' dir='ltr'>re</span> <span class='ocrx_word' id='word_1_196' title='bbox 1140 1693 1273 1726; x_wconf 78' lang='lat' dir='ltr'>tamen</span> <span class='ocrx_word' id='word_1_197' title='bbox 1304 1685 1391 1740; x_wconf 79' lang='lat' dir='ltr'>ipse</span> 
     </span>
    </p>

    <p class='ocr_par' dir='ltr' id='par_1_5' title="bbox 518 1753 1964 2075">
     <span class='ocr_line' id='line_1_23' title="bbox 631 1753 1964 1806; baseline -0.001 -12"><span class='ocrx_word' id='word_1_198' title='bbox 631 1753 726 1794; x_wconf 87' lang='lat'>680.</span> <span class='ocrx_word' id='word_1_199' title='bbox 756 1753 1029 1793; x_wconf 65' lang='lat' dir='ltr'>Rmmmm:</span> <span class='ocrx_word' id='word_1_200' title='bbox 1050 1765 1237 1792; x_wconf 56' lang='lat' dir='ltr'>nummu</span> <span class='ocrx_word' id='word_1_201' title='bbox 1259 1766 1402 1792; x_wconf 68' lang='lat' dir='ltr'>Tuum</span> <span class='ocrx_word' id='word_1_202' title='bbox 1423 1765 1734 1792; x_wconf 65' lang='lat' dir='ltr'>com-monam</span> <span class='ocrx_word' id='word_1_203' title='bbox 1755 1765 1964 1806; x_wconf 72' lang='lat' dir='ltr'>PARATo,</span> 
     </span>
     <span class='ocr_line' id='line_1_24' title="bbox 519 1817 1964 1873; baseline -0.001 -11"><span class='ocrx_word' id='word_1_204' title='bbox 519 1821 623 1862; x_wconf 89' lang='lat' dir='ltr'>nihil</span> <span class='ocrx_word' id='word_1_205' title='bbox 660 1831 838 1873; x_wconf 90' lang='lat' dir='ltr'>usquam</span> <span class='ocrx_word' id='word_1_206' title='bbox 878 1817 1055 1871; x_wconf 90' lang='lat' dir='ltr'>reliquet</span> <span class='ocrx_word' id='word_1_207' title='bbox 1091 1817 1373 1872; x_wconf 72' lang='lat' dir='ltr'>difficultatis,</span> <span class='ocrx_word' id='word_1_208' title='bbox 1405 1818 1484 1860; x_wconf 88' lang='lat' dir='ltr'>nisi</span> <span class='ocrx_word' id='word_1_209' title='bbox 1519 1817 1630 1872; x_wconf 89' lang='lat' dir='ltr'>quod</span> <span class='ocrx_word' id='word_1_210' title='bbox 1658 1818 1700 1859; x_wconf 90' lang='lat' dir='ltr'>in</span> <span class='ocrx_word' id='word_1_211' title='bbox 1730 1817 1875 1860; x_wconf 91' lang='lat' dir='ltr'>horum</span> <span class='ocrx_word' id='word_1_212' title='bbox 1904 1819 1964 1860; x_wconf 94' lang='lat' dir='ltr'>ul-</span> 
     </span>
     <span class='ocr_line' id='line_1_25' title="bbox 520 1885 1963 1940; baseline -0.001 -11"><span class='ocrx_word' id='word_1_213' title='bbox 520 1888 618 1929; x_wconf 88' lang='lat' dir='ltr'>timo</span> <span class='ocrx_word' id='word_1_214' title='bbox 649 1885 883 1939; x_wconf 87' lang='lat' dir='ltr'>vocabulo,</span> <span class='ocrx_word' id='word_1_215' title='bbox 911 1885 1024 1938; x_wconf 92' lang='lat' dir='ltr'>quod</span> <span class='ocrx_word' id='word_1_216' title='bbox 1056 1885 1097 1926; x_wconf 90' lang='lat' dir='ltr'>in</span> <span class='ocrx_word' id='word_1_217' title='bbox 1129 1885 1311 1938; x_wconf 91' lang='lat' dir='ltr'>oblongo</span> <span class='ocrx_word' id='word_1_218' title='bbox 1342 1885 1541 1940; x_wconf 89' lang='lat' dir='ltr'>scriptum</span> <span class='ocrx_word' id='word_1_219' title='bbox 1571 1888 1633 1926; x_wconf 88' lang='lat' dir='ltr'>est</span> <span class='ocrx_word' id='word_1_220' title='bbox 1657 1894 1832 1939; x_wconf 72' lang='lat' dir='ltr'>parato,</span> <span class='ocrx_word' id='word_1_221' title='bbox 1854 1898 1963 1928; x_wconf 89' lang='lat' dir='ltr'>erro-</span> 
     </span>
     <span class='ocr_line' id='line_1_26' title="bbox 518 1950 1964 2006; baseline -0.001 -10"><span class='ocrx_word' id='word_1_222' title='bbox 518 1967 605 1996; x_wconf 90' lang='lat' dir='ltr'>rem</span> <span class='ocrx_word' id='word_1_223' title='bbox 635 1966 719 1994; x_wconf 90' lang='lat' dir='ltr'>non</span> <span class='ocrx_word' id='word_1_224' title='bbox 750 1952 872 1994; x_wconf 89' lang='lat' dir='ltr'>citius</span> <span class='ocrx_word' id='word_1_225' title='bbox 903 1951 1189 2006; x_wconf 88' lang='lat' dir='ltr'>deprehendet</span> <span class='ocrx_word' id='word_1_226' title='bbox 1218 1964 1344 2005; x_wconf 91' lang='lat' dir='ltr'>quam</span> <span class='ocrx_word' id='word_1_227' title='bbox 1366 1952 1572 2004; x_wconf 83' lang='lat' dir='ltr'>corriget:</span> <span class='ocrx_word' id='word_1_228' title='bbox 1595 1950 1720 1992; x_wconf 88' lang='lat' dir='ltr'>debet</span> <span class='ocrx_word' id='word_1_229' title='bbox 1740 1952 1851 1994; x_wconf 90' lang='lat' dir='ltr'>enim</span> <span class='ocrx_word' id='word_1_230' title='bbox 1872 1965 1964 1994; x_wconf 89' lang='lat' dir='ltr'>esse</span> 
     </span>
     <span class='ocr_line' id='line_1_27' title="bbox 521 2021 1129 2075; baseline -0.002 -13"><span class='ocrx_word' id='word_1_231' title='bbox 521 2021 618 2062; x_wconf 83' lang='lat' dir='ltr'>dum</span> <span class='ocrx_word' id='word_1_232' title='bbox 648 2021 879 2075; x_wconf 62' lang='lat' dir='ltr'>coutiuyere</span> <span class='ocrx_word' id='word_1_233' title='bbox 907 2032 1097 2059; x_wconf 80' lang='lat' dir='ltr'>PARcA&#39;r</span> <span class='ocrx_word' id='word_1_234' title='bbox 1120 2052 1129 2062; x_wconf 90' lang='lat'>.</span> 
     </span>
    </p>

    <p class='ocr_par' dir='ltr' id='par_1_6' title="bbox 519 2086 1967 2739">
     <span class='ocr_line' id='line_1_28' title="bbox 631 2086 1964 2138; baseline -0.003 -10"><span class='ocrx_word' id='word_1_235' title='bbox 631 2087 725 2130; x_wconf 87' lang='lat'>661.</span> <span class='ocrx_word' id='word_1_236' title='bbox 763 2086 1058 2127; x_wconf 66' lang='lat' dir='ltr'>LAmGERAE</span> <span class='ocrx_word' id='word_1_237' title='bbox 1094 2099 1310 2126; x_wconf 77' lang='lat' dir='ltr'>PECUDES</span> <span class='ocrx_word' id='word_1_238' title='bbox 1350 2099 1407 2125; x_wconf 80' lang='lat' dir='ltr'>ET</span> <span class='ocrx_word' id='word_1_239' title='bbox 1450 2098 1686 2138; x_wconf 67' lang='lat' dir='ltr'>notionum</span> <span class='ocrx_word' id='word_1_240' title='bbox 1721 2098 1964 2125; x_wconf 60' lang='lat' dir='ltr'>nunnmca</span> 
     </span>
     <span class='ocr_line' id='line_1_29' title="bbox 519 2150 1964 2207; baseline -0.001 -13"><span class='ocrx_word' id='word_1_241' title='bbox 519 2167 700 2194; x_wconf 64' lang='lat' dir='ltr'>paones</span> <span class='ocrx_word' id='word_1_242' title='bbox 718 2185 728 2195; x_wconf 91' lang='lat'>.</span> <span class='ocrx_word' id='word_1_243' title='bbox 760 2153 832 2195; x_wconf 87' lang='lat' dir='ltr'>Bis</span> <span class='ocrx_word' id='word_1_244' title='bbox 861 2153 1021 2207; x_wconf 86' lang='lat' dir='ltr'>profert</span> <span class='ocrx_word' id='word_1_245' title='bbox 1041 2153 1204 2194; x_wconf 88' lang='lat' dir='ltr'>Nonius</span> <span class='ocrx_word' id='word_1_246' title='bbox 1230 2166 1270 2207; x_wconf 92' lang='lat' dir='ltr'>p.</span> <span class='ocrx_word' id='word_1_247' title='bbox 1289 2153 1354 2204; x_wconf 83' lang='lat'>80,</span> <span class='ocrx_word' id='word_1_248' title='bbox 1372 2151 1425 2193; x_wconf 85' lang='lat'>28</span> <span class='ocrx_word' id='word_1_249' title='bbox 1448 2155 1488 2193; x_wconf 87' lang='lat' dir='ltr'>et</span> <span class='ocrx_word' id='word_1_250' title='bbox 1510 2152 1602 2205; x_wconf 87' lang='grc'>208,</span> <span class='ocrx_word' id='word_1_251' title='bbox 1622 2151 1700 2205; x_wconf 90' lang='grc'>22,</span> <span class='ocrx_word' id='word_1_252' title='bbox 1722 2150 1797 2192; x_wconf 89' lang='lat' dir='ltr'>sed</span> <span class='ocrx_word' id='word_1_253' title='bbox 1826 2151 1964 2205; x_wconf 87' lang='lat' dir='ltr'>priore</span> 
     </span>
     <span class='ocr_line' id='line_1_30' title="bbox 519 2217 1964 2275; baseline -0.003 -13"><span class='ocrx_word' id='word_1_254' title='bbox 519 2221 610 2262; x_wconf 82' lang='lat' dir='ltr'>loco</span> <span class='ocrx_word' id='word_1_255' title='bbox 632 2221 872 2275; x_wconf 67' lang='lat' dir='ltr'>Lauiqeuae</span> <span class='ocrx_word' id='word_1_256' title='bbox 890 2251 899 2260; x_wconf 84' lang='lat'>.</span> <span class='ocrx_word' id='word_1_257' title='bbox 917 2218 1096 2260; x_wconf 80' lang='lat' dir='ltr'>duellica</span> <span class='ocrx_word' id='word_1_258' title='bbox 1116 2223 1254 2260; x_wconf 81' lang='lat' dir='ltr'>autem</span> <span class='ocrx_word' id='word_1_259' title='bbox 1274 2219 1434 2260; x_wconf 85' lang='lat' dir='ltr'>Nonius</span> <span class='ocrx_word' id='word_1_260' title='bbox 1465 2217 1708 2271; x_wconf 80' lang='lat' dir='ltr'>confirmat,</span> <span class='ocrx_word' id='word_1_261' title='bbox 1739 2229 1876 2270; x_wconf 83' lang='lat' dir='ltr'>neque</span> <span class='ocrx_word' id='word_1_262' title='bbox 1905 2217 1964 2259; x_wconf 86' lang='lat' dir='ltr'>vi-</span> 
     </span>
     <span class='ocr_line' id='line_1_31' title="bbox 520 2283 1964 2339; baseline -0.003 -11"><span class='ocrx_word' id='word_1_263' title='bbox 520 2287 670 2329; x_wconf 88' lang='lat' dir='ltr'>dentur</span> <span class='ocrx_word' id='word_1_264' title='bbox 699 2287 948 2327; x_wconf 86' lang='lat' dir='ltr'>vetustiores</span> <span class='ocrx_word' id='word_1_265' title='bbox 979 2285 1101 2327; x_wconf 88' lang='lat' dir='ltr'>aliter</span> <span class='ocrx_word' id='word_1_266' title='bbox 1132 2285 1290 2327; x_wconf 82' lang='lat' dir='ltr'>dixisse</span> <span class='ocrx_word' id='word_1_267' title='bbox 1320 2297 1444 2338; x_wconf 91' lang='lat' dir='ltr'>quam</span> <span class='ocrx_word' id='word_1_268' title='bbox 1475 2284 1696 2326; x_wconf 79' lang='lat' dir='ltr'>duellicum</span> <span class='ocrx_word' id='word_1_269' title='bbox 1717 2287 1758 2326; x_wconf 91' lang='lat' dir='ltr'>et</span> <span class='ocrx_word' id='word_1_270' title='bbox 1773 2283 1964 2339; x_wconf 81' lang='lat' dir='ltr'>perduel-</span> 
     </span>
     <span class='ocr_line' id='line_1_32' title="bbox 521 2349 1965 2406; baseline -0.003 -11"><span class='ocrx_word' id='word_1_271' title='bbox 521 2354 578 2396; x_wconf 76' lang='lat' dir='ltr'>les</span> <span class='ocrx_word' id='word_1_272' title='bbox 594 2385 603 2394; x_wconf 88' lang='lat'>.</span> <span class='ocrx_word' id='word_1_273' title='bbox 620 2354 680 2395; x_wconf 89' lang='lat' dir='ltr'>ita</span> <span class='ocrx_word' id='word_1_274' title='bbox 700 2353 868 2395; x_wconf 90' lang='lat' dir='ltr'>Plautus</span> <span class='ocrx_word' id='word_1_275' title='bbox 889 2364 1080 2406; x_wconf 87' lang='lat' dir='ltr'>semper,</span> <span class='ocrx_word' id='word_1_276' title='bbox 1102 2352 1294 2405; x_wconf 88' lang='lat' dir='ltr'>quamvis</span> <span class='ocrx_word' id='word_1_277' title='bbox 1325 2351 1459 2393; x_wconf 88' lang='lat' dir='ltr'>soleat</span> <span class='ocrx_word' id='word_1_278' title='bbox 1488 2351 1529 2391; x_wconf 91' lang='lat' dir='ltr'>in</span> <span class='ocrx_word' id='word_1_279' title='bbox 1559 2349 1624 2392; x_wconf 90' lang='lat' dir='ltr'>his</span> <span class='ocrx_word' id='word_1_280' title='bbox 1654 2366 1682 2392; x_wconf 88' lang='lat' dir='ltr'>u</span> <span class='ocrx_word' id='word_1_281' title='bbox 1710 2350 1851 2391; x_wconf 85' lang='lat' dir='ltr'>littera</span> <span class='ocrx_word' id='word_1_282' title='bbox 1877 2349 1965 2404; x_wconf 88' lang='lat' dir='ltr'>ple-</span> 
     </span>
     <span class='ocr_line' id='line_1_33' title="bbox 520 2415 1964 2474; baseline -0.003 -13"><span class='ocrx_word' id='word_1_283' title='bbox 520 2432 692 2474; x_wconf 90' lang='lat' dir='ltr'>rumque</span> <span class='ocrx_word' id='word_1_284' title='bbox 722 2432 798 2473; x_wconf 90' lang='lat' dir='ltr'>pro</span> <span class='ocrx_word' id='word_1_285' title='bbox 830 2422 1087 2460; x_wconf 85' lang='lat' dir='ltr'>consonante</span> <span class='ocrx_word' id='word_1_286' title='bbox 1117 2419 1177 2460; x_wconf 91' lang='lat' dir='ltr'>uti</span> <span class='ocrx_word' id='word_1_287' title='bbox 1195 2450 1204 2472; x_wconf 93' lang='lat'>,</span> <span class='ocrx_word' id='word_1_288' title='bbox 1226 2418 1324 2460; x_wconf 90' lang='lat' dir='ltr'>item</span> <span class='ocrx_word' id='word_1_289' title='bbox 1345 2418 1505 2459; x_wconf 87' lang='lat' dir='ltr'>Ennius</span> <span class='ocrx_word' id='word_1_290' title='bbox 1527 2416 1641 2472; x_wconf 89' lang='lat' dir='ltr'>apud</span> <span class='ocrx_word' id='word_1_291' title='bbox 1660 2416 1892 2458; x_wconf 87' lang='lat' dir='ltr'>Varronem</span> <span class='ocrx_word' id='word_1_292' title='bbox 1912 2415 1964 2456; x_wconf 91' lang='lat' dir='ltr'>de</span> 
     </span>
     <span class='ocr_line' id='line_1_34' title="bbox 519 2481 1965 2540; baseline -0.002 -13"><span class='ocrx_word' id='word_1_293' title='bbox 519 2487 667 2540; x_wconf 87' lang='lat' dir='ltr'>lingua</span> <span class='ocrx_word' id='word_1_294' title='bbox 695 2485 850 2527; x_wconf 84' lang='lat' dir='ltr'>Latina</span> <span class='ocrx_word' id='word_1_295' title='bbox 879 2485 987 2527; x_wconf 89' lang='lat' dir='ltr'>libro</span> <span class='ocrx_word' id='word_1_296' title='bbox 1014 2499 1073 2525; x_wconf 86' lang='lat' dir='ltr'>vn</span> <span class='ocrx_word' id='word_1_297' title='bbox 1093 2499 1132 2540; x_wconf 90' lang='lat' dir='ltr'>p.</span> <span class='ocrx_word' id='word_1_298' title='bbox 1146 2485 1227 2527; x_wconf 86' lang='lat'>335</span> <span class='ocrx_word' id='word_1_299' title='bbox 1257 2485 1506 2540; x_wconf 72' lang='lat' dir='ltr'>sumpserint</span> <span class='ocrx_word' id='word_1_300' title='bbox 1525 2483 1810 2540; x_wconf 73' lang='lat' dir='ltr'>perdvellibus</span> <span class='ocrx_word' id='word_1_301' title='bbox 1832 2513 1840 2522; x_wconf 95' lang='lat'>.</span> <span class='ocrx_word' id='word_1_302' title='bbox 1862 2481 1965 2524; x_wconf 84' lang='lat' dir='ltr'>satis</span> 
     </span>
     <span class='ocr_line' id='line_1_35' title="bbox 520 2549 1962 2605; baseline -0.003 -10"><span class='ocrx_word' id='word_1_303' title='bbox 520 2553 701 2595; x_wconf 89' lang='lat' dir='ltr'>mirabili</span> <span class='ocrx_word' id='word_1_304' title='bbox 731 2553 894 2594; x_wconf 87' lang='lat' dir='ltr'>ratione</span> <span class='ocrx_word' id='word_1_305' title='bbox 924 2552 1123 2605; x_wconf 90' lang='lat' dir='ltr'>scriptum</span> <span class='ocrx_word' id='word_1_306' title='bbox 1154 2555 1217 2594; x_wconf 88' lang='lat' dir='ltr'>est</span> <span class='ocrx_word' id='word_1_307' title='bbox 1248 2551 1289 2592; x_wconf 90' lang='lat' dir='ltr'>in</span> <span class='ocrx_word' id='word_1_308' title='bbox 1320 2551 1496 2605; x_wconf 87' lang='lat' dir='ltr'>prologo</span> <span class='ocrx_word' id='word_1_309' title='bbox 1518 2549 1788 2604; x_wconf 85' lang='lat' dir='ltr'>Captivorum</span> <span class='ocrx_word' id='word_1_310' title='bbox 1807 2549 1962 2602; x_wconf 76' lang='lat' dir='ltr'>valete,</span> 
     </span>
     <span class='ocr_line' id='line_1_36' title="bbox 520 2617 1967 2672; baseline -0.003 -11"><span class='ocrx_word' id='word_1_311' title='bbox 520 2619 678 2662; x_wconf 79' lang='lat' dir='ltr'>iudices</span> <span class='ocrx_word' id='word_1_312' title='bbox 707 2618 928 2660; x_wconf 78' lang='lat' dir='ltr'>iustissimi</span> <span class='ocrx_word' id='word_1_313' title='bbox 952 2618 1100 2671; x_wconf 80' lang='lat' dir='ltr'>Domi,</span> <span class='ocrx_word' id='word_1_314' title='bbox 1134 2618 1307 2672; x_wconf 78' lang='lat' dir='ltr'>bellique</span> <span class='ocrx_word' id='word_1_315' title='bbox 1337 2617 1580 2658; x_wconf 75' lang='lat' dir='ltr'>dvellatores</span> <span class='ocrx_word' id='word_1_316' title='bbox 1608 2617 1788 2671; x_wconf 79' lang='lat' dir='ltr'>optumi,</span> <span class='ocrx_word' id='word_1_317' title='bbox 1822 2619 1967 2658; x_wconf 81' lang='lat' dir='ltr'>contra</span> 
     </span>
     <span class='ocr_line' id='line_1_37' title="bbox 522 2682 1855 2739; baseline -0.004 -11"><span class='ocrx_word' id='word_1_318' title='bbox 522 2687 563 2728; x_wconf 91' lang='lat' dir='ltr'>in</span> <span class='ocrx_word' id='word_1_319' title='bbox 594 2685 794 2728; x_wconf 87' lang='lat' dir='ltr'>Asinaria</span> <span class='ocrx_word' id='word_1_320' title='bbox 822 2698 881 2739; x_wconf 89' lang='lat' dir='ltr'>1n,</span> <span class='ocrx_word' id='word_1_321' title='bbox 903 2684 941 2738; x_wconf 88' lang='grc'>2,</span> <span class='ocrx_word' id='word_1_322' title='bbox 968 2684 1018 2725; x_wconf 85' lang='grc'>13</span> <span class='ocrx_word' id='word_1_323' title='bbox 1048 2700 1155 2739; x_wconf 81' lang='lat' dir='ltr'>quae</span> <span class='ocrx_word' id='word_1_324' title='bbox 1185 2683 1300 2726; x_wconf 87' lang='lat' dir='ltr'>domi</span> <span class='ocrx_word' id='word_1_325' title='bbox 1325 2683 1528 2738; x_wconf 81' lang='lat' dir='ltr'>dvellique</span> <span class='ocrx_word' id='word_1_326' title='bbox 1557 2682 1855 2738; x_wconf 71' lang='lat' dir='ltr'>malefecisti.</span> 
     </span>
    </p>

    <p class='ocr_par' dir='ltr' id='par_1_7' title="bbox 509 2752 1965 3006">
     <span class='ocr_line' id='line_1_38' title="bbox 619 2752 1963 2796; baseline -0.004 -1"><span class='ocrx_word' id='word_1_327' title='bbox 619 2753 714 2795; x_wconf 90' lang='grc'>662.</span> <span class='ocrx_word' id='word_1_328' title='bbox 731 2752 1086 2796; x_wconf 68' lang='grc' dir='ltr'>ΒυοΕΒῐΑΕρυΕ</span> <span class='ocrx_word' id='word_1_329' title='bbox 1103 2763 1286 2791; x_wconf 69' lang='lat' dir='ltr'>cuncus</span> <span class='ocrx_word' id='word_1_330' title='bbox 1302 2763 1464 2790; x_wconf 82' lang='lat' dir='ltr'>EODEM</span> <span class='ocrx_word' id='word_1_331' title='bbox 1481 2763 1566 2790; x_wconf 78' lang='lat' dir='ltr'>sus</span> <span class='ocrx_word' id='word_1_332' title='bbox 1583 2762 1795 2788; x_wconf 62' lang='lat' dir='ltr'>‘rucuma</span> <span class='ocrx_word' id='word_1_333' title='bbox 1812 2761 1963 2789; x_wconf 74' lang='lat' dir='ltr'>cAEm.</span> 
     </span>
     <span class='ocr_line' id='line_1_39' title="bbox 522 2813 1964 2872; baseline -0.006 -9"><span class='ocrx_word' id='word_1_334' title='bbox 522 2821 694 2863; x_wconf 85' lang='lat' dir='ltr'>Praeter</span> <span class='ocrx_word' id='word_1_335' title='bbox 710 2819 894 2862; x_wconf 90' lang='lat' dir='ltr'>Nonium</span> <span class='ocrx_word' id='word_1_336' title='bbox 909 2831 949 2872; x_wconf 92' lang='lat' dir='ltr'>p.</span> <span class='ocrx_word' id='word_1_337' title='bbox 963 2818 1018 2860; x_wconf 90' lang='lat'>80</span> <span class='ocrx_word' id='word_1_338' title='bbox 1034 2821 1073 2859; x_wconf 88' lang='lat' dir='ltr'>et</span> <span class='ocrx_word' id='word_1_339' title='bbox 1089 2817 1170 2860; x_wconf 82' lang='lat'>208</span> <span class='ocrx_word' id='word_1_340' title='bbox 1187 2818 1250 2859; x_wconf 92' lang='lat' dir='ltr'>his</span> <span class='ocrx_word' id='word_1_341' title='bbox 1266 2817 1391 2858; x_wconf 89' lang='lat' dir='ltr'>utitur</span> <span class='ocrx_word' id='word_1_342' title='bbox 1407 2815 1618 2858; x_wconf 86' lang='lat' dir='ltr'>Charisius</span> <span class='ocrx_word' id='word_1_343' title='bbox 1635 2828 1676 2870; x_wconf 85' lang='lat' dir='ltr'>p.</span> <span class='ocrx_word' id='word_1_344' title='bbox 1690 2814 1763 2869; x_wconf 82' lang='grc'>72,</span> <span class='ocrx_word' id='word_1_345' title='bbox 1781 2813 1964 2857; x_wconf 77' lang='lat' dir='ltr'>Ceterum</span> 
     </span>
     <span class='ocr_line' id='line_1_40' title="bbox 509 2885 1964 2941; baseline -0.005 -13"><span class='ocrx_word' id='word_1_346' title='bbox 509 2887 724 2941; x_wconf 73' lang='lat' dir='ltr'>feminina</span> <span class='ocrx_word' id='word_1_347' title='bbox 750 2885 890 2927; x_wconf 75' lang='lat' dir='ltr'>omnia</span> <span class='ocrx_word' id='word_1_348' title='bbox 916 2885 1198 2941; x_wconf 70' lang='lat' dir='ltr'>monosyllaba</span> <span class='ocrx_word' id='word_1_349' title='bbox 1223 2892 1318 2926; x_wconf 77' lang='lat' dir='ltr'>suut</span> <span class='ocrx_word' id='word_1_350' title='bbox 1343 2891 1505 2938; x_wconf 74' lang='lat' dir='ltr'>eoeccpto</span> <span class='ocrx_word' id='word_1_351' title='bbox 1528 2897 1653 2938; x_wconf 50' lang='grc' dir='ltr'>,φφ-696</span> <span class='ocrx_word' id='word_1_352' title='bbox 1673 2890 1709 2923; x_wconf 81' lang='lat' dir='ltr'>et</span> <span class='ocrx_word' id='word_1_353' title='bbox 1727 2895 1822 2936; x_wconf 59' lang='grc' dir='ltr'>φερε</span> <span class='ocrx_word' id='word_1_354' title='bbox 1835 2912 1846 2934; x_wconf 88' lang='grc'>,</span> <span class='ocrx_word' id='word_1_355' title='bbox 1869 2895 1964 2935; x_wconf 84' lang='lat' dir='ltr'>quo-</span> 
     </span>
     <span class='ocr_line' id='line_1_41' title="bbox 521 2947 1965 3006; baseline -0.007 -11"><span class='ocrx_word' id='word_1_356' title='bbox 521 2969 614 2995; x_wconf 69' lang='lat' dir='ltr'>rum</span> <span class='ocrx_word' id='word_1_357' title='bbox 643 2953 817 2994; x_wconf 77' lang='lat' dir='ltr'>alterum</span> <span class='ocrx_word' id='word_1_358' title='bbox 847 2967 898 2992; x_wconf 73' lang='lat' dir='ltr'>ecc</span> <span class='ocrx_word' id='word_1_359' title='bbox 927 2951 1088 2993; x_wconf 73' lang='lat' dir='ltr'>diverso</span> <span class='ocrx_word' id='word_1_360' title='bbox 1115 2967 1263 3006; x_wconf 47' lang='lat' dir='ltr'>‚qenere</span> <span class='ocrx_word' id='word_1_361' title='bbox 1298 2958 1481 2992; x_wconf 78' lang='lat' dir='ltr'>constat:</span> <span class='ocrx_word' id='word_1_362' title='bbox 1517 2964 1612 2989; x_wconf 76' lang='lat' dir='ltr'>uam</span> <span class='ocrx_word' id='word_1_363' title='bbox 1643 2947 1832 2988; x_wconf 76' lang='lat' dir='ltr'>Lucilius</span> <span class='ocrx_word' id='word_1_364' title='bbox 1860 2948 1905 2988; x_wconf 79' lang='lat' dir='ltr'>in</span> <span class='ocrx_word' id='word_1_365' title='bbox 1935 2960 1965 2986; x_wconf 89' lang='lat'>11</span> 
     </span>
    </p>
   </div>
  </div>
 </body>
</html>
