2040 3328
0 1964 14 2036 w„

952 226 1011 267 VI
1640 230 1723 272 389

239 343 296 385 Et,
325 339 663 384 coniunctionem
692 340 950 394 aliquotiens
981 340 1070 382 dixi
1102 344 1189 383 tam
1219 354 1316 383 raro
1347 341 1390 382 in
1419 341 1500 384 hoc
1526 345 1723 397 poemate

238 423 317 466 pro
348 409 472 451 eciam
502 408 630 463 poni,
660 413 704 450 ut
735 408 934 451 videatur
970 408 1156 451 librariis
1193 408 1335 464 potius
1366 422 1495 463 quam
1525 411 1721 466 scriptori

237 477 386 520 deberi
405 508 414 518 .
437 489 578 532 neque
598 480 673 519 aut
694 477 958 531 frequentior
980 470 1048 519 hic
1070 489 1171 519 usus
1193 480 1258 519 est
1285 477 1400 532 apud
1422 478 1619 520 Plautum
1648 485 1723 523 aut

237 557 417 600 usquam
439 545 532 587 sine
552 545 677 587 metri
691 545 985 588 sententiaeve
1002 544 1159 586 damno
1177 575 1188 586 .
1205 548 1252 586 ut
1271 544 1316 586 in
1332 546 1464 588 Persa
1480 561 1536 601 1v,
1546 547 1585 603 3,
1596 548 1619 590 7
1637 548 1724 591 Sed

236 622 283 656 ut
296 617 376 664 [et]
392 630 465 671 eqo
482 613 603 656 hodie
613 614 700 670 fui
718 614 950 669 beniqnus!
971 622 1015 654 ut
1038 629 1111 669 egyo
1134 613 1278 654 multis
1294 613 1465 656 credidi
1469 614 1486 656 Ι
1515 614 1559 656 in
1575 614 1720 658 Sticho

215 683 297 737 '111,
319 682 359 738 2,
381 682 438 725 45
468 683 614 735 Quaen
629 686 709 732 [et]
730 682 827 738 ipsa
850 680 1015 724 deciens
1037 682 1083 722 in
1110 680 1178 723 die
1204 688 1335 722 mutat
1363 681 1522 724 locu-m?
1551 683 1595 724 in
1617 684 1721 726 Poe-

235 749 340 792 nulo
355 765 383 805 1,
405 750 439 805 l,
461 750 514 792 14
539 751 638 801 [Ec]
659 751 752 806 qu
780 766 890 792 nunc
912 765 1052 792 amore
1065 763 1222 805 pereo:
1249 749 1340 791 sine
1361 758 1397 791 te
1418 751 1624 793 verberem
1643 784 1651 793 .
1676 753 1720 794 in

236 818 504 861 Mostellaria
519 833 546 874 1,
563 819 603 874 3,
624 819 704 861 138
731 819 831 861 Mea
851 818 1150 860 Philematium
1166 849 1177 871 ,
1206 825 1356 873 potare
1388 826 1518 860 tecum
1549 821 1719 863 conlibi-

236 881 361 929 tumst
376 887 485 929 mihi
496 919 506 930 .
525 887 690 938 [Libet]
706 887 762 929 Ec
783 885 929 942 edepol
946 886 1056 928 mihi
1072 894 1203 928 tecum
1221 900 1234 927 :
1247 901 1346 927 nam
1367 885 1481 941 quod
1499 887 1579 929 tibi
1596 888 1693 937 libet
1708 923 1719 942 ,

235 954 346 998 idem
365 956 475 998 mihi
491 956 589 998 libet
605 989 614 999 .
632 955 677 998 in
694 955 829 997 Milite
845 969 901 1009 1v,
920 954 959 1008 8,
978 954 1030 996 31
1050 955 1166 996 Bene
1182 969 1336 1009 quaeso
1356 954 1464 996 inter
1480 970 1551 996 vos
1568 955 1720 999 dicacis

236 1032 273 1066 et
302 1040 366 1066 me
386 1025 563 1067 absentie
583 1033 721 1066 tamen
736 1057 747 1078 ,
769 1023 842 1066 ubi
863 1021 1095 1076 legendum
1120 1025 1185 1064 est
1205 1020 1358 1064 dicatis
1379 1022 1488 1064 lianc
1509 1031 1546 1065 et
1565 1040 1628 1066 me
1649 1026 1718 1066 ab-

234 1092 363 1134 sentis
393 1100 557 1134 tamen.
585 1092 730 1135 nescio
763 1104 837 1135 cur
859 1090 1056 1133 Handius
1087 1090 1130 1131 in
1161 1089 1273 1132 hunc
1303 1102 1478 1132 censum
1509 1092 1720 1135 rettulerit

234 1159 312 1202 illa
333 1173 356 1202 e
378 1159 631 1203 Curculione
649 1175 705 1216 1v,
720 1160 760 1216 2,
780 1161 818 1215 7,
842 1160 1047 1202 Memento
1062 1159 1314 1215 promisisse
1330 1167 1367 1200 te
1386 1183 1434 1188 —-
1447 1189 1456 1199 .
1473 1161 1697 1203 meminero
1706 1178 1719 1202 .-

233 1228 285 1271 de
305 1229 407 1271 istoc
429 1230 594 1284 quietus
615 1237 720 1271 esto:
738 1229 796 1271 Ec
813 1244 925 1271 nuno
945 1227 1055 1271 idem
1073 1226 1166 1268 dieo
1184 1258 1193 1268 .
1215 1235 1275 1268 sec
1290 1226 1390 1269 haec
1405 1229 1718 1272 conmeminisse

233 1313 307 1354 eqo
322 1296 462 1339 volam
478 1305 515 1339 te
533 1329 543 1339 .
564 1296 626 1339 ita
645 1297 758 1339 enim
780 1297 886 1340 haec
907 1295 1033 1339 scribi
1057 1294 1215 1338 debent
1231 1309 1241 1349 3
1263 1294 1307 1336 in
1324 1294 1479 1349 quibus
1495 1298 1717 1339 meminero

233 1375 270 1409 et
290 1365 402 1408 idem
420 1380 532 1408 nnnc
553 1364 646 1408 dieo
674 1365 783 1408 inter
809 1378 855 1408 se
883 1365 1110 1408 coniuncta
1136 1367 1260 1406 sunt.
1287 1376 1426 1417 neque
1453 1364 1717 1411 haerendum

231 1434 277 1476 in
307 1434 400 1489 his,
423 1446 534 1488 quae
567 1432 680 1476 idem
702 1433 899 1476 Handius
929 1432 1042 1475 male
1069 1431 1318 1486 distinguit,
1340 1431 1718 1488 inAmphitruone

231 1517 259 1556 1,
281 1502 316 1558 1,
338 1503 438 1556 109,
459 1502 514 1543 Et
535 1502 741 1544 enimvero
755 1535 767 1556 ,
786 1502 985 1558 quoniam
992 1501 1189 1557 formam
1210 1501 1306 1557 cepi
1323 1501 1495 1544 huiusce
1514 1502 1561 1544 in
1576 1519 1656 1557 me,
1681 1511 1718 1545 et

231 1579 385 1613 statum
405 1570 534 1614 Decet
564 1578 601 1612 et
630 1569 751 1625 facta
779 1585 996 1626 moresque
1016 1570 1141 1611 huius
1162 1569 1311 1612 habere
1331 1585 1394 1611 me
1414 1570 1574 1612 similes
1594 1571 1690 1613 item
1707 1604 1716 1613 .

233 1638 349 1695 quod
369 1642 513 1682 autem
540 1651 594 1681 ex
616 1637 822 1681 Rudentis
850 1638 1032 1694 prologo
1060 1637 1085 1680 8
1116 1637 1257 1679 attulit
1282 1636 1325 1678 in
1345 1637 1573 1680 Tursellini
1601 1643 1715 1682 tomo

231 1722 263 1749 11
278 1706 441 1763 p.5o5,
464 1706 521 1750 ad
543 1706 654 1750 hanc
683 1719 773 1749 rem
802 1719 889 1749 non
921 1706 1061 1760 magis
1092 1705 1308 1761 pertinet:
1336 1717 1437 1747 nam
1465 1719 1559 1749 cum
1587 1708 1647 1750 ibi
1679 1709 1716 1751 is

231 1788 382 1820 versus
412 1775 486 1830 qui
516 1774 635 1818 illum
657 1776 879 1831 praecedit
905 1775 1078 1817 mutilus
1099 1774 1181 1828 sit,
1204 1773 1450 1816 addendum
1473 1779 1537 1817 est
1558 1785 1594 1818 ec
1615 1793 1688 1832 eqo
1705 1810 1716 1830 ,

230 1845 275 1888 in
306 1844 418 1887 hunc
447 1844 648 1901 modum,
670 1846 806 1888 Noctu
828 1861 920 1887 sum
939 1845 985 1887 in
1014 1843 1129 1885 caelo
1154 1842 1297 1884 clarus
1318 1850 1441 1898 atque
1461 1844 1570 1887 inter
1591 1845 1716 1887 deos:
1750 1871 1752 1873 -

230 1913 348 1956 Inter
376 1913 567 1955 mortalis
597 1914 762 1956 ambulo
784 1921 821 1955 et
846 1930 919 1969 690
941 1911 1148 1954 interdius
1163 1943 1174 1964 ‚
1197 1909 1254 1951 Et
1274 1910 1364 1952 alia
1384 1911 1510 1967 siqna
1530 1912 1581 1955 de
1602 1914 1715 1956 caelo

231 1981 293 2024 ad
311 1990 466 2024 terram
488 1981 684 2024 accidunt
702 2014 711 2022 .
729 1984 926 2037 superest
941 1980 985 2022 id
998 1991 1134 2034 genus
1152 1977 1267 2032 quod
1283 1978 1446 2022 ibidem
1464 1993 1716 2024 commemo-

231 2053 323 2100 rat,
345 2049 460 2092 salve
479 2082 488 2091 .
513 2058 549 2092 et
571 2058 614 2092 tu
635 2050 790 2093 salveto
805 2083 816 2104 ,
846 2049 946 2092 item
969 2048 1143 2091 brevius
1165 2046 1280 2089 salve
1295 2079 1306 2100 ,
1333 2048 1530 2105 Tyndare
1548 2082 1556 2090 .
1586 2058 1623 2091 ec
1644 2058 1687 2092 tu
1704 2066 1717 2092 :

231 2118 387 2173 quibus
402 2118 528 2174 paria
543 2121 640 2161 sunt
655 2118 741 2160 iam
757 2117 851 2160 vale
867 2150 876 2160 .
895 2126 932 2160 et
948 2126 991 2159 tu
1008 2117 1106 2160 bene
1121 2116 1233 2170 vale,
1248 2115 1350 2158 item
1366 2117 1475 2159 vale.
1494 2126 1531 2159 et
1547 2118 1715 2174 &usfra-

230 2195 292 2230 ter
309 2219 318 2228 .
341 2186 569 2229 multorum
589 2186 715 2229 huius
736 2185 854 2229 modi
882 2185 1175 2241 exemplorum
1197 2197 1397 2228 numeros
1419 2185 1579 2229 subieci
1598 2219 1607 2241 ,
1632 2200 1715 2241 quo

230 2253 478 2297 credibilius
499 2253 646 2310 fieret,
668 2254 784 2310 quod
806 2254 1003 2298 Handius
1030 2253 1174 2296 dicere
1195 2253 1386 2308 neglexit
1404 2286 1412 2309 ‚
1443 2254 1488 2296 in
1509 2254 1570 2297 eis
1593 2256 1716 2297 etiam

229 2323 402 2365 omnino
424 2323 564 2365 locum
585 2336 673 2366 non
694 2323 854 2367 habere
877 2356 885 2365 .
903 2325 1034 2367 Poen.
1053 2336 1092 2378 v,
1111 2322 1151 2377 2,
1172 2321 1252 2364 116
1270 2321 1358 2365 Mil.
1376 2336 1432 2378 1v,
1451 2323 1490 2378 8,
1507 2322 1534 2366 5
1551 2323 1714 2378 Rud.11‚

227 2391 269 2446 4,
286 2392 313 2434 3
331 2406 341 2433 :
364 2390 485 2446 Capt.
508 2405 547 2445 v,
564 2391 605 2445 4,
626 2392 677 2434 12
699 2392 797 2436 Cas.
814 2407 873 2447 111,
892 2393 931 2447 2,
953 2392 1002 2433 11
1026 2391 1156 2433 Poen.
1175 2404 1215 2445 v,
1234 2390 1272 2445 2,
1292 2391 1346 2434 79
1368 2390 1512 2434 Sticho
1529 2406 1557 2446 1,
1575 2391 1613 2444 2,
1633 2392 1687 2434 33
1707 2406 1715 2433 :

228 2459 382 2503 Bacch.
400 2474 457 2514 lv,
474 2459 513 2514 2,
531 2459 586 2503 23
608 2460 695 2503 Mil.
712 2475 768 2514 IV,
786 2461 825 2516 8,
843 2460 900 2503 42
915 2460 968 2504 51
987 2461 1120 2503 Poen.
1136 2474 1198 2515 111,
1216 2460 1255 2510 6,
1276 2459 1328 2502 13
1346 2474 1384 2512 ν,
1402 2461 1440 2515 6,
1458 2460 1510 2502 21
1531 2475 1540 2502 :
1560 2460 1653 2502 Aul.
1671 2475 1714 2514 11,

232 2529 269 2579 1,
285 2528 343 2572 54
363 2527 498 2571 Persa
512 2543 569 2584 1v,
582 2530 621 2584 6,
639 2529 692 2571 27
717 2529 824 2571 Eun.
842 2543 869 2583 1,
889 2529 928 2583 2,
949 2529 1027 2570 111
1045 2529 1218 2583 Hecyra
1234 2542 1261 2582 1,
1280 2527 1319 2584 2,
1338 2530 1363 2571 8
1382 2561 1391 2571 .
1409 2529 1584 2571 multum
1603 2529 1714 2570 enim

229 2596 285 2640 ab
315 2596 383 2639 his
414 2595 560 2640 differt
590 2598 716 2640 etiam
746 2613 857 2640 nunc
878 2597 997 2652 vale,
1020 2596 1137 2652 quod
1170 2601 1234 2639 est
1264 2597 1308 2638 in
1340 2596 1476 2639 Milite
1497 2611 1553 2650 1v,
1573 2597 1611 2652 8,
1630 2597 1684 2639 63
1705 2628 1714 2638 .

228 2663 306 2707 sed
327 2664 551 2721 Handius,
573 2669 621 2708 ut
651 2665 692 2708 in
725 2665 792 2707 his
822 2675 860 2708 et
889 2666 974 2708 alio
1008 2678 1136 2720 quam
1168 2664 1339 2718 vulgari
1369 2664 1496 2707 modo
1529 2664 1611 2706 dici
1644 2664 1714 2706 de-

228 2736 511 2789 monstraret,
543 2747 627 2777 uno
660 2734 857 2789 exemplo
890 2747 992 2776 usus
1025 2738 1089 2776 est
1119 2746 1225 2776 sane
1255 2732 1444 2774 mirabili
1470 2745 1523 2774 ex
1545 2732 1714 2775 Mostel-

227 2802 340 2845 laria
354 2816 415 2856 111,
436 2802 472 2856 1,
490 2801 574 2857 42,
596 2803 670 2845 ubi
692 2806 757 2845 est
773 2802 945 2845 inverso
965 2801 1270 2844 vocabulorum
1293 2801 1444 2843 ordine
1466 2801 1580 2843 salve
1597 2809 1633 2843 et
1650 2809 1713 2842 tu.

229 2871 345 2926 quod
383 2871 419 2914 si
450 2871 531 2913 hoc
567 2884 699 2912 unum
729 2871 775 2913 in
805 2869 886 2912 hoc
916 2882 1075 2924 genere
1110 2882 1207 2912 esse
1238 2881 1376 2923 neque
1406 2880 1588 2922 usquam
1619 2867 1716 2910 huic

229 2939 368 2982 simile
403 2938 491 2993 legi
529 2938 935 2992 animadvertisset,
965 2938 1113 2980 videre
1148 2939 1318 2992 poterat
1352 2936 1413 2978 ita
1443 2935 1714 2979 scribendum

227 3020 323 3051 esse
341 3040 351 3063 ,
379 3007 554 3051 Salvere
574 3007 692 3049 iubeo
713 3015 750 3048 te
766 3039 776 3059 ,
808 3004 1122 3061 Misaryyrides
1139 3038 1150 3060 ,
1178 3005 1276 3047 bene
1293 3036 1302 3046 .
1325 3003 1492 3048 Salveto
1508 3036 1517 3047 .
1540 3004 1647 3062 quid
1665 3003 1715 3047 de
