2040 3328
416 236 495 277 286
1117 235 1150 274 V

526 346 620 388 251.
650 359 768 386 PARS
800 344 951 385 TER'RA
981 358 1072 385 NON
1102 358 1224 385 ULLA
1252 377 1260 385 .
1291 345 1542 387 Veronensis
1571 345 1697 387 editio
1728 345 1861 386 terrai

415 429 495 454 non
524 426 674 453 NULLA
692 443 702 453 .
775 414 777 416 ’

526 479 619 521 255.
650 492 710 518 AD
740 490 974 518 mnuva
996 508 1005 518 .
1033 478 1158 519 Nonii
1184 477 1350 518 codices
1376 491 1415 530 p.
1432 478 1525 532 203,
1543 478 1594 519 27
1622 482 1768 520 contra
1795 479 1856 532 ip-

416 547 501 587 sius
531 549 711 586 mentem
742 545 943 586 diluvium
961 574 971 584 .

526 612 619 653 257.
649 624 739 651 PRO
760 624 915 651 PARTE
941 625 1028 651 snA
1050 624 1179 656 QUOD
1202 624 1396 656 CUMQUE
1424 623 1534 650 Amr
1554 624 1710 651 Auem·
1730 611 1856 652 Ran-

413 693 585 719 mrmz.
609 678 836 719 Lambinus
852 681 987 731 recte,
1010 677 1201 730 quamvis
1218 677 1306 731 ipse
1323 681 1471 731 postea
1485 677 1699 729 reiecerit,
1721 691 1855 718 Anu).

414 746 472 786 ita
500 749 673 798 uterque
694 745 924 786 Vossianus
951 744 1027 784 alit
1056 744 1098 784 in
1119 758 1145 798 1,
1163 744 1245 786 263
1265 758 1324 795 111,
1341 744 1448 797 970,
1472 743 1678 795 oblongus
1707 745 1789 785 alii
1813 743 1856 784 in

413 827 452 865 v,
478 811 583 853 1305
618 811 688 852 ubi
723 810 952 864 quadratus
987 810 1086 851 calz'c
1104 843 1115 863 ,
1146 811 1243 851 item
1279 809 1508 863 quadratus
1542 809 1619 850 alit
1651 823 1679 864 1,
1704 809 1784 852 407
1816 824 1855 863 v,

416 879 523 920 1456
551 910 559 918 .
595 890 671 932 pro
714 877 920 919 Redditur
959 877 1159 918 Marullus
1198 877 1376 918 Roditur
1400 908 1411 929 ,
1449 875 1562 928 quod
1600 875 1856 918 diminuendi

413 944 758 998 significationem
795 957 879 984 non
915 943 1054 996 explet
1081 975 1090 983 .
1121 948 1232 985 recte
1262 946 1484 984 servarunt
1512 941 1718 983 Redditur
1746 942 1856 984 Nau-

413 1012 553 1064 gerius
590 1015 630 1052 et
665 1010 949 1051 Wakefieldus
977 1041 986 1063 ,
1018 1008 1061 1049 id
1096 1013 1159 1050 est
1193 1008 1425 1050 restituitur
1450 1040 1460 1059 ,
1491 1008 1734 1050 retribuitur
1755 1041 1764 1063 ,
1795 1022 1857 1050 re-

413 1082 576 1120 creatur
594 1109 602 1117 .

524 1143 618 1185 264.
649 1155 835 1182 PRIMUM
865 1156 1106 1187 Qquun)
1134 1173 1144 1183 .
1175 1141 1244 1183 Sic
1273 1141 1420 1183 iterum
1450 1155 1575 1184 versu
1604 1141 1687 1183 304
1711 1155 1720 1182 :
1747 1145 1858 1183 utro-

412 1212 536 1264 bique
557 1213 765 1251 correetor
786 1208 956 1261 oblongi
978 1209 1165 1264 primum
1196 1222 1436 1254 chomo
1459 1241 1468 1250 .
1497 1208 1728 1262 quadratus
1748 1208 1858 1250 male

411 1279 476 1319 uti
502 1276 710 1332 quidquid
735 1276 779 1316 in
800 1289 826 1329 1,
844 1274 951 1328 215,
981 1275 1080 1316 item
1110 1276 1220 1317 male
1250 1276 1454 1330 oblongus
1475 1289 1501 1318 a
1523 1279 1755 1317 correctore
1776 1291 1859 1330 qua

413 1344 592 1400 quidque
611 1357 654 1397 11,
675 1342 753 1384 166
770 1373 780 1395 ,
802 1345 843 1383 et
863 1341 999 1395 prima
1014 1355 1140 1384 manu
1155 1342 1391 1397 Quidquam
1405 1357 1432 1398 1,
1449 1342 1531 1385 535
1552 1342 1752 1396 scalpello
1774 1341 1858 1383 fae-

411 1415 498 1452 tum
515 1411 741 1464 Quicquam
757 1441 767 1450 .
790 1409 854 1450 his
875 1409 1060 1463 exeeptis
1080 1409 1349 1450 membranae
1369 1422 1452 1451 non
1471 1412 1648 1464 peceant
1668 1441 1677 1449 .
1699 1408 1743 1450 in
1763 1409 1858 1461 lege

412 1478 570 1519 Thoria
585 1476 639 1517 32
659 1477 719 1516 ita
739 1476 826 1516 ucez’
841 1475 1041 1530 quicquid
1055 1477 1269 1531 quoiez'que
1289 1485 1382 1518 ante
1402 1477 1506 1518 hanc
1527 1477 1653 1532 Zeqem
1673 1483 1859 1530 roqatam

413 1546 529 1586 licuit
546 1576 554 1584 .
576 1544 617 1583 in
639 1542 822 1584 Terentii
838 1541 1044 1596 Adelphis
1060 1557 1115 1596 ιν,
1128 1542 1165 1597 2,
1177 1542 1229 1584 51
1249 1546 1360 1585 recte
1381 1543 1574 1585 scribitur
1593 1551 1714 1598 atque
1733 1557 1859 1583 unum

413 1609 611 1666 quicquid
624 1642 635 1662 ,
657 1609 767 1664 quod
795 1609 960 1664 quidem
986 1610 1064 1650 erit
1093 1610 1359 1651 bellissimum
1374 1643 1384 1663 ,
1407 1610 1590 1665 Oarpam
1612 1639 1622 1650 .
1641 1622 1726 1651 non
1746 1612 1858 1651 reete

413 1679 454 1718 in
477 1676 687 1718 Ciceronis
709 1675 762 1717 de
782 1679 932 1717 natura
951 1675 1125 1718 deorum
1145 1690 1171 1730 1,
1190 1677 1240 1718 77
1270 1677 1452 1731 optimus
1482 1676 1614 1718 codex
1636 1707 1646 1730 ,
1672 1676 1752 1717 nisi
1773 1675 1859 1716 Mo-

413 1757 530 1785 serus
563 1743 696 1796 fallit,
719 1743 903 1798 primum
923 1742 1131 1798 quidquid
1150 1776 1159 1783 .
1180 1756 1318 1797 neque
1347 1747 1458 1786 recte
1488 1743 1599 1798 apud
1630 1743 1859 1784 Varronem

412 1812 456 1852 in
486 1823 621 1852 rerum
652 1809 899 1851 rusticarum
918 1823 946 1863 1,
963 1809 1003 1863 5,
1021 1809 1047 1850 3
1068 1826 1146 1864 quo
1167 1810 1375 1866 quidquid
1393 1819 1568 1865 tempore
1589 1811 1634 1851 in
1654 1825 1698 1852 eo
1715 1809 1859 1866 fundo

399 1879 507 1932 fleri
522 1877 733 1918 conveniat
751 1908 759 1918 .
784 1877 882 1918 item
912 1876 1022 1917 male
1051 1876 1094 1918 in
1116 1877 1358 1918 Trinummo
1380 1877 1516 1918 Plauti
1533 1891 1587 1930 1v,
1605 1877 1643 1931 2,
1659 1877 1713 1918 39
1733 1892 1860 1918 unum

413 1944 642 1999 quidquid,
664 1943 776 1996 quod
806 1943 1056 1985 Ritsehelius
1087 1944 1267 1986 correxit
1287 1975 1296 1985 .
1319 1948 1461 1985 contra
1489 1943 1532 1984 in
1554 1943 1798 1993 Quintiliani
1817 1957 1857 1996 x,

415 2013 451 2065 1,
467 2011 493 2052 3
514 2014 555 2052 et
573 2010 612 2064 5,
629 2010 708 2063 23,
730 2010 800 2052 ubi
831 2009 874 2051 in
903 2010 1022 2052 libris
1052 2014 1115 2052 est
1139 2020 1183 2052 ut
1212 2010 1414 2066 quiequid
1436 2011 1660 2066 praecipue
1678 2025 1858 2051 ‘neeessa-

411 2079 519 2119 rz'um
542 2086 599 2118 est
619 2081 659 2118 et
679 2086 723 2118 ut
741 2093 813 2119 nee
833 2092 906 2119 suo
927 2077 1012 2119 loco
1033 2077 1233 2133 quioquid
1246 2086 1428 2133 ponatur
1447 2108 1458 2129 ,
1485 2076 1518 2117 F
1520 2075 1756 2118 rotscherus
1775 2089 1860 2118 non

412 2148 523 2186 recte
553 2144 651 2185 fecit
680 2143 888 2199 quidquid
908 2175 917 2184 .
946 2143 1137 2186 similiter
1157 2145 1311 2186 erravit
1337 2143 1379 2184 in
1402 2143 1616 2185 Ciceronis
1637 2142 1690 2184 de
1709 2142 1859 2185 finibus

415 2226 452 2265 v,
469 2211 524 2252 24
543 2211 760 2252 Madvicus
784 2242 791 2251 .
818 2210 933 2264 apud
955 2210 1156 2252 Catonem
1177 2211 1214 2264 7,
1235 2211 1255 2251 1
1277 2210 1371 2251 libri
1389 2242 1398 2263 ,
1420 2214 1465 2251 ut
1493 2213 1669 2251 testatur
1689 2210 1740 2251 H.
1762 2209 1860 2251 Kei-

412 2279 492 2320 lius
516 2279 559 2319 in
585 2277 948 2320 observationibus
978 2291 1018 2331 p.
1039 2277 1093 2319 48
1111 2309 1121 2331 ,
1142 2278 1195 2319 In
1217 2276 1351 2319 eodem
1358 2276 1502 2331 fundo
1523 2292 1642 2318 suum
1661 2274 1862 2331 quiequid

413 2346 575 2387 conseri
590 2353 772 2400 oportet..
794 2357 957 2399 semper
978 2345 1198 2399 quiequam
1218 2343 1483 2385 scribendum
1504 2356 1596 2385 esse
1613 2374 1622 2397 ,
1645 2341 1720 2384 sed
1741 2340 1858 2396 quid-

414 2411 540 2467 quid,
563 2423 655 2452 cum
684 2411 930 2453 relationem
951 2414 1090 2461 notet,
1112 2410 1219 2451 dixit
1239 2410 1476 2462 Wagnerus
1496 2410 1539 2451 in
1560 2407 1860 2463 orthographia

413 2478 659 2531 Vergiliana
677 2492 719 2532 p.
734 2478 817 2520 459
838 2481 880 2520 et
900 2477 1002 2531 467,
1019 2477 1214 2530 idemque
1230 2489 1309 2530 ego
1326 2476 1411 2518 dixi
1428 2476 1483 2517 ad
1500 2476 1653 2518 Gaium
1670 2489 1857 2530 p.xxx1x‚

413 2546 476 2587 his
497 2550 737 2599 poteramus
757 2544 914 2586 addere
935 2544 1116 2600 quidque
1127 2576 1138 2597 ,
1154 2543 1232 2585 hoc
1249 2547 1313 2584 est
1328 2546 1369 2584 et
1384 2542 1502 2597 quid,
1520 2542 1689 2584 differre
1705 2554 1732 2583 a
1747 2543 1858 2597 quio-

414 2628 515 2667 que,
537 2625 612 2666 pro
635 2625 718 2666 quo
747 2611 869 2665 pauci
891 2611 1039 2652 eodem
1059 2622 1184 2652 sensu
1206 2609 1387 2651 dixerint
1407 2609 1608 2665 quicquid
1627 2641 1635 2650 .
1662 2609 1759 2650 huie
1777 2608 1859 2662 ipsi

414 2678 525 2731 quod
542 2677 636 2719 dico
653 2677 854 2733 quicquid
865 2677 998 2719 simile
1015 2680 1078 2718 est
1093 2676 1137 2718 in
1152 2676 1248 2729 lege
1263 2676 1373 2718 Iulia
1387 2675 1632 2730 municipali
1651 2675 1703 2716 13
1724 2690 1858 2730 quem-

415 2761 530 2799 quem
549 2758 625 2799 pro
643 2760 840 2800 quemque
854 2776 865 2798 ,
883 2743 1002 2795 Quod
1021 2759 1258 2798 quemquem
1278 2743 1353 2784 hae
1375 2744 1460 2799 Zeqe
1474 2743 1691 2798 profiterei
1705 2750 1858 2798 oporte-

415 2811 498 2852 bic:
518 2811 592 2853 sed
614 2812 656 2853 in
677 2811 826 2853 eadem
847 2826 1043 2866 quemque
1064 2810 1118 2851 22
1135 2842 1144 2864 ,
1167 2826 1372 2865 quamque
1391 2811 1500 2852 viam
1521 2810 1597 2851 Ῐιαο
1618 2809 1703 2865 Zeqe
1724 2823 1857 2864 quem-

416 2893 492 2932 que
520 2879 630 2919 tueri
649 2878 872 2933 oportebit.
904 2877 964 2919 sie
993 2877 1083 2918 iure
1113 2877 1290 2918 consulti
1321 2892 1480 2932 quoquo
1511 2879 1551 2918 et
1581 2891 1773 2931 quaqua,
1803 2874 1857 2916 32⁸-

416 2944 520 2998 quz‘d
534 2960 560 2984 a
580 2959 738 2999 quoquo
755 2959 890 2985 eorum
899 2944 1067 2998 factum
1083 2959 1167 2985 esse
1183 2943 1340 2986 dicetur
1355 2976 1365 2997 ,
1388 2951 1584 2998 quantum
1600 2957 1758 2997 quoquo
1777 2955 1858 2982 mo-
