2040 3328
899 246 964 289 III
1591 245 1671 287 175

194 362 500 404 correctionem
552 360 725 413 reiecit,
784 372 913 414 quam
966 358 1172 413 Forbiger
1221 372 1275 401 ne
1326 359 1673 417 commem-oravit

194 427 392 483 quidem.
1224 420 1229 421 ⁷

305 496 403 539 576.
436 495 577 548 QUAE
598 509 750 537 ΕΤῙΑΜ
771 508 940 541 ATQUE
961 508 1114 536 ΕΤΙΑΜ
1130 527 1141 538 .
1165 494 1410 546 Quadratus
1432 495 1548 547 Que:
1578 494 1671 537 eius

193 568 406 608 corrector
439 567 481 606 et
510 563 608 606 Itali
641 563 845 615 Qumis.

306 630 404 674 578.
435 645 652 673 FA’rrARn
702 645 977 673 nncnssns'r
1015 664 1023 672 .
1078 630 1299 674 Corrector
1358 631 1535 686 oblongi
1589 645 1670 672 FA-

193 712 385 742 ranan.

306 767 406 811 580.
436 782 603 814 NEQUE
647 782 774 810 Arna
809 781 968 809 mann
1003 780 1156 808 ANIMA
1176 799 1184 808 .
1208 766 1431 810 Corrector
1472 766 1671 822 quadrati

193 838 237 879 et
265 835 365 879 Itali
394 850 628 883 NEQUEAT
654 835 849 893 perferre
878 836 1070 878 animai.

304 904 402 948 582.
433 918 551 951 Qum
581 919 640 946 EA
672 918 786 946 mo.
810 903 909 946 Itali
941 904 1045 960 quin
1075 917 1142 944 nx
1171 905 1280 946 imo.

305 973 403 1017 583.
435 986 655 1015 DIFFUSA
687 986 842 1015 Amin
872 986 1011 1014 mus,
1045 971 1143 1014 Itali
1175 973 1344 1015 animae
1374 986 1483 1014 vrs.

302 1041 399 1084 585.
432 1055 558 1087 Qun
602 1055 734 1083 Μοτᾼ
779 1053 906 1083 noco
952 1054 1073 1082 SUNT
1117 1040 1469 1082 FUNDAMENTA
1515 1054 1671 1082 sorus

191 1123 390 1152 unum·
425 1123 718 1156 ANIMAEQUE
756 1123 852 1150 nnn
887 1123 1045 1151 ARTUS
1073 1140 1083 1150 .
1115 1108 1360 1160 Quadratus
1398 1110 1501 1165 quia
1536 1118 1669 1162 moto,

190 1179 307 1222 idem
327 1177 616 1220 Tundamenta
637 1182 678 1220 et
699 1178 919 1233 animeque
935 1209 945 1219 .
970 1176 1243 1220 Eichstadius
1266 1181 1307 1218 et
1322 1176 1557 1231 Forbiger,
1580 1177 1672 1232 qui-

189 1246 268 1289 bus
289 1245 526 1289 miserrima
544 1258 741 1300 quaeque
762 1246 950 1301 placent,
960 1245 1093 1302 foras
1115 1253 1290 1288 manant
1306 1245 1572 1302 animaeque,
1594 1245 1670 1288 sci-

189 1313 291 1356 licet
328 1313 402 1355 uni
438 1313 606 1368 corpori
643 1313 798 1356 multas
834 1313 1002 1355 animas
1039 1312 1273 1355 tribuentes
1292 1345 1301 1367 ,
1333 1312 1447 1367 quod
1478 1314 1670 1367 exagitat

191 1385 411 1436 tamquam
448 1380 805 1424 absurdissimum
842 1384 973 1436 poeta
1007 1393 1135 1423 versu
1172 1381 1256 1423 666
1274 1414 1281 1423 .
1306 1381 1514 1423 Marullus
1545 1382 1670 1437 foras

188 1450 356 1492 animae
385 1457 640 1506 manantque
656 1465 671 1504 ,·
699 1449 743 1491 in
774 1462 859 1504 quo
888 1461 1025 1504 aeque
1046 1448 1235 1491 absurda
1256 1453 1355 1490 sunt
1376 1448 1670 1492 Fundamenta

189 1518 315 1573 foras
346 1517 432 1559 loeo
462 1525 573 1559 mota
603 1521 646 1559 et
676 1517 829 1560 eadem
852 1517 1138 1574 fundamenta
1162 1534 1242 1574 per
1273 1526 1394 1559 artus
1423 1526 1642 1559 manantza
1660 1549 1669 1558 .
1721 1543 1723 1545 ·

191 1583 490 1628 Wakefieldus
510 1598 597 1627 non
614 1585 759 1641 inepte
775 1586 900 1642 foras
922 1586 1065 1627 anima
1088 1594 1306 1628 emanante
1319 1601 1401 1642 per
1427 1594 1547 1628 artus
1564 1618 1572 1627 .
1595 1586 1672 1628 sed

187 1653 330 1709 malo,
369 1653 485 1708 quod
523 1656 566 1696 et
602 1652 755 1696 fortius
794 1658 859 1696 est
890 1658 931 1696 et
961 1653 1163 1696 librorum
1195 1653 1434 1709 scripturae
1464 1654 1670 1709 propius,

174 1722 308 1778 foras
346 1735 580 1763 ΜΑΝΔΝΤΕ
621 1723 766 1764 anima
803 1735 967 1768 USQUE
985 1754 995 1776 ,
1027 1738 1108 1778 per
1147 1731 1266 1764 artus
1302 1721 1469 1778 Perque
1503 1723 1671 1764 viarum

187 1790 324 1832 omnis
341 1790 490 1846 flemus
507 1823 519 1844 ‚
551 1791 598 1832 in
628 1805 800 1847 corpore
829 1790 909 1846 qui
934 1798 1031 1832 sunt
1045 1822 1055 1842 ‚
1087 1789 1227 1844 Atque
1243 1789 1473 1846 foramina
1491 1821 1500 1832 .

299 1857 398 1901 593.
429 1872 655 1900 mom-nn
694 1858 782 1900 IRE
827 1871 989 1899 ANmA
1025 1871 1085 1898 Ac
1123 1870 1254 1898 roro
1285 1870 1429 1898 sonm
1458 1871 1520 1898 nn
1552 1871 1670 1898 con-

184 1939 317 1967 1³0ssss
348 1939 506 1967 ouum
536 1940 759 1981 marannis,
791 1925 860 1968 ΕΤ
891 1939 1042 1972 QUASI
1063 1938 1292 1966 snpnnuo
1314 1938 1670 1966 nuzo-nascens:

185 2008 415 2036 maurone
445 2008 656 2046 vom-ns,
689 1995 988 2040 MOLLIAQUE
1019 2006 1271 2034 nAsANGm
1299 2006 1494 2034 cADERE
1517 2006 1669 2034 ouum

183 2076 412 2104 unauna.
435 2063 484 2105 In
515 2062 582 2105 his
612 2077 868 2104 nxsmom
898 2059 1169 2104 scribendum
1198 2073 1293 2103 esse
1324 2064 1536 2103 corrector
1567 2074 1670 2116 qua·

185 2130 299 2174 drati
330 2134 373 2173 et
402 2130 502 2173 Itali
532 2130 761 2174 viderunt:
792 2134 935 2173 cetera
964 2142 1090 2172 nemo
1123 2128 1368 2184 expedivit,
1402 2141 1497 2171 cum
1527 2133 1669 2172 tamen

185 2202 229 2241 et
255 2197 454 2241 vitiorum
485 2198 611 2242 sedes
632 2203 800 2255 pateret
825 2211 904 2242 nec
925 2197 1140 2241 sententia
1161 2196 1344 2239 obscura
1366 2200 1480 2239 esset
1497 2229 1506 2238 .
1527 2196 1669 2240 hiatus

184 2265 344 2322 optime
374 2265 436 2308 sic
466 2266 792 2323 supplebimus,
815 2266 983 2310 videtur
1012 2266 1083 2308 Ire
1113 2265 1259 2322 anima
1288 2280 1338 2306 ac
1369 2272 1448 2307 toto
1478 2265 1593 2307 solui
1619 2264 1670 2308 de

183 2349 358 2391 corpore
387 2348 574 2390 vnnnn,
606 2338 650 2377 et
678 2335 913 2391 Molliaque
943 2333 1157 2389 exsanqui
1182 2346 1375 2375 Tnunco
1407 2331 1557 2375 eadere
1586 2347 1669 2375 om-

182 2402 259 2444 nia
276 2403 464 2445 membra
479 2435 490 2446 .
507 2402 698 2445 nondum
715 2403 778 2445 ire
794 2402 966 2446 videtur
983 2401 1154 2455 anima,
1173 2400 1287 2456 quod
1304 2403 1397 2443 erat
1412 2412 1541 2442 versu
1555 2399 1640 2443 526
1658 2432 1668 2454 ,

181 2469 260 2512 sed
290 2471 354 2513 ire
379 2471 511 2526 velle,
535 2471 642 2513 utin
665 2485 721 2525 1v,
739 2470 824 2514 518
855 2470 950 2512 Iam
979 2469 1103 2512 ‘ruere
1132 2478 1178 2511 ut
1208 2468 1417 2526 quaedam
1446 2467 1670 2510 videantur

180 2537 286 2581 velle
313 2547 523 2595 ruantque
554 2571 564 2581 .
596 2539 810 2595 exsanqui
840 2541 981 2580 autem
1021 2546 1166 2580 trunco
1205 2541 1252 2580 ut
1288 2537 1419 2593 paulo
1457 2540 1555 2592 post
1584 2534 1669 2578 654

181 2604 240 2647 Et
268 2614 395 2661 eaput
423 2606 631 2649 absczbum
662 2605 802 2648 calido
822 2606 1062 2662 viventeque
1084 2614 1230 2648 trunco
1254 2638 1263 2647 .
1286 2609 1330 2647 at
1358 2604 1552 2660 plerique
1583 2616 1669 2645 om-

183 2684 260 2714 nes
290 2671 514 2716 Marullum
548 2673 682 2716 secuti
714 2677 814 2716 sunt
844 2673 888 2715 in
918 2686 1048 2717 versu
1079 2673 1202 2715 tertio
1234 2673 1489 2716 scribentem
1519 2686 1667 2713 emean-

179 2740 263 2796 φατ’
287 2739 436 2783 cadere
466 2743 606 2784 omnia
636 2758 809 2798 corpore
838 2742 1051 2784 membra:
1072 2740 1149 2783 sed
1180 2741 1253 2783 ille
1283 2741 1466 2795 primum
1499 2738 1666 2781 deleve-

180 2810 274 2863 rat,
302 2806 535 2852 Lambinus
557 2810 728 2852 tertium
749 2810 930 2852 exclusit
964 2813 1007 2851 et
1036 2809 1080 2850 in
1111 2808 1248 2864 primo
1280 2808 1449 2863 scripsit
1477 2807 1591 2849 solui
1617 2805 1667 2848 de

181 2890 353 2932 corpore
381 2877 592 2931 membra,
623 2877 739 2932 quod
771 2881 983 2920 corrector
1013 2876 1210 2931 quadrati
1248 2878 1464 2930 praeierat
1494 2907 1503 2916 .
1542 2873 1665 2917 Gree-

182 2941 330 2998 chius,
352 2947 399 2985 ut
418 2942 546 3000 Itali,
569 2945 676 2988 haec
706 2957 882 3000 prorsus
913 2945 1056 2999 inepte
1087 2943 1331 2996 coniunxit,
1354 2942 1469 2985 solui
1495 2941 1545 2984 de
1575 2958 1663 2984 cor-

178 3026 283 3067 pore
311 3011 497 3054 membra
527 3016 569 3055 et
598 3013 749 3056 cadere
778 3014 919 3056 omnia
940 3028 1111 3068 corpore
1131 3011 1314 3053 membra
1337 3041 1346 3050 .
1370 3008 1664 3051 Wakefieldus
