2040 3328
903 248 947 300 'V
1586 249 1676 301 303

189 372 461 419 scribendum
491 375 557 415 est
585 371 785 415 Forsitan
814 386 839 413 Ε
871 371 945 428 (an
977 371 1064 414 ex?
1087 387 1108 414 e
1136 364 1307 428 reqione
1335 363 1496 426 1v‚374
1516 385 1572 425 VI,
1591 371 1676 414 344

189 442 273 486 742
287 441 371 485 823
387 441 499 484 833:
530 445 674 484 cetera
712 440 838 496 posui
874 452 1006 496 supra
1042 452 1171 482 versu
1200 439 1304 495 531)
1343 455 1465 482 rosea
1500 440 1565 482 sol
1593 440 1676 482 alte

189 509 385 567 lampade
416 509 557 552 lucens
575 541 586 552 .
615 522 714 552 nam
746 509 828 552 alte
859 512 924 551 est
953 521 1007 550 ex
1037 508 1151 562 alto,
1174 508 1371 564 penitus,
1394 511 1442 550 ut
1466 507 1510 550 in
1531 522 1574 562 11,
1589 507 1675 550 446

187 579 270 621 alte
299 586 514 634 compacta
536 611 545 622 .
576 577 796 622 Vitruvius
827 576 883 619 de
899 575 1091 632 frzjqidzk
1106 576 1300 631 fontibus
1328 577 1408 632 qui
1428 577 1480 618 ab
1500 576 1675 632 inferio-

185 646 304 689 ribus
335 645 437 688 locis
462 646 632 702 penitus
666 647 752 689 orti
777 648 901 700 sunt,
930 644 975 686 in
1012 658 1102 700 vm,
1120 644 1160 700 3,
1177 644 1230 700 2,
1260 660 1354 687 cum
1383 645 1430 686 in
1461 644 1675 688 ardentem

186 714 321 757 locum
351 714 434 756 alte
459 715 629 770 penitus
658 713 924 756 inciderunt.
1219 769 1221 771 ι

300 782 398 825 613.
429 783 703 824 Ans'rmmu
742 795 975 823 UTANTUM
997 813 1007 824 .
1046 779 1271 834 Oblongus
1311 788 1485 822 utantur
1507 813 1516 822 .
1559 785 1675 824 reete

185 850 398 894 Antonius
419 850 544 893 Marii
575 854 617 893 et
636 849 842 893 Marullus
863 851 1153 905 Ansrwmz,
1185 849 1266 891 hoc
1295 851 1361 891 est
1390 848 1475 891 luci
1507 853 1675 891 aestum

184 917 352 962 addens
378 951 389 974 ‚
419 933 480 960 m·
519 931 718 960 nurum
739 951 749 970 ‚
781 922 986 973 quantum
1027 917 1190 961 scilicet
1229 916 1322 959 fieri
1357 915 1674 971 intellegimus,

183 986 407 1030 radiorum
437 996 644 1044 exaugeat
670 987 798 1030 ictum
812 1019 822 1029 .

297 1055 395 1098 614.
427 1057 534 1099 Nnc
571 1069 720 1098 RAr1o
761 1069 899 1098 sous
945 1069 1156 1098 smrLEx
1200 1069 1361 1096 mecm
1402 1069 1674 1098 PA‘rnscrr.

187 1123 400 1166 Antonius
431 1124 556 1167 Marii
592 1124 704 1167 filius
743 1133 816 1167 aut
850 1133 992 1167 recta.-
1022 1140 1072 1166 ac
1111 1133 1225 1167 recta
1261 1123 1363 1166 olim
1399 1117 1598 1179 impressi
1634 1128 1677 1167 et

113 1187 121 1196 '
184 1191 398 1236 Avantius
422 1225 433 1247 ‚
463 1206 494 1235 a
527 1193 684 1248 quibus
719 1192 869 1235 maluit
900 1193 981 1235 hoc
1025 1192 1221 1247 accipere
1258 1192 1505 1247 Naugerius
1546 1206 1675 1248 quam

182 1259 487 1303 Marullianum
517 1270 554 1304 et
583 1270 698 1304 recta
719 1293 728 1302 .
750 1274 862 1316 quae
888 1261 1034 1303 omnia
1055 1260 1290 1303 falsissima
1309 1264 1408 1303 sunt
1426 1275 1435 1302 :
1457 1273 1555 1302 nam
1578 1260 1671 1303 illa-

180 1341 273 1370 rum
303 1328 514 1372 rationum
544 1329 735 1385 aliquam
766 1328 890 1383 quasi
917 1341 1004 1371 non
1034 1333 1194 1372 rectam
1226 1330 1415 1384 reicere,
1438 1327 1516 1372 ἐὰν
1544 1325 1605 1386 μή
1627 1345 1672 1372 τι

178 1396 268 1439 τῶν
298 1395 583 1454 φαινομένων
613 1393 914 1454 ἆντιμαρτυρῗ
931 1430 941 1451 ,
972 1410 1059 1439 non
1091 1396 1214 1439 decet
1245 1397 1529 1454 Epicureum3
1561 1411 1670 1453 quos

179 1464 374 1508 hortatur
403 1466 610 1520 magister
637 1462 699 1523 μή
729 1481 797 1516 τις
830 1464 907 1508 τὸν
941 1466 1113 1523 μοναχῇ
1148 1462 1318 1521 τρόπον
1347 1466 1670 1523 κατηγαπηκὼς

177 1533 282 1585 τούς
302 1528 467 1585 ἄλλους
486 1535 622 1586 κενῶς
648 1530 965 1593 ἀποδοκιμάζῃ
982 1567 993 1590 ‚
1017 1530 1071 1577 οὗ
1099 1533 1391 1591 τεθεωρηκὼς
1412 1532 1458 1578 τί
1477 1534 1669 1580 δυνατὸν

177 1598 411 1661 ἀνθρώπῳ
427 1603 662 1660 θεωρῆσαι
677 1602 753 1646 καὶ
766 1599 811 1646 τί
825 1599 1046 1647 ἀδύνατον
1063 1636 1072 1658 ,
1091 1603 1134 1645 in
1150 1603 1336 1659 epistula
1353 1603 1410 1646 ad
1428 1604 1667 1660 Pythoclea

177 1673 216 1725 ξ.
234 1671 291 1715 94
306 1704 316 1713 .
337 1671 468 1728 paulo
489 1672 641 1714 melius
664 1672 897 1715 Lambinus
928 1672 1046 1715 nullo
1068 1677 1242 1714 auctore
1274 1672 1388 1715 dicto
1419 1689 1494 1716 nec
1524 1682 1638 1716 certa
1654 1705 1664 1716 .

177 1738 255 1783 sed
285 1739 603 1796 respiciendum
635 1744 728 1782 erat
758 1741 816 1783 ad
847 1754 900 1784 ea
927 1753 1039 1795 quae
1071 1744 1298 1796 secuntur,
1321 1742 1444 1796 Non,
1466 1743 1641 1798 iuquam
1657 1784 1668 1807 7

175 1807 358 1865 simplem
386 1808 452 1850 his
481 1810 604 1852 rebus
633 1808 803 1851 reddita
838 1818 1008 1852 caus-ast
1030 1841 1040 1851 .
1072 1808 1128 1852 ad
1170 1809 1277 1852 haec
1315 1822 1442 1864 quam
1472 1811 1670 1866 proxime

177 1875 354 1920 accedet
373 1878 483 1920 ratio
513 1879 694 1935 simplex
713 1891 938 1919 RELLATA
956 1910 966 1920 .
989 1877 1070 1919 hoc
1091 1877 1136 1920 in
1156 1878 1266 1920 libro
1287 1893 1331 1934 11,
1354 1879 1458 1921 1001
1479 1880 1523 1921 in
1539 1893 1670 1922 mem-

175 1944 324 1987 branis
354 1946 552 1990 scribitur
587 1947 766 1989 relatum
803 1947 946 1988 littera
982 1958 1070 1988 non
1108 1945 1354 2001 duplicata,
1385 1947 1464 1989 sed
1494 1948 1539 1990 in
1571 1949 1668 2002 lege

176 2012 339 2056 Thoria
355 2014 412 2056 80
441 2015 487 2056 in
511 2014 707 2069 formam
740 2015 957 2071 publicam
996 2015 1219 2058 rellatum.
1249 2008 1459 2058 reccidere
1489 2020 1668 2072 uterque

176 2080 414 2124 Vossianus
435 2081 478 2123 in
499 2096 526 2136 1,
545 2082 625 2125 857
653 2083 761 2125 1063
782 2097 821 2137 v,
840 2082 948 2138 280,
970 2082 1217 2125 redductum
1244 2087 1424 2137 uterque
1446 2083 1488 2126 iu
1510 2099 1536 2140 1,
1554 2085 1666 2139 228,

175 2149 410 2192 redducunt
435 2164 492 2206 1v⁷
510 2151 594 2194 992
615 2151 720 2194 1001
755 2151 991 2205 quadratus
1024 2155 1066 2194 et
1096 2164 1123 2193 a
1153 2156 1391 2194 correctore
1423 2152 1665 2208 oblongus,

176 2216 372 2260 redducit
401 2222 443 2261 et
472 2218 703 2261 redducere
732 2234 760 2275 1,
778 2220 861 2262 228
891 2235 931 2276 V,
952 2220 1060 2264 1337
1094 2219 1328 2274 quadratus
1346 2251 1356 2261 .

289 2286 386 2331 617.
419 2286 670 2330 GANcnms
701 2302 761 2330 UT
783 2302 974 2329 VERTAT
993 2320 1003 2330 .
1027 2288 1252 2330 Cancer-em
1273 2289 1366 2331 sive
1386 2305 1536 2346 cancer
1557 2303 1667 2332 mor-

173 2353 274 2397 bum
303 2355 347 2396 in
379 2355 498 2398 eaelo
530 2356 649 2411 pasci
679 2356 809 2411 plane
847 2360 1090 2412 portentum
1121 2360 1217 2400 est.
1250 2357 1461 2400 Avantius
1493 2357 1666 2402 horride

174 2422 335 2466 Cancri
358 2425 438 2467 iter
468 2433 515 2467 ut
542 2434 705 2467 vertat.
738 2425 877 2481 potuit
906 2438 1034 2481 quam
1063 2424 1284 2468 lenissime
1316 2426 1505 2469 CANcm
1535 2441 1590 2467 sn:
1621 2435 1667 2469 ut

173 2498 307 2533 vertat
334 2500 466 2535 metas
495 2492 556 2535 ad
583 2493 820 2536 solstitialis
837 2527 846 2536 .
1368 2545 1371 2547 ,

287 2559 383 2601 632.
415 2560 762 2603 FLAccrmonn
807 2576 962 2604 ETIAM
993 2595 1003 2606 .
1050 2563 1187 2605 Immo
1234 2577 1419 2604 ΕΤΕΝῙΜ
1451 2597 1461 2619 ,
1507 2577 1562 2606 ne
1609 2563 1666 2606 sit

174 2625 417 2680 asyndeton
435 2661 444 2671 .
467 2629 678 2684 oblongus
709 2630 956 2674 Flaccidior
973 2662 984 2672 .

291 2694 388 2738 648.
418 2710 529 2738 ILLE
561 2711 784 2744 QUEANT.
810 2698 907 2741 Itali
937 2713 1048 2741 ILLA
1068 2732 1078 2742 .

292 2762 389 2805 651.
421 2778 609 2806 soLvm
638 2780 726 2807 ms
759 2780 904 2808 cAnm
927 2800 936 2808 .
968 2769 1192 2812 Turnebus
1214 2769 1259 2811 in
1291 2769 1554 2813 adversariis
1575 2781 1664 2825 mv,

170 2829 226 2873 23
256 2831 322 2874 sol
348 2845 569 2875 ULTIMA.
1009 2881 1013 2884 ,

284 2899 382 2943 654.
428 2914 758 2944 convonrossn
808 2917 958 2944 cocu·
991 2937 1000 2946 .
1048 2905 1272 2949 Con-ector
1319 2904 1494 2961 oblongi
1545 2920 1662 2948 con-

168 2981 425 3013 vnnrnnu.

283 3038 382 3081 656.
429 3052 591 3081 nosnA
640 3053 842 3082 MATURA
886 3055 978 3083 PER
1027 3055 1152 3085 orus
1198 3044 1453 3087 Amnmus
1505 3059 1661 3088 Auno·
