2040 3328
884 249 944 291 VI
1574 248 1654 290 351

175 363 363 408 Nonium
383 377 427 419 p.
443 363 511 419 94,
530 363 587 407 30
615 379 643 405 a
658 363 799 420 primo
820 363 995 419 compito
1017 361 1246 405 dextimam
1266 363 1379 405 viam
1399 362 1534 405 munit
1554 362 1658 418 qui-

174 448 327 476 curus.
350 430 464 474 idem
481 430 752 474 Sciamachia
766 430 872 486 περὶ
885 426 1031 487 τύφου
1047 429 1162 485 apud
1179 429 1362 473 eundem
1379 443 1420 485 p.
1434 429 1568 484 2025
1585 430 1659 472 hoc

173 499 268 542 dico
282 532 294 554 ‚
317 498 624 556 conpendiaria
639 532 651 554 ‚
673 501 764 543 sine
779 500 870 543 alla
887 497 1170 542 sollicitudine
1186 514 1236 540 ao
1250 498 1440 541 molestia
1456 497 1657 551 ducundi,

174 566 234 610 ad
262 567 434 610 eandem
465 567 718 624 voluptatem
740 583 868 625 posse
893 567 1116 623 perveniri
1127 599 1136 609 .

289 635 358 678 28.
389 649 546 676 Rssc'm
579 649 906 677 com-enneae
937 648 1093 676 consu
1111 631 1128 675 .’
1143 634 1311 677 Βεοτο
1341 635 1458 691 apud
1480 635 1660 678 Lactan-

174 705 278 748 tium
294 737 305 759 ,
326 716 468 758 neque
498 703 624 746 aliter
655 707 868 747 corrector
899 703 1072 757 oblongi
1091 735 1100 743 .

289 773 359 816 30.
392 771 534 824 QUOD
555 786 735 814 rumm-
755 785 1006 814 NATURALI
1032 784 1290 817 VARIEQUE
1314 785 1540 814 vommm·
1561 772 1659 814 SEU

174 855 296 883 cAsu
339 855 427 882 sm]
466 855 514 881 VI
530 873 540 896 ,
569 853 702 887 QUOD
740 854 1019 882 SIGNATURA
1058 854 1309 881 PARASSET
1326 872 1335 882 .
1363 840 1547 883 Iacobus
1584 840 1662 882 Su-

174 909 262 952 sius
299 908 414 965 apud
453 908 660 951 editorem
697 908 1016 952 Londiueusem
1053 907 1178 960 Quod
1210 922 1391 949 menm-
1409 941 1419 951 .
1448 914 1661 952 corrector

175 977 354 1032 oblongi
375 977 490 1034 quod
509 991 582 1018 Slc
608 986 765 1020 natura
778 986 1006 1034 parasset.
1028 989 1108 1032 par
1129 975 1278 1018 Vitium
1300 977 1499 1019 similiter
1520 977 1661 1020 curari

175 1045 304 1088 debet
334 1046 377 1087 in
401 1046 455 1087 M.
477 1046 606 1088 Tullii
637 1044 691 1088 de
721 1050 877 1088 natura
898 1045 1073 1087 deorum
1106 1059 1133 1100 1,
1152 1044 1208 1086 24
1238 1045 1357 1096 Quae
1386 1061 1482 1087 vero
1513 1046 1661 1087 tribui-

175 1122 245 1156 tur
264 1115 352 1156 vita
370 1115 447 1157 isti
461 1113 638 1156 rotundo
660 1113 735 1156 deo
750 1114 770 1156 52
788 1130 934 1170 nempe
955 1122 998 1155 ut
1016 1129 1064 1155 ea
1086 1113 1295 1155 celeritate
1315 1121 1660 1169 contorqueatur,
1728 1127 1730 1129 ·

174 1182 250 1225 cui
255 1198 347 1239 par
367 1182 488 1224 nulla
508 1198 560 1225 ne
580 1182 766 1238 coyitari
789 1181 956 1238 quidem
974 1182 1134 1239 possit.
1156 1182 1202 1222 in
1223 1197 1308 1236 qua
1329 1197 1411 1223 non
1431 1180 1552 1223 video
1572 1181 1661 1223 ubi-

175 1266 274 1292 nam
295 1266 410 1293 mens
431 1258 626 1292 constans
656 1258 693 1292 et
723 1250 810 1292 vita
840 1250 960 1292 beata
987 1250 1121 1307 possit
1151 1250 1344 1292 insistere
1360 1264 1373 1291 .·
1394 1249 1587 1305 quodque
1615 1250 1662 1291 in

114 1371 119 1375 .
173 1327 314 1361 nostro
343 1334 515 1374 corpore
530 1350 542 1372 7
563 1319 607 1360 si
620 1319 798 1360 minima
827 1333 880 1360 ea·
897 1326 1020 1374 parte
1049 1318 1111 1359 sic
1137 1318 1333 1360 incitetur
1363 1317 1478 1371 (libri
1500 1317 1661 1374 siqnifi'-

174 1382 334 1440 cetur),
356 1386 571 1429 molestum
592 1387 672 1440 sit,
696 1403 772 1429 cur
802 1386 876 1428 hoc
906 1385 1016 1428 idem
1047 1401 1129 1428 non
1150 1386 1353 1428 habeatur
1381 1386 1596 1428 ‘molestum
1616 1387 1662 1428 in

175 1453 251 1498 deo
268 1487 277 1496 .
299 1467 428 1510 porro
458 1459 573 1498 recte
595 1454 708 1497 docti
737 1454 977 1497 naturalem
1006 1470 1150 1496 casum
1171 1453 1335 1496 nullum
1369 1466 1464 1496 esse
1489 1453 1662 1496 dicunt:

176 1535 315 1577 neque
337 1535 463 1566 casus
493 1523 729 1566 secundum
751 1523 984 1579 Epicurum
1018 1536 1045 1565 a
1065 1527 1222 1564 natura
1243 1521 1412 1577 differt3
1435 1535 1520 1576 quo
1552 1521 1598 1564 fit
1618 1526 1664 1564 ut

175 1591 218 1633 in
249 1590 360 1633 libro
382 1605 422 1647 V,
443 1591 521 1635 107
541 1591 728 1648 fortuna
756 1592 998 1650 yubernarzs
1020 1590 1187 1633 dicatur
1218 1589 1368 1632 eadem
1391 1603 1502 1645 quae
1533 1591 1664 1646 paulo

175 1664 275 1702 ante
306 1659 358 1702 77
390 1668 548 1702 natura
575 1660 819 1716 yubernans
837 1692 845 1701 .
868 1659 975 1701 nihil
1007 1664 1150 1702 tamen
1179 1658 1404 1714 probabile
1436 1658 1665 1702 adferunt.

174 1726 406 1782 legendum
428 1733 494 1771 est
513 1728 709 1770 naturali
723 1728 807 1772 Seu
838 1741 998 1769 CAUSA
1019 1744 1092 1770 seu
1112 1728 1183 1770 vi.
1206 1727 1353 1769 omnia
1376 1726 1492 1769 mala
1512 1732 1665 1769 natura

177 1801 359 1852 pai-ante
387 1796 559 1839 evenire
581 1795 710 1851 dicit,
733 1796 826 1839 sive
858 1809 912 1838 ea
933 1808 1064 1839 eausa
1086 1795 1350 1850 appellanda
1381 1796 1460 1850 sit,
1483 1796 1577 1838 sive
1598 1796 1665 1838 vis

177 1877 333 1908 caeca:
355 1864 447 1907 fieri
479 1865 592 1908 enim
624 1877 727 1907 casu
744 1896 753 1905 .
780 1870 967 1908 ceterum
990 1864 1047 1906 ad
1068 1863 1145 1906 hos
1177 1877 1328 1906 versus
1347 1897 1356 1912 ‚
1380 1863 1542 1915 Quidve
1560 1864 1672 1905 mali

163 1933 284 1991 foret
298 1966 310 1988 ‚
330 1933 374 1975 iu
396 1932 610 1988 quadrato
638 1946 768 1975 manu
792 1933 954 1975 saeculi
987 1931 1140 1974 decimi
1163 1931 1427 1986 adscriptum
1459 1935 1525 1974 est
1545 1930 1580 1974 0
1600 1932 1664 1974 iu·

175 2003 293 2044 venis
308 2034 320 2056 ‚
342 2001 454 2044 audi
478 2001 628 2044 bonum
659 2001 882 2044 consilium
898 2033 907 2042 .

291 2068 360 2113 32.
392 2069 428 2111 Ε
459 2083 647 2116 omnus
669 2083 694 2110 n
712 2083 888 2121 ,POR'ns
906 2101 917 2111 .
941 2067 1187 2120 Quadratus
1210 2077 1247 2110 et
1265 2069 1402 2124 portis
1419 2101 1428 2110 .
1452 2067 1530 2110 sed
1551 2072 1666 2109 reete

182 2137 279 2180 Itali
312 2137 378 2179 ET
410 2139 587 2194 quibus.

234 2198 240 2203 ⁹
290 2205 360 2248 33.
391 2219 614 2248 PRUSTRA
637 2239 646 2248 .
670 2206 893 2250 Correetor
924 2205 1103 2259 oblongi
1135 2219 1381 2247 FRUSTRA.

293 2274 364 2318 34.
394 2274 631 2317 Vonnmm
649 2307 658 2318 .
679 2274 882 2330 Impressi
915 2274 1179 2317 Vonvmm.

293 2343 361 2387 35.
394 2356 550 2384 οΜΝιΑ
590 2357 763 2384 enims
780 2374 791 2385 .
821 2342 1047 2386 Correotor
1085 2342 1261 2396 oblongi
1304 2356 1510 2396 cAecxs,
1540 2347 1586 2384 ut
1621 2342 1666 2384 in

180 2426 225 2466 11,
241 2412 297 2456 55
329 2416 372 2455 et
400 2426 461 2467 111,
479 2411 532 2454 87
552 2442 562 2453 .
1259 2418 1266 2425 ‘

291 2481 360 2523 44.
393 2480 546 2534 Esse,
569 2494 752 2522 nnxvo
773 2512 782 2522 .
805 2481 902 2524 Non
934 2480 1042 2523 satis
1063 2485 1154 2535 est,
1177 2479 1215 2522 si
1246 2479 1446 2522 addimus
1478 2497 1498 2522 e
1518 2496 1532 2522 .-
1552 2485 1666 2522 reete

179 2547 317 2592 editor
338 2549 576 2592 Brixiensis
608 2554 650 2592 et
671 2553 772 2592 ante
802 2562 898 2592 eum
921 2549 1019 2592 Itali
1052 2563 1110 2590 m·
1129 2581 1138 2591 .
1162 2561 1261 2591 nam
1293 2549 1335 2590 iu
1363 2549 1430 2591 his
1461 2562 1572 2603 quae
1603 2562 1667 2591 se-

181 2620 359 2671 cuntur,

298 2685 369 2728 45.
401 2685 473 2727 Em
505 2700 601 2732 Qun
633 2689 834 2732 cUMQiJE
864 2701 914 2727 m
949 2700 1010 2728 Eo
1041 2699 1188 2728 mum·
1219 2699 1462 2732 mamone
1492 2699 1667 2726 NECES—

180 2766 300 2794 sns’r
331 2752 606 2800 PLERAQUE
635 2767 899 2808 mssomn,
922 2755 1051 2797 nimis
1082 2753 1273 2797 absurda
1302 2758 1402 2796 sunt
1431 2754 1668 2809 illa‚fieri-

181 2837 260 2878 que
293 2830 520 2876 necessest,
542 2822 764 2877 aptissime
801 2822 946 2877 posita
980 2823 1095 2865 infra
1129 2835 1258 2865 versu
1294 2822 1380 2864 414
1398 2855 1407 2864 .
1431 2822 1667 2864 Lambinus

181 2888 301 2931 nullo
318 2893 493 2932 auctore
515 2889 629 2932 dioto
649 2891 705 2932 Ec
725 2906 1009 2946 quaecumque
1024 2891 1070 2932 in
1087 2906 1132 2933 eo
1139 2891 1257 2946 flunt
1263 2891 1455 2947 flentque
1470 2923 1481 2943 ,
1504 2906 1668 2932 necesse

181 2957 289 2999 Esse
320 2973 369 3000 ea
390 2957 595 3000 dissolui.
617 2957 756 3000 lenius
777 2958 840 3000 sio
862 2957 1141 3000 formabimus
1158 2990 1168 3012 ,
1191 2959 1246 2999 Et
1267 2960 1466 3014 quoniam
1482 2983 1538 2988 —-
1559 2974 1667 3014 quae

181 3040 359 3082 cumque
390 3026 434 3067 in
466 3041 511 3068 eo
526 3026 645 3082 flunt
674 3039 902 3067 FATEARE
932 3035 1133 3070 necessest
1162 3027 1374 3084 Pleraque
1405 3026 1610 3071 dissolui.
