2040 3328
914 283 953 326 V
1591 285 1674 329 307

189 401 279 441 tum
314 402 360 440 ut
397 396 622 441 dimidium
657 410 685 440 a
722 397 858 441 medio
875 429 885 439 .
916 402 1144 454 supersunt
1174 400 1383 456 prospica
1419 415 1469 442 ac
1504 398 1677 455 despz'ca

190 465 373 521 Naevii,
395 478 508 520 quae
528 466 693 509 Nonius
723 480 765 522 p.
786 465 880 521 155,
898 465 955 508 24
983 465 1286 522 interpretatur
1314 467 1478 510 intenta
1508 470 1551 510 et
1579 479 1676 509 con-

187 537 378 590 tempta:
407 533 539 590 haee,
573 534 655 577 nisi
694 533 805 578 forte
845 533 1115 578 substantiva
1153 533 1363 578 feminina
1398 540 1498 579 sunt
1532 548 1587 578 ex
1624 547 1675 578 eo

186 614 345 657 genere
389 601 444 645 de
481 614 565 657 quo
605 602 695 645 dixi
734 601 790 646 ad
825 601 983 645 librum
1024 602 1226 658 11,1116,
1254 617 1340 648 11011
1378 604 1520 659 magis
1552 603 1675 659 capio

187 682 315 725 quam
346 671 529 714 accubuo
550 670 690 714 Plauti
711 671 757 714 in
778 671 1038 714 Truculento
1069 685 1113 726 11,
1130 670 1171 727 4,
1189 671 1242 714 67
1262 705 1272 727 ,
1295 672 1412 727 quod
1433 672 1535 715 mihi
1557 671 1674 716 vide-

186 741 255 781 tur
284 751 381 782 esse
409 740 580 782 accubio
599 772 609 782 .
1472 742 1475 745 ⁴

298 806 396 850 684.
427 806 650 850 PAR-rur:
681 821 729 849 m
758 821 935 849 ruins
953 840 962 849 .
985 806 1209 851 Corrector
1239 808 1415 864 oblongi
1442 810 1587 853 Parcit
1614 823 1673 851 ΕΤ

184 875 232 918 in
257 876 399 932 partis
417 908 427 919 .

299 943 396 987 689.
428 945 542 987 ΝΛΜ
571 959 729 987 numo
761 959 915 987 CURSU
945 959 1132 986 FLArUs
1163 958 1436 991 AQUILONIS
1467 960 1525 988 ET
1556 961 1672 989 AUS-

184 1025 266 1053 rm
314 1013 558 1054 strmnr
608 1026 840 1060 AEQUAro
896 1027 1093 1055 cAnLnM
1143 1028 1436 1056 mscnmmn
1485 1030 1642 1058 mnus
1661 1050 1670 1059 .

185 1079 432 1131 Quadratus
462 1082 680 1125 Destinet.
703 1081 933 1126 Creechius
964 1081 1072 1125 haec
1103 1082 1165 1125 ita
1194 1083 1524 1139 interpretatur,
1547 1084 1672 1128 ‘Nam

184 1149 530 1204 septentrionem*
550 1155 592 1193 et
621 1150 843 1194 meridiem
872 1164 1023 1194 versus
1055 1151 1220 1194 caelum
1253 1155 1389 1194 metas
1422 1153 1669 1206 (solstitium

183 1221 226 1260 et
265 1217 459 1260 brumam
481 1251 492 1273 ,
523 1232 601 1262 seu
645 1219 847 1262 circulum
893 1219 1035 1262 caneri
1081 1224 1123 1262 et
1167 1219 1369 1262 circulum
1411 1222 1670 1277 capricorni)

182 1285 354 1340 aequali
386 1287 526 1342 spatio
558 1286 734 1330 distinet
753 1286 775 1329 .'
801 1300 881 1342 ego
918 1301 1060 1342 neque
1096 1288 1299 1343 intellego
1338 1302 1413 1332 cur
1452 1302 1530 1333 eae
1561 1290 1670 1333 caeli

180 1357 353 1410 partes,
375 1367 404 1397 a
433 1355 588 1410 quibus
619 1355 767 1412 aquilo
790 1360 832 1398 et
861 1359 1006 1398 auster
1029 1356 1250 1411 oriuntur,
1274 1369 1422 1399 eorum
1443 1361 1670 1402 ventorum

165 1421 304 1477 flatus
333 1431 464 1466 metae
494 1422 690 1466 dicantur
729 1424 847 1479 (nam
886 1437 974 1466 una
1003 1428 1118 1467 meta
1153 1437 1241 1466 non
1273 1424 1530 1469 determinat
1558 1428 1670 1483 rigo-

179 1503 268 1533 rem
300 1490 394 1534 sive
423 1492 629 1548 limitem,
651 1491 733 1535 1100
763 1496 828 1534 est
858 1506 942 1535 uno
973 1496 1132 1548 puncto
1162 1506 1248 1535 non
1281 1493 1479 1536 definitur
1509 1495 1667 1552 linea),

178 1571 320 1614 neque
349 1560 682 1615 septentrionem
712 1564 754 1603 et
783 1560 1006 1603 meridiem
1044 1573 1183 1616 aequo
1223 1560 1470 1606 discrimine
1503 1565 1667 1606 caelum

179 1643 307 1670 cursu
323 1628 458 1671 medzb
472 1662 484 1684 ‚
506 1628 583 1672 sed
600 1642 627 1671 a
643 1629 785 1672 medio
801 1628 894 1684 sui,
918 1628 1109 1683 distinet,
1132 1642 1211 1672 nec
1232 1629 1417 1685 denique
1438 1632 1667 1687 aequinoc-

178 1695 284 1738 tium
313 1709 390 1752 per
418 1697 646 1740 solstitium
678 1702 720 1740 et
749 1698 944 1740 brumam
975 1696 1158 1741 efficitur
1176 1732 1185 1742 .
1207 1699 1352 1753 itaque
1383 1698 1490 1742 haec
1510 1702 1667 1743 rectius

178 1763 236 1807 ad
266 1765 401 1807 solem
431 1765 693 1821 referemus,
723 1765 798 1822 qui
828 1765 964 1809 medio
994 1782 1147 1821 cursu,
1176 1766 1256 1809 1100
1287 1771 1352 1809 est
1382 1767 1426 1809 in
1457 1769 1532 1811 illo
1564 1769 1666 1811 anni

177 1831 292 1874 nodo
309 1833 466 1889 ,flatus
496 1835 712 1892 aquilonis
742 1843 779 1877 et
808 1835 951 1877 austri
966 1835 1178 1890 Distinet,
1201 1835 1366 1878 dierum
1397 1849 1448 1878 ae
1478 1838 1665 1880 noctium

178 1910 355 1958 aequato
375 1902 536 1946 caelum
557 1902 801 1945 discrimine
821 1916 1016 1945 METANs
1034 1936 1044 1958 ,
1066 1903 1147 1946 hoc
1168 1907 1232 1946 est
1259 1904 1368 1946 caeli
1390 1906 1533 1960 spatia
1553 1919 1664 1950 eme-

177 1968 288 2012 tiens
305 2001 315 2011 .

291 2037 387 2081 692.
425 2038 522 2082 693.
559 2039 734 2081 Anxur
779 2053 867 2081 SOL
911 2053 962 2080 m
1008 2053 1106 2087 QUO
1145 2053 1395 2083 coN'rumr
1432 2055 1662 2084 TEMPORA

177 2118 426 2161 summus,
459 2105 686 2153 Onmouo
733 2121 921 2149 TERRAS
970 2123 1028 2150 nr
1080 2123 1277 2151 cAnLUM
1322 2123 1506 2151 numm:
1550 2125 1662 2153 Lus-

175 2188 331 2216 ‘rnANs
351 2207 362 2217 .
384 2175 464 2217 Hic
486 2174 722 2218 Brixiensis
751 2174 886 2218 editio
909 2180 950 2219 et
970 2176 1178 2220 Marullus
1209 2177 1425 2220 contundit
1454 2187 1661 2235 tempora,

174 2242 280 2286 duro
312 2242 517 2298 loquendi
554 2256 713 2298 genere
750 2248 793 2286 et
830 2250 1036 2299 quantum
1073 2246 1161 2288 scio
1193 2245 1415 2288 inaudito:
1438 2251 1551 2290 certe
1580 2249 1662 2291 Lu-

174 2311 331 2354 cretius
353 2324 484 2368 supra
504 2312 629 2355 aliter
650 2311 758 2355 dixit
778 2313 862 2356 619
878 2346 888 2369 ,
910 2314 1071 2357 Annua
1090 2314 1156 2357 sol
1168 2315 1215 2357 in
1235 2331 1317 2371 quo
1341 2318 1544 2358 consumit
1564 2325 1660 2360 tem-

167 2394 280 2436 pora
307 2395 436 2424 cursu
453 2413 462 2422 .
485 2379 553 2424 hic
574 2380 966 2425 commodissimum
990 2383 1072 2425 erit
1093 2383 1254 2425 Annua
1275 2383 1340 2426 sol
1358 2384 1404 2425 in
1425 2400 1506 2440 quo
1527 2385 1659 2439 signi-

172 2447 265 2490 fero
282 2447 387 2491 orbe
404 2462 688 2491 concnunrr
709 2458 896 2506 tempora
910 2466 1081 2508 serpens
1095 2484 1104 2492 .
1127 2450 1204 2494 sed
1221 2451 1301 2494 hoc
1318 2451 1458 2507 ipsum
1475 2469 1658 2510 serpens,

172 2515 239 2557 cui
271 2517 415 2559 statim
445 2516 638 2560 succedit
668 2518 880 2574 lustrans,
902 2531 989 2561 non
1018 2519 1160 2574 magis
1180 2519 1354 2575 placere
1382 2520 1509 2562 debet
1530 2535 1659 2576 quam

172 2594 303 2638 supra
316 2583 402 2626 524
417 2585 534 2640 quod
551 2585 848 2630 Wakefieldus
864 2587 1103 2643 probabat,
1127 2596 1268 2630 euntes
1283 2621 1294 2642 ,
1313 2599 1531 2644 pascentes
1549 2621 1558 2631 .
1582 2590 1659 2632 sed

171 2651 305 2694 multo
325 2653 466 2696 minus
487 2653 589 2696 ferri
610 2658 753 2709 potest
773 2654 986 2712 o’btz‘quum
1013 2655 1116 2698 solis
1139 2656 1301 2710 lumen,
1326 2669 1411 2710 quo
1433 2656 1506 2698 ille
1524 2689 1534 2711 ,
1558 2656 1659 2698 dum

170 2731 249 2774 per
279 2719 534 2774 signiferum
564 2722 786 2777 procedit,
817 2727 953 2766 terras
984 2727 1026 2766 et
1063 2724 1231 2767 caelum
1260 2723 1443 2766 lustrare
1474 2723 1657 2766 dicitur:

170 2799 270 2829 nam
299 2787 373 2831 via
411 2788 516 2831 solis
552 2788 729 2843 obliqua
764 2793 855 2845 est,
886 2795 998 2833 totus
1029 2792 1229 2847 obliquus
1261 2790 1491 2845 zodiacus,
1513 2791 1657 2834 lumen

169 2855 274 2898 solis
294 2869 566 2911 nequaquam
595 2870 764 2913 semper
785 2858 1003 2913 obliquum
1031 2864 1096 2902 est
1114 2893 1122 2901 .
1145 2860 1225 2902 11οο
1246 2858 1379 2913 igitur
1408 2871 1536 2902 versu
1557 2859 1656 2902 trai-

170 2922 322 2966 ciendo
347 2923 550 2967 facillime
580 2925 929 2982 procurabimus,
951 2927 1013 2969 ita
1030 2959 1038 2968 .
1061 2928 1242 2984 Propter
1271 2927 1476 2983 szssqnq'f'crz‘
1492 2928 1655 2984 positu-

166 3007 261 3035 ram
291 2993 416 3035 totius
446 2993 558 3036 orbis
579 2992 826 3049 OBLIQUI,
858 3003 994 3037 terras
1025 3003 1062 3038 et
1090 2994 1251 3037 caelum
1282 2995 1438 3038 lumine
1469 2995 1656 3038 lustrans

166 3060 328 3103 Annua
358 3061 424 3104 sol
450 3062 497 3104 in
527 3077 608 3117 quo
638 3061 848 3105 concludit
878 3071 1064 3119 tempora
1092 3079 1264 3120 serpens
1281 3095 1290 3105 .

1293 3131 1386 3175 20*
