2040 3328
937 225 957 266 I
1630 227 1686 269 53

200 337 401 395 profiteri
409 369 421 391 ,
445 336 561 392 apud
581 337 767 380 Nouium
783 351 824 393 p.
838 338 934 394 232,
951 338 1023 394 24,
1042 342 1084 381 et
1101 339 1241 382 Attius
1259 339 1329 395 qui
1346 339 1516 383 videtur
1532 340 1686 383 doctis-

205 405 343 460 simis,
361 405 471 447 Ewm
488 407 596 448 soz're
613 415 787 462 oportet,
804 406 848 448 in
866 406 1080 450 Ciceronis
1097 409 1435 452 Tusculanarum
1449 423 1502 463 11,
1521 409 1594 463 39,
1614 409 1685 452 Se-

204 486 313 517 neca
333 486 426 516 cum
448 474 492 517 vi
514 474 727 530 singulari
749 475 915 518 tandem
938 476 1035 518 libet
1051 475 1173 527 Quod
1191 477 1290 519 olim
1312 486 1469 534 oportet
1489 478 1533 519 in
1551 477 1684 520 Phoe-

203 541 333 585 nissis
353 542 433 584 146
452 575 461 584 .
485 542 678 586 Catullus
700 546 841 585 autem
862 543 905 585 in
927 544 1020 586 ioco
1042 545 1109 598 90,
1132 544 1159 586 3
1176 544 1289 586 Nam
1304 546 1461 602 Mayus
1483 562 1534 588 ew
1553 555 1685 588 matre

204 619 242 653 et
273 619 402 667 ,qnato
429 612 634 668 ‚qiqnatur
664 620 822 668 oportet
837 628 852 666 ,-
883 612 1101 666 Vergilius
1130 612 1230 654 item
1261 613 1393 656 semel
1423 614 1467 655 in
1498 626 1684 669 persona

205 677 384 721 ridicule
407 679 674 732 obiurgantis
702 688 914 736 pastorem
938 681 1080 736 Tityre
1104 681 1284 736 pinquis
1316 681 1496 724 Poscere
1528 690 1685 738 oportet

204 747 294 790 ovi-3
308 779 320 802 ,
353 747 506 801 ecloga
527 762 583 803 vl,
604 747 651 803 53
681 751 811 802 poeta
833 747 1032 789 Dirarum
1050 747 1104 789 36
1126 749 1234 789 einis
1255 748 1354 790 haec
1375 750 1545 806 tibifiat
1565 765 1684 806 opor—

203 822 283 869 tet,
314 814 562 870 Propertius
584 815 650 858 bis
668 848 679 870 ,
708 815 862 858 delicta
883 816 1080 871 queraris
1100 824 1257 871 oportet
1271 848 1283 869 ,
1306 832 1463 859 meeum
1483 820 1684 860 moriaris

203 891 383 940 oportet,
406 897 449 937 11,
466 882 506 938 4,
529 884 547 924 1
568 884 608 938 8,
629 883 686 926 25
697 898 706 938 ;
730 883 981 938 Lygdamus
1002 883 1037 937 1,
1061 883 1113 924 14
1130 892 1334 939 comptum
1351 885 1511 927 mittere
1527 894 1684 941 oportet

201 966 306 1008 opus
314 968 330 1007 ,-
351 951 534 995 Ovidius
551 951 704 994 ceteris
725 951 855 1007 paulo
879 951 1172 1006 frequentius,
1205 960 1278 993 tua
1308 951 1428 994 dicar
1458 962 1614 1009 oportet
1643 957 1685 995 et

200 1021 334 1063 veritis
362 1029 408 1062 ut
437 1021 620 1076 oportuit
649 1029 766 1062 aetus
796 1020 958 1076 iniquis
988 1020 1031 1061 in
1061 1019 1244 1074 epistula
1274 1034 1301 1074 1,
1334 1020 1388 1062 83
1420 1025 1461 1063 et
1488 1035 1544 1074 VI,
1575 1020 1682 1076 141,

201 1090 264 1131 ita
293 1087 462 1131 eredere
482 1097 641 1145 oportet
661 1088 703 1129 in
725 1088 829 1130 artis
850 1102 877 1142 1,
901 1088 984 1131 699
1002 1120 1011 1142 ,
1034 1103 1108 1130 neo
1129 1096 1166 1129 te
1187 1088 1413 1144 quicquam
1434 1090 1524 1131 nisi
1540 1089 1683 1132 ludere

202 1165 360 1214 oportet
376 1157 419 1198 in
438 1156 640 1199 remediis
657 1156 712 1198 23
729 1188 739 1211 ,
762 1157 897 1212 Inque
913 1157 1135 1198 Tomitana
1152 1155 1311 1198 condar
1327 1166 1484 1213 oportet
1504 1157 1625 1199 humo
1642 1161 1683 1199 et

201 1226 351 1282 cupias
365 1257 377 1279 ,
399 1233 444 1266 ut
464 1241 510 1267 re
525 1225 712 1281 potiaris
725 1257 736 1278 ‚
760 1233 918 1281 oportet
939 1229 980 1267 et
1001 1225 1086 1267 Per
1107 1240 1250 1266 rerum
1271 1225 1434 1267 turbam
1456 1234 1499 1267 tu
1521 1241 1682 1282 quoque

201 1302 359 1351 oportet
390 1310 460 1336 eas
492 1306 545 1335 ex
568 1293 704 1334 Ponto
727 1306 786 1348 111,
814 1293 848 1347 1,
872 1294 897 1335 6
919 1292 974 1336 35
1000 1292 1105 1334 144.
1129 1292 1267 1334 minus
1299 1292 1615 1348 inexpectatum
1636 1294 1681 1335 in

201 1361 388 1417 Priapeo
405 1362 459 1404 39
481 1360 742 1418 Simpliciter
762 1361 843 1403 tibi
867 1377 931 1403 me
962 1360 1076 1417 quod
1103 1376 1277 1417 eumque
1308 1370 1367 1403 est
1397 1361 1534 1404 dicere
1563 1377 1682 1418 opor-

203 1439 256 1474 tet
272 1462 281 1472 .
302 1430 348 1472 in
366 1429 452 1473 Ciri
470 1430 550 1472 261
570 1428 686 1486 quod
701 1437 858 1486 oportet
879 1430 1038 1471 amari:
1059 1429 1211 1471 melius
1228 1429 1342 1485 quod
1352 1445 1436 1485 par
1451 1431 1507 1472 sit
1522 1430 1680 1472 amari.

201 1498 412 1542 Martialis
443 1498 575 1541 semel
608 1497 652 1538 in
681 1496 826 1539 'iambo
857 1497 1063 1539 Numeres
1094 1506 1252 1553 oportet
1282 1498 1452 1554 aliquid
1478 1512 1535 1552 1v,
1568 1498 1620 1540 37
1643 1530 1651 1539 .

317 1568 413 1611 779.
474 1567 726 1609 NATURAM
772 1578 1159 1606 GLANDEsrmAM
1190 1598 1200 1608 .
1240 1565 1463 1609 Corrector
1508 1565 1683 1620 oblongi

125 1667 139 1677 0
203 1648 603 1679 CLANDESTINAM.

317 1705 413 1748 780.
447 1704 716 1746 Demsi-:AT
738 1716 930 1748 NEQUID
948 1734 957 1744 .
983 1702 1112 1757 Vere,
1128 1706 1251 1758 puto,
1269 1703 1534 1758 Naugerius,
1555 1715 1682 1758 quem

202 1774 439 1829 Forbiger,
462 1778 508 1815 ut
528 1772 664 1826 solet,
688 1784 768 1814 sua
789 1770 918 1813 laude
940 1769 1140 1826 fraudat,
1163 1771 1395 1812 EMINEAT
1414 1805 1422 1813 .
1446 1770 1682 1826 quadratus

200 1844 371 1900 nequit.
394 1843 484 1899 quit
519 1841 733 1895 oblongus
769 1840 814 1881 in
851 1854 905 1893 v,
943 1839 1026 1882 527
1066 1843 1107 1882 et
1136 1840 1246 1883 545.
1270 1842 1459 1897 quicquit
1495 1839 1608 1882 idem
1638 1839 1681 1880 in

200 1926 261 1967 111,
284 1911 364 1954 787
386 1924 426 1966 v,
452 1910 527 1952 131
550 1942 559 1951 .
579 1909 733 1965 aliquit
755 1908 963 1962 oblongus
986 1907 1029 1948 in
1050 1921 1077 1962 1,
1102 1908 1182 1950 977
1206 1922 1262 1963 1v,
1288 1908 1423 1963 1134,
1447 1907 1681 1962 quadratus

201 1995 229 2035 1,
246 1980 352 2024 672.
371 1980 480 2022 aliut
497 1978 710 2031 oblongus
732 1991 760 2029 1,
781 1976 865 2019 469
883 1990 922 2030 v,
947 1975 1028 2017 765
1045 1975 1128 2017 832
1146 1975 1229 2018 833
1248 1990 1302 2032 v1,
1326 1976 1421 2031 995,
1446 1975 1681 2030 quadratus

200 2063 261 2103 111,
295 2047 418 2102 1083,
450 2050 630 2100 uterque
661 2059 700 2100 v,
735 2044 817 2087 756
842 2043 951 2085 1278
970 2075 979 2085 .

316 2116 411 2159 781.
445 2127 578 2162 QUOD
611 2126 815 2159 CUMQUE
847 2124 1072 2153 CREATAS
1091 2144 1100 2154 .
1124 2111 1348 2155 Cori-ector
1370 2112 1546 2166 oblongi
1568 2125 1679 2153 CRE-

202 2198 363 2226 Aren.

316 2251 412 2295 784.
445 2265 560 2292 HINC
582 2264 738 2292 mmm
761 2262 1245 2304 GIGN1,TERRAMQUE
1268 2263 1447 2290 CREAm
1468 2249 1539 2292 Ex
1559 2263 1680 2304 IGNI,

200 2335 466 2368 RETROQUE
502 2334 551 2361 IN
590 2333 794 2360 TERRAM
831 2331 1025 2360 cuncrA
1060 2331 1278 2359 mivmzm
1294 2351 1303 2359 .
1333 2318 1578 2370 Quadratus
1614 2318 1683 2359 Ea

200 2392 300 2448 {qni
322 2423 332 2432 .
366 2389 591 2432 verissime
635 2388 843 2431 Marullus
889 2388 985 2429 hino
1020 2400 1210 2427 ῙΜΒΒΕΜ
1251 2388 1379 2444 ,(μζᾳηί
1388 2421 1400 2442 ,
1447 2396 1682 2441 terramque

200 2459 344 2501 creari
368 2459 441 2501 Eoo
471 2471 639 2498 meru:
670 2457 869 2511 idemque
906 2455 1073 2509 reliqua
1114 2454 1157 2496 in
1195 2455 1559 2511 simplicissimam
1590 2467 1682 2497 sen-

200 2526 378 2569 tentiam
415 2526 477 2569 ita
515 2525 701 2568 restituit
738 2529 786 2567 ut
814 2523 921 2566 nihil
951 2523 1063 2565 ultra
1094 2523 1386 2578 quaerendum
1416 2526 1586 2578 putem,
1619 2539 1681 2564 re-

203 2603 346 2651 troque
366 2609 394 2636 A
415 2609 551 2636 TERRA
582 2602 730 2636 cuncta
760 2593 940 2635 reverti.
963 2591 1190 2634 Marullum
1211 2605 1359 2634 omnes
1390 2591 1525 2634 secuti
1556 2594 1680 2644 sunt,

203 2665 372 2715 gratum
407 2663 594 2705 animum
633 2665 813 2704 testatus
850 2664 915 2703 est
944 2673 1068 2703 nemo
1087 2675 1096 2715 3
1135 2659 1248 2714 quod
1278 2663 1380 2702 nota
1412 2659 1588 2713 dignum
1618 2662 1683 2701 est

203 2727 247 2770 in
269 2727 443 2771 Gifanio
465 2734 508 2772 et
529 2730 764 2784 Forbigero
782 2762 791 2784 ,
824 2727 1173 2784 quandoquidem
1195 2728 1381 2771 scierunt
1409 2728 1516 2770 haee
1546 2741 1574 2769 a
1594 2727 1682 2769 Ma-

203 2795 314 2838 rullo
344 2797 540 2851 profecta
557 2830 567 2839 .

319 2864 414 2907 789.
445 2877 635 2905 FACERE
666 2878 802 2906 HAUD
835 2879 960 2907 ULLo
984 2890 1098 2894 ——-
1121 2877 1278 2904 FAcTo
1298 2895 1307 2902 .
1332 2863 1424 2905 Hoc
1454 2861 1682 2905 Wakefiel-

203 2931 283 2974 dus
315 2932 477 2974 reicere
507 2945 592 2974 non
625 2931 779 2975 audet:
803 2933 1040 2989 Forbige1·,
1080 2937 1126 2975 ut
1156 2944 1374 2974 servorum
1409 2934 1558 2988 captus
1589 2934 1680 2985 est,
