2040 3328
334 226 415 268 236
1031 230 1089 271 IV

335 337 480 378 addita
497 339 607 380 caelo
625 370 633 380 .
651 339 880 381 Lambinus
897 340 1053 381 eaelum
1068 349 1112 382 ut
1126 341 1292 384 videare
1307 343 1445 385 videre
1461 353 1496 385 et
1507 344 1690 400 Corpora
1705 347 1778 387 mi-

334 404 465 445 randi
479 405 552 445 sub
574 413 707 446 terras
736 405 878 447 abdita
897 406 1006 448 caeli
1019 438 1027 447 .
1050 411 1189 450 cetera
1209 408 1274 451 his
1303 410 1448 464 peiora
1466 412 1749 464 praetermitto
1768 445 1778 455 .

331 470 523 512 mirande
540 470 817 526 adverbium,
834 471 947 526 quod
969 473 1010 514 in
1027 474 1234 526 quadrato
1251 476 1448 531 scriptum
1465 480 1527 519 est
1542 479 1775 533 mirandae,

333 539 376 577 ut
391 537 607 579 mendosae
621 537 716 592 503,
735 555 940 594 supernae
959 540 1037 581 173
1054 572 1063 594 ,
1088 544 1129 582 et
1147 541 1191 582 in
1212 545 1387 595 utroque
1402 543 1482 585 949
1502 544 1638 598 prima
1653 559 1778 588 manu

331 603 466 656 altae,
488 604 605 657 (mox
620 604 703 647 462
723 605 912 647 mirande
941 606 985 647 in
1011 608 1230 662 utroque),
1252 621 1336 650 non
1367 612 1430 650 est
1449 622 1577 652 verae
1606 616 1647 654 et
1675 613 1777 654 anti-

330 682 439 722 quae
461 670 700 713 Latinitatis
720 686 728 713 :
751 676 793 714 et
821 672 1069 715 mirabiliter
1098 678 1245 728 peccat
1275 675 1462 730 Nonius,
1484 688 1578 718 cum
1601 677 1776 721 Claudio

331 736 612 790 Quadrigario
629 738 827 781 adscribit
842 741 1094 782 hinnibunde
1106 757 1184 796 pro
1203 742 1433 783 hinnienter
1452 756 1493 796 p.
1507 743 1596 798 122,
1617 744 1686 799 13,
1704 746 1776 799 qui

330 802 496 845 dixerat
517 820 642 860 equae
658 806 939 849 kinnibundae
957 839 966 849 .
987 820 1238 861 quamquam
1255 803 1340 850 scio
1363 809 1562 851 horrende
1581 809 1623 850 in
1638 810 1777 853 lexica

329 870 506 912 relatum
538 884 631 914 esse
662 885 713 914 ex
753 873 860 914 libro
891 873 1137 928 Sapientiae
1165 888 1221 929 vx,
1239 875 1264 916 6
1294 888 1396 928 xvn,
1423 875 1449 916 3
1473 907 1482 928 ,
1511 889 1593 930 quo
1628 877 1776 919 eodem

328 940 499 979 utuntur
515 938 754 981 Priscianus
770 953 812 994 p.
834 940 937 982 1041
956 943 998 984 et
1013 939 1187 992 Sergius
1202 954 1243 995 p.
1257 941 1360 984 1851
1380 973 1390 996 ,
1409 942 1469 983 ita
1485 973 1494 996 ,
1512 942 1775 984 Horrendum

327 1004 478 1046 clamat
492 1020 572 1060 pro
593 1006 793 1048 horrende
809 1023 823 1060 ,-
843 1007 908 1048 cui
930 1005 1182 1048 simillimum
1199 1011 1262 1049 est
1283 1008 1395 1062 quod
1413 1007 1585 1050 Servius
1600 1009 1642 1050 in
1658 1021 1775 1062 geor-

326 1071 452 1124 gicon
472 1085 531 1126 111,
549 1072 602 1114 28
625 1075 1102 1129 maqnumquefluentem
1123 1074 1294 1128 exponit
1313 1090 1459 1130 mayne
1473 1107 1484 1128 ‚
1506 1075 1700 1129 idemque
1719 1075 1775 1117 ad

327 1138 430 1180 Aen.
448 1152 474 1191 1,
492 1138 571 1181 251
589 1139 822 1194 Infandum
837 1173 848 1194 ,
864 1140 1023 1194 inquit,
1037 1156 1116 1196 pro
1132 1140 1306 1196 infande
1315 1142 1456 1197 posuit
1471 1173 1480 1182 .
1502 1154 1579 1184 nec
1594 1141 1776 1184 minores

327 1205 392 1246 hic
421 1205 565 1247 turbas
597 1205 757 1248 faciunt
777 1206 988 1262 Corpora,
1011 1207 1101 1249 sive
1131 1206 1186 1249 ad
1207 1207 1354 1250 nubila
1383 1212 1424 1250 et
1454 1209 1614 1250 caelum
1633 1208 1775 1251 referi-

327 1286 416 1314 mus
448 1272 537 1314 sive
567 1272 623 1314 ad
654 1273 799 1315 sidera
820 1305 830 1315 .
862 1273 974 1327 quod
1005 1273 1134 1328 siquis
1165 1278 1304 1316 cetera
1333 1274 1640 1330 considerabit,
1663 1275 1774 1318 inve-

327 1335 413 1381 niet
443 1352 495 1381 ea
524 1343 682 1382 mutato
713 1353 909 1382 versuum
931 1339 1080 1383 ordine
1110 1345 1196 1383 tam
1218 1345 1315 1395 apte
1345 1341 1452 1384 inter
1473 1355 1519 1385 se
1550 1342 1774 1384 cohaerere

326 1409 371 1447 ut
391 1406 462 1448 vix
482 1407 646 1461 possint
666 1407 787 1450 aliter
808 1420 835 1449 a
854 1410 980 1462 poe'ta
1000 1408 1158 1462 scripta
1178 1407 1408 1450 existimari
1426 1441 1435 1464 ,
1459 1409 1532 1451 sub
1553 1417 1685 1450 terras
1705 1409 1772 1450 ab-

326 1472 414 1514 dita
432 1487 453 1513 c
464 1487 490 1513 A
501 1487 576 1514 Em
592 1475 751 1527 Nubila
768 1474 975 1530 despicere
991 1483 1027 1517 et
1042 1475 1199 1518 caelum
1214 1475 1382 1518 videare
1396 1475 1554 1518 videre.
1574 1474 1658 1517 iam
1673 1488 1773 1518 vero

325 1538 380 1581 ad
410 1541 699 1595 complendam
729 1542 981 1583 seutentiam
1011 1554 1063 1583 ex
1085 1542 1269 1598 Corpora
1298 1541 1487 1584 mirande
1511 1555 1633 1584 nemo
1654 1541 1772 1584 dubi-

325 1611 413 1648 tare
443 1611 581 1661 potest
611 1608 709 1661 quin
741 1607 980 1650 faciendum
1019 1610 1074 1650 sit
1103 1610 1172 1652 Ur
1202 1623 1356 1650 PROPE
1385 1622 1624 1650 numerio,
1646 1622 1772 1651 unum

325 1678 463 1716 tamen
509 1674 801 1728 corrigendum
837 1679 967 1733 restat
988 1690 997 1716 :
1029 1689 1125 1718 nam
1166 1675 1373 1730 despicere
1409 1688 1502 1717 cum
1546 1676 1771 1719 accusandi

325 1753 424 1782 casu
454 1754 537 1783 non
568 1742 834 1795 coniungitur
863 1742 943 1784 nisi
983 1742 1025 1783 in
1056 1742 1363 1796 significatione
1393 1746 1681 1797 contemptus:
1702 1756 1770 1785 ne-

324 1821 404 1861 que
434 1807 522 1849 ulla
551 1809 594 1850 in
616 1808 810 1850 Caesaris
839 1809 977 1851 verbis
1005 1809 1257 1864 ambiguitas
1288 1813 1376 1864 est,
1399 1822 1492 1850 cum
1521 1810 1688 1864 scripsit
1718 1810 1771 1852 de

324 1874 434 1916 bello
456 1874 621 1917 Gallico
643 1889 790 1918 comm.
811 1889 882 1926 vn,
899 1875 955 1918 20
984 1876 1094 1932 quod
1123 1885 1159 1918 et
1174 1877 1424 1932 paucitatem
1446 1892 1585 1918 corum
1614 1893 1666 1918 ex
1686 1878 1770 1919 loco

323 1942 535 1996 superiore
555 1958 793 1997 coqnoseere
813 1951 849 1985 ec
868 1944 1058 1985 virtutem
1079 1943 1286 1999 despicere
1302 1944 1510 1999 potuerint
1524 1975 1535 1996 ,
1558 1944 1636 1999 qui
1651 1944 1770 1986 dimi-

322 2024 417 2050 care
432 2024 513 2050 non
528 2010 812 2064 ausiturpiter
827 2025 870 2051 se
885 2010 929 2051 in
945 2018 1083 2052 castra
1097 2010 1341 2066 receperint.
1359 2009 1501 2063 itaque
1514 2012 1787 2052 DISPICERE'

322 2074 590 2117 scribendum
621 2080 709 2129 est,
731 2079 776 2117 ut
805 2079 916 2118 recte
947 2076 1112 2119 codices
1147 2077 1190 2118 in
1219 2077 1326 2118 libro
1357 2090 1400 2131 11,
1418 2076 1471 2118 26
1502 2078 1603 2132 quin
1632 2079 1771 2120 omnia

322 2141 617 2197 dispiciantur,
634 2142 718 2184 Sub
729 2143 905 2198 pedibus
917 2160 1021 2199 quae
1032 2159 1202 2200 cumque
1217 2142 1330 2185 infra
1337 2159 1414 2200 per
1422 2144 1547 2186 inane
1556 2153 1770 2201 yeruntur.

322 2209 382 2251 sic
397 2209 594 2250 Manilius
615 2223 658 2262 11,
677 2209 756 2250 837
780 2209 832 2251 de
863 2210 1111 2252 occidentali
1142 2210 1313 2252 cardine
1335 2210 1613 2266 Occasumque
1634 2220 1771 2256 tenens

321 2277 571 2318 submersum
583 2275 751 2330 dispicit
766 2278 919 2330 orbem,
936 2291 1020 2318 non
1037 2276 1230 2332 despicit:
1249 2290 1373 2319 versu
1383 2277 1464 2320 849
1479 2278 1684 2333 imumque
1695 2279 1769 2320 sub

321 2343 454 2385 orbem
475 2341 728 2384 Descendit.
761 2344 847 2384 scio
879 2343 1049 2398 quidem
1079 2344 1122 2384 in
1151 2343 1298 2386 lexicis
1320 2343 1478 2386 adferri
1508 2344 1612 2386 haec
1640 2344 1769 2387 verba

322 2409 580 2452 Columellae
595 2422 622 2462 1,
637 2409 679 2462 6,
691 2409 761 2463 23,
780 2411 913 2464 Area,
930 2412 973 2452 si
983 2411 1187 2466 competit,
1204 2412 1264 2452 ita
1281 2411 1561 2453 constituenda
1577 2419 1634 2453 est
1648 2420 1692 2453 ut
1706 2412 1772 2454 vel

322 2493 349 2518 a
365 2477 526 2518 domino
547 2476 612 2518 vel
630 2485 734 2518 certe
756 2493 783 2518 a
792 2485 1062 2532 procuratore
1083 2476 1244 2532 despici
1251 2478 1382 2532 possit
1397 2493 1410 2519 .·
1429 2477 1504 2519 sed
1526 2477 1583 2519 ibi
1603 2491 1769 2532 quoque

322 2543 546 2597 legendum
578 2546 641 2584 est
671 2543 849 2598 dispici,
872 2543 985 2597 quod
1006 2547 1118 2585 recte
1138 2544 1337 2598 scriptum
1366 2548 1479 2587 extat
1498 2545 1604 2587 libro
1629 2555 1684 2599 ιν,
1701 2546 1767 2601 24,

326 2611 406 2653 19.
438 2622 576 2664 neque
606 2609 650 2651 in
679 2609 894 2651 Aeneidos
914 2624 941 2663 1,
959 2610 1041 2651 224
1070 2609 1288 2651 ferendum
1329 2615 1392 2653 est
1422 2613 1581 2655 aethere
1614 2629 1769 2655 summo

322 2678 566 2733 Despiciens
595 2693 709 2718 mare
735 2677 951 2718 velivolum
981 2681 1022 2718 et
1052 2681 1215 2732 cetera,
1238 2677 1314 2719 sed
1342 2678 1606 2732 probandum
1625 2679 1769 2735 Dispi-

321 2746 456 2798 ciens‚
479 2743 592 2797 quod
622 2743 665 2785 in
697 2743 868 2786 arbitrio
897 2745 1018 2799 ponit
1039 2744 1210 2786 Servius
1233 2777 1241 2786 .
1273 2749 1365 2786 utor
1385 2745 1557 2787 arbitrio
1587 2746 1630 2787 in
1650 2758 1768 2799 geor-

321 2811 446 2864 gicon
484 2825 528 2865 11,
554 2810 631 2852 186
669 2814 710 2852 et
743 2811 871 2853 Nonii
908 2811 1199 2853 auctoritatem
1235 2811 1428 2854 rescindo
1450 2844 1460 2866 ‚
1495 2812 1565 2866 qui
1600 2812 1768 2855 exhibet

320 2891 360 2931 p.
379 2877 460 2919 288
479 2877 650 2927 Qualem
669 2893 791 2933 saepe
811 2894 914 2920 cava
941 2879 1089 2920 montis
1118 2879 1300 2920 convalle
1329 2879 1502 2921 solemus
1521 2879 1740 2935 Despicere
1756 2910 1766 2919 .

321 2944 524 2999 dispicere
544 2943 810 2985 scribendum
828 2950 891 2988 est
906 2946 949 2987 in
967 2943 1107 2989 Ovidii
1124 2949 1292 2986 metam.
1309 2959 1351 2999 11,
1368 2946 1416 2986 17
1421 2945 1446 2987 8
1461 2959 1520 3000 111,
1531 2944 1587 2986 44
1603 2958 1672 3000 vn,
1685 2944 1766 2986 223
