2040 3328
936 213 979 255 ΙΙ
1643 216 1694 259 91

219 329 350 374 semel
381 331 530 371 contra
559 341 682 371 suam
713 331 1036 382 ceterorumque
1068 327 1418 371 consuetudinem
1450 331 1579 385 quasi
1604 343 1699 384 pro-

218 397 420 453 duxisse,
448 396 521 452 qui
551 396 595 438 in
624 410 674 452 V,
704 396 786 439 729
822 396 1022 439 maluerit
1058 397 1244 440 seribere
1274 397 1462 439 Proinde
1499 399 1628 454 quasi
1653 397 1701 440 id

203 467 314 525 fieri
343 474 521 522 nequeat
543 498 552 508 .
589 465 750 519 alioqui
786 478 873 507 non
909 465 1061 519 ignoro
1101 466 1142 507 in
1179 465 1327 508 tabula
1356 465 1542 508 Bantina
1579 470 1619 508 et
1654 467 1698 508 in

215 535 315 590 lege
343 533 530 577 Servilia
569 533 772 589 seriptum
810 547 905 576 esse
946 536 1096 590 quasez‘
1129 536 1215 589 sei,
1248 534 1350 576 item
1387 535 1431 576 in
1468 535 1564 588 lege
1595 535 1697 590 pagi

214 602 472 647 Herculanei
502 612 588 645 tam
617 604 769 659 quasei
794 603 860 645 sei
869 635 880 656 ‚
902 602 946 644 in
968 607 1143 645 senatus
1165 604 1357 646 consulto
1380 602 1433 644 de
1454 603 1698 644 Bacchana-

214 671 326 716 libus
355 675 398 714 et
426 671 469 713 in
498 671 596 714 aliis
627 671 920 713 instrumentis
951 671 1136 726 publicis
1167 673 1300 726 nasei,
1322 672 1435 726 quod
1458 672 1502 713 in
1523 672 1698 714 Fronto-

214 741 284 784 nis
315 753 485 796 quoque
516 739 663 782 codice
693 739 914 782 inventum
945 744 1009 781 est
1037 753 1078 794 p.
1105 740 1182 782 127
1221 741 1439 783 Romanae
1470 740 1670 783 editionis
1689 774 1698 783 .

215 821 350 865 quare
388 808 442 851 de
471 808 626 851 Plauto
665 821 752 850 non
789 807 1008 849 intercedo
1049 822 1131 862 quo
1169 810 1308 852 minus
1344 809 1451 851 haee
1488 809 1700 851 vocabula

213 877 472 934 produxisse
510 877 775 920 existimetur
793 908 802 917 .
831 875 876 917 in
907 877 1099 919 Poenulo
1135 893 1166 932 1,
1190 879 1236 933 2,
1260 879 1315 920 32
1345 878 1473 921 Soror
1494 911 1504 931 ,
1536 879 1697 934 cogita,

215 946 363 989 amabo
381 979 392 1001 ,
413 947 511 988 item
531 961 606 988 ‘nos
633 945 874 1002 perhiberi,
898 944 1037 995 Quasi
1060 947 1177 988 salsa
1206 947 1432 988 muriatica
1463 962 1549 988 esse
1579 955 1697 987 autu-

216 1023 391 1058 maretur
419 1014 521 1058 Sine
551 1015 668 1057 omni
695 1014 833 1070 lepore
865 1022 902 1055 et
931 1014 1021 1056 sine
1051 1017 1259 1057 suavitate
1275 1048 1285 1068 ,
1308 1015 1412 1057 Nisi
1433 1015 1564 1056 multa
1585 1030 1698 1069 aqua

213 1099 346 1140 usque
377 1091 414 1125 et
443 1082 518 1125 diu
557 1090 827 1125 macerantur
845 1113 854 1122 .
888 1081 968 1123 112
999 1083 1178 1139 Opsecro
1209 1084 1369 1138 hercle,
1399 1092 1444 1126 ut
1472 1083 1610 1124 mulsa
1641 1083 1696 1124 Zo-

215 1151 394 1208 quitur!
420 1151 486 1193 nil
514 1152 605 1193 nisi
631 1151 854 1193 laterculos
872 1183 881 1191 .
906 1150 949 1192 in
981 1151 1141 1194 Casina
1169 1167 1229 1208 111⁷
1251 1152 1291 1207 ὃ,
1314 1152 1368 1195 56
1390 1153 1495 1194 Asi-si
1520 1168 1563 1194 se
1593 1153 1698 1193 sciat

212 1220 338 1262 vilico
367 1235 450 1262 non
480 1219 623 1261 datum
654 1219 738 1261 iri.
761 1223 947 1261 ceterum
969 1220 1073 1262 illud
1095 1237 1248 1277 quase,
1271 1220 1387 1275 quod
1410 1220 1697 1271 Quintilianus

213 1288 345 1331 instit.
376 1302 412 1343 1,
445 1287 490 1343 7,
513 1286 569 1328 24
603 1287 647 1328 in
685 1288 913 1330 multorum
945 1289 1065 1332 libris
1096 1290 1300 1345 seriptum
1331 1302 1426 1332 esse
1457 1289 1584 1343 dicit,
1614 1289 1696 1330 for-

211 1360 328 1400 tasse
349 1356 394 1398 in
415 1355 496 1398 hoo
517 1359 662 1399 nostro
683 1356 778 1399 loeo
801 1361 925 1400 tenue
947 1358 1013 1400 sui
1040 1358 1268 1412 vestigium
1298 1358 1495 1412 reliquit.
1518 1362 1630 1400 certe
1652 1358 1696 1399 in

213 1423 358 1468 Sticho
380 1424 523 1467 Plauti
545 1439 584 1479 V,
611 1425 646 1479 1,
670 1425 695 1467 8
718 1442 802 1481 qua
823 1443 950 1468 senex
971 1428 1140 1469 tabescit
1161 1427 1250 1470 dies
1271 1427 1332 1469 ita
1358 1426 1696 1481 intellegendum

215 1496 280 1536 est
298 1527 307 1549 ,
331 1509 462 1551 quase
482 1494 561 1535 πίω
577 1525 586 1534 .
610 1493 654 1534 in
670 1493 875 1536 Varronis
899 1495 951 1536 de
972 1496 1120 1549 lingua
1140 1495 1295 1537 Latina
1314 1495 1424 1538 libro
1447 1510 1507 1536 vu
1526 1510 1567 1551 p.
1591 1495 1695 1550 356,

211 1561 284 1605 ubi
315 1565 380 1605 est
409 1577 543 1618 quae,
575 1562 849 1604 scribendum
879 1564 1050 1607 videtur
1082 1581 1236 1622 quase,
1265 1565 1345 1606 hoo
1380 1564 1536 1618 modo,
1567 1564 1696 1605 Iubar

213 1630 372 1673 dicitur
411 1630 533 1672 stella
570 1631 751 1686 Lucifer
766 1664 777 1685 ‚
808 1649 938 1689 quase
975 1635 1021 1675 in
1052 1649 1210 1675 summo
1251 1633 1365 1690 quod
1398 1634 1517 1675 habet
1559 1633 1695 1674 lumen

213 1698 416 1756 diffusum
437 1708 482 1742 ut
503 1698 565 1740 leo
587 1700 632 1740 in
653 1701 788 1756 eapite
809 1702 952 1743 iubam
968 1735 977 1744 .
1000 1701 1044 1743 in
1067 1702 1163 1756 lege
1184 1701 1347 1744 Rubria
1368 1716 1394 1756 Ι,
1412 1703 1466 1744 47
1497 1703 1587 1744 m'se
1608 1702 1670 1743 iei
1683 1734 1691 1742 .

325 1767 421 1810 294.
468 1768 570 1810 Nnc
608 1782 812 1810 STIPATA
851 1784 1003 1811 MAors
1050 1784 1250 1811 FULTUM
1295 1784 1429 1816 QUAM
1476 1783 1694 1810 MATERIA

213 1835 374 1879 COPIA
398 1867 408 1878 .
431 1836 639 1879 Marullus
671 1851 786 1879 FUIT
816 1855 1015 1895 umquam
1045 1840 1270 1881 materiai.

326 1905 422 1947 301.
455 1919 512 1945 ET
544 1920 797 1946 cnsscmwr
828 1921 983 1952 VIQUO
1014 1921 1273 1948 VALEBUNT
1294 1939 1302 1948 .
1321 1907 1415 1949 Itali
1437 1912 1479 1949 et
1500 1907 1598 1949 olim
1621 1907 1693 1948 im-

210 1972 350 2028 pressi
381 1986 534 2018 VIQUE
563 1974 783 2018 valebunt.
804 1974 1008 2016 Marullus
1039 1975 1112 2017 Vix
1143 1976 1297 2017 Latine
1327 1977 1452 2031 inque
1472 1976 1693 2017 valebunt:

211 2053 314 2083 nam
335 2053 447 2095 quae
468 2042 810 2097 praepositiones
841 2046 1010 2084 auctum
1033 2046 1074 2084 et
1095 2043 1402 2086 incrementum
1423 2043 1690 2097 significant,

212 2113 259 2152 ut
279 2125 354 2152 con
376 2125 396 2152 e
417 2110 462 2151 in
483 2125 529 2152 re
543 2143 555 2164 7
577 2123 655 2152 eae
676 2110 919 2153 valescere-di
935 2111 1066 2153 verbo
1089 2115 1217 2166 aptae
1238 2117 1337 2156 sunt
1351 2147 1362 2166 ,
1391 2125 1475 2154 non
1497 2111 1691 2166 valendi,

207 2178 457 2236 praevalere
488 2181 629 2221 autem
660 2184 702 2221 et
730 2180 1060 2235 praevalescere.
1078 2181 1186 2222 inter
1217 2195 1263 2223 se
1294 2180 1522 2223 differunt.

325 2246 422 2289 304.
454 2246 566 2288 ΝΛΜ
594 2260 756 2292 NEQUE
784 2261 882 2293 Quo
912 2262 1083 2289 Possm
1106 2262 1260 2291 (313an
1282 2263 1450 2290 ULLUM
1470 2262 1692 2290 MArmuA

210 2315 478 2358 Ewuamm
518 2330 579 2356 Ex
618 2329 739 2356 OMNI
776 2329 1039 2362 QUICQUAM
1076 2331 1188 2371 Esr,
1235 2331 1399 2363 NEQUE
1444 2331 1491 2357 IN
1533 2330 1691 2357 OMNES

210 2383 354 2427 Unmz
382 2398 583 2426 coonrA
615 2398 781 2430 QUEAT
811 2399 951 2426 uovA
981 2399 1059 2425 vis
1090 2400 1405 2428 INRUMPERE.
1434 2385 1564 2427 Medii
1600 2398 1691 2427 ver-

211 2467 284 2496 sus
314 2455 548 2496 extremam
578 2457 744 2508 partem
774 2453 938 2508 perisse
970 2458 1174 2508 apparet,
1204 2468 1313 2508 quae
1344 2454 1564 2510 aptissime
1595 2467 1691 2508 sup-

210 2521 319 2576 pleri
347 2525 490 2577 potest
520 2522 563 2563 in
594 2521 706 2564 huno
725 2521 924 2577 modum,
956 2538 1087 2579 neque
1109 2523 1154 2564 in
1174 2538 1290 2564 omne
1312 2536 1535 2563 SEORSUM
1574 2521 1691 2563 Unde

211 2598 352 2632 coorta
381 2599 506 2646 queat
533 2606 642 2632 ‘nova
671 2591 735 2632 vis
764 2591 1006 2647 inrumpere
1028 2623 1037 2632 .
1060 2591 1271 2632 Antonius
1293 2590 1418 2632 Marii
1444 2606 1575 2646 neque
1595 2605 1689 2630 rur-

211 2674 284 2700 sus
313 2659 359 2700 in
389 2673 553 2712 omnes,
576 2658 837 2700 Veronensis
868 2658 1000 2701 editio
1022 2675 1153 2715 neque
1166 2661 1309 2716 partis
1340 2660 1385 2700 in
1415 2674 1578 2711 omnes,
1601 2656 1690 2698 Ma-

213 2725 378 2779 rullus,
410 2738 537 2779 quem
567 2726 698 2768 ceteri
730 2726 866 2768 secuti
896 2732 1020 2782 sunt,
1052 2743 1184 2782 neque
1213 2743 1363 2769 rursus
1394 2728 1438 2768 in
1470 2741 1612 2767 omne.

326 2794 422 2836 313.
454 2807 538 2834 um
566 2808 715 2835 nsum
737 2794 969 2836 Onusam:
991 2809 1077 2835 IAM
1097 2809 1348 2848 ΝΕρυΕΑε,
1382 2808 1545 2835 morus
1568 2807 1690 2838 Quo·

213 2877 310 2909 QUE
350 2876 604 2903 ASURPERE
650 2876 841 2902 DEBENT
874 2894 882 2904 .
923 2862 1122 2906 Gifanius
1160 2863 1237 2903 ubi
1276 2875 1390 2902 IPSA
1423 2895 1432 2903 .
1464 2875 1688 2903 SURPERE

211 2931 421 2976 Marullus
441 2962 449 2976 2
