2040 3328
388 247 470 291 212
1079 252 1144 293 III

388 362 545 403 semina
567 393 577 403 .
602 361 776 403 multum
813 361 954 403 differt
988 361 1041 402 ab
1076 361 1140 402 his
1181 361 1441 403 Lucilianum
1476 363 1658 405 habendo
1679 395 1690 416 ‚
1717 363 1831 417 quod

388 426 676 481 Philargyrius
699 427 754 468 ad
775 427 1002 480 georgicon
1027 440 1087 479 111,
1109 426 1185 468 159
1207 426 1307 468 dicit
1327 440 1419 469 esse
1439 428 1487 469 id
1504 429 1615 484 quod
1633 430 1832 483 habetur,-

387 506 472 534 non
502 494 604 534 satis
627 498 764 547 recte,
787 506 879 534 cum
899 492 1004 534 haec
1024 493 1107 534 sint
1136 492 1266 534 verba
1287 493 1462 548 Lucilii,
1485 495 1580 536 Non
1607 511 1830 550 numquam

387 558 501 600 dabit
529 560 623 614 ipsa
653 568 766 601 aetas
795 559 907 614 quod
929 559 1064 613 prosit
1092 558 1304 599 habendo.-
1326 559 1387 600 sie
1416 560 1526 601 enim
1556 561 1680 603 debet
1709 574 1828 616 esse,

387 630 432 667 ut
452 625 495 667 in
516 625 697 667 Lucretii
718 639 744 679 1,
763 625 844 666 312
865 625 999 666 subter
1030 633 1220 666 tenuatur
1249 624 1458 666 habendo:
1479 625 1572 667 libri
1602 627 1712 682 quod
1735 644 1830 683 pos-

387 693 466 734 sit.
489 694 600 733 recte
621 691 848 733 Lambinus
868 705 1124 744 MANENDA,
1146 691 1227 732 nisi
1259 690 1372 745 quod
1392 690 1495 732 haec
1524 693 1632 734 male
1661 694 1830 735 coniun-

387 759 472 811 xit,
495 759 539 800 in
569 774 648 814 quo
678 759 731 799 sit
765 759 1004 799 mortalibus
1041 759 1171 799 omnis
1201 765 1314 798 aetas
1343 757 1574 799 manenda.
1594 757 1673 799 hoe
1701 760 1829 801 multo

386 825 507 879 peius
529 824 708 868 Orellius
739 825 783 865 in
813 840 891 879 quo
911 826 966 865 sit
995 825 1125 866 omnis
1146 833 1258 866 aetas
1282 823 1530 867 manendum
1547 854 1556 865 .
1578 824 1735 866 seilicet
1753 825 1831 867 hoe

389 892 428 933 ei
457 896 542 934 tam
573 891 769 932 Latinum
808 890 973 932 videtur
1011 903 1134 944 quam
1165 890 1276 944 quod
1312 890 1355 932 in
1386 904 1424 945 v,
1440 889 1496 930 44
1525 889 1621 931 libri
1652 889 1830 946 habent,

383 958 573 1012 pericula
602 965 697 1000 sunt
719 957 1015 999 insinuandum
1033 988 1042 998 .

503 1024 622 1067 1078.
654 1023 813 1065 CERTE.
844 1038 1065 1069 sonuum
1095 1037 1246 1064 rmus.
1269 1023 1498 1065 Lambinus
1529 1023 1690 1066 Omen
1728 1037 1832 1070 QUI-

387 1104 486 1131 DEM
502 1091 610 1146 finis
627 1122 636 1132 .

502 1156 621 1199 1084.
653 1171 768 1199 v1'rA
800 1171 989 1198 snMPER
1018 1170 1212 1197 HIENT1s
1229 1189 1238 1199 .
1263 1155 1502 1208 Quadratus
1523 1156 1629 1197 vitae
1646 1187 1654 1196 .
1677 1155 1772 1198 Itali
1793 1159 1843 1198 et.

387 1223 582 1277 impressi
614 1238 775 1278 v1rA1,
798 1223 952 1266 deinde
979 1238 1202 1264 HIANTIS.

501 1290 621 1332 1085.
651 1304 903 1332 FORTUNA.
926 1290 1020 1331 Itali
1051 1304 1312 1331 FORTUNAM
1331 1321 1340 1331 .

502 1356 622 1399 1088.
651 1371 740 1397 Nnc
761 1371 1072 1398 DELIBERARE
1087 1371 1303 1398 VALEMUS
1323 1389 1333 1399 .
1347 1357 1555 1399 Marullus
1570 1371 1808 1406 menmium
1821 1390 1830 1399 .

389 1424 597 1465 Avantius
615 1423 820 1466 delibrare
835 1457 846 1477 ‚
868 1423 946 1465 hoc
962 1428 1025 1465 est
1045 1423 1327 1474 decorticare,
1350 1423 1462 1477 quod
1482 1424 1662 1478 probant
1677 1424 1833 1467 Haver-

391 1501 589 1543 campus,
620 1490 933 1543 Wakefieldus,
961 1490 1255 1532 Eichstadius.
1278 1489 1410 1543 ‘iure',
1440 1490 1576 1543 inquit
1605 1491 1834 1545 Forbiger3

386 1554 466 1596 hoc
496 1559 558 1597 est
587 1556 676 1597 iure
706 1556 912 1610 probandi
950 1556 1154 1611 quidquid
1184 1556 1310 1598 valde
1341 1556 1524 1610 ineptum
1556 1561 1645 1599 est.
1670 1558 1835 1600 Lambi-

386 1635 485 1663 num
516 1621 584 1663 hic
613 1636 696 1664 non
734 1624 885 1665 rectius
916 1621 1129 1665 iudicasse
1163 1624 1318 1665 miror:
1349 1622 1424 1664 sed
1462 1623 1594 1665 obfuit
1627 1623 1691 1666 illi
1720 1623 1834 1678 quod

386 1688 583 1742 probavit
612 1689 794 1731 delibare
823 1689 1016 1731 Gifanius
1033 1721 1043 1731 .

502 1755 622 1798 1089.
654 1755 756 1805 Quo
793 1769 940 1796 MINUS
976 1769 1090 1796 ESSE
1127 1770 1213 1797 Dm
1249 1769 1499 1797 Possumus
1536 1770 1690 1798 FORTE
1721 1771 1830 1798 PER-

386 1835 532 1862 ΕΜΡΤΙ
549 1854 558 1863 .
580 1822 828 1863 Possmns
859 1826 1066 1864 corrector
1094 1822 1287 1876 quadrati
1317 1835 1410 1865 cum
1440 1823 1557 1865 Italis
1588 1827 1628 1865 et
1657 1824 1829 1878 impres-

385 1889 444 1930 sis
463 1920 471 1929 .
493 1892 580 1930 tum
601 1889 695 1930 Itali
725 1898 877 1942 morte,
900 1889 1101 1930 Marullus
1132 1893 1172 1931 et
1193 1890 1397 1931 Avantius
1428 1898 1534 1931 sorte
1547 1922 1558 1943 ‚
1580 1902 1664 1931 non
1693 1893 1830 1932 recte:

385 1967 480 1997 nam
499 1955 618 2009 forte
647 1956 843 1997 convenit
871 1955 1086 1997 irridenti.
1115 1969 1238 1998 versu
1275 1956 1466 2010 proximo
1497 1955 1729 2010 quadratus
1759 1956 1832 1998 du-

385 2037 474 2063 cere
502 2022 639 2063 saecla
656 2055 665 2064 .

501 2088 619 2130 1093.
649 2089 843 2129 LUMINE
884 2102 967 2134 QUI
1002 2102 1148 2128 FINEM
1187 2103 1300 2130 VITA
1337 2104 1505 2132 mecm.
1535 2090 1614 2132 Hic
1650 2102 1830 2145 quoque,

383 2159 430 2197 ut
458 2167 610 2209 supra,
634 2155 864 2208 quadratus
889 2156 1023 2196 vitae.
1045 2169 1179 2196 VITAI
1200 2156 1357 2198 Plotius
1387 2157 1682 2210 grammaticus
1703 2157 1831 2211 scrip-

382 2225 469 2263 tum
499 2221 630 2275 legit,
652 2221 845 2274 quamvis
876 2222 1094 2264 Putschius
1124 2236 1163 2276 p.
1181 2222 1291 2264 2629
1322 2223 1502 2265 ediderit
1529 2224 1661 2265 vitae.
1682 2223 1830 2265 Penta-

381 2288 636 2329 sehematz‘sti
661 2287 882 2343 dactylici,
914 2288 1049 2342 inquit
1078 2289 1333 2342 (notabimus
1363 2293 1502 2330 autem
1532 2301 1626 2330 eum
1654 2301 1738 2330 non
1769 2289 1830 2330 di-

381 2366 475 2412 cere
506 2354 786 2407 hexametros)
804 2354 937 2410 ,flunt
964 2354 1097 2396 modis
1127 2356 1307 2410 quinque
1324 2386 1333 2395 .
1355 2356 1398 2397 si
1413 2357 1581 2411 primus
1609 2356 1664 2396 sit
1691 2354 1829 2412 dacty-

381 2420 471 2473 lus,
494 2421 620 2462 ceteri
645 2429 837 2476 quattuor
865 2420 1062 2475 spondei,
1083 2430 1127 2462 ut
1151 2422 1372 2463 Lueretius
1402 2422 1506 2464 libro
1533 2423 1648 2464 tertio
1665 2422 1830 2464 Limine

379 2487 457 2541 qui
468 2487 600 2541 finem
629 2488 740 2529 vitai
753 2488 889 2543 fecit5
910 2495 946 2528 et
973 2487 1044 2528 ille
1076 2487 1254 2544 Vergilii
1272 2487 1449 2541 (seilicet
1478 2488 1513 2529 si
1535 2488 1641 2530 duas
1661 2489 1847 2531 vocales

384 2552 622 2609 elidimus),
644 2553 871 2597 Nereidum
899 2554 1029 2594 ‘matri
1054 2562 1090 2595 et
1118 2554 1308 2609 Neptuno
1338 2555 1474 2610 Aeyeo
1491 2586 1500 2596 .

494 2634 551 2675 1v,
571 2621 607 2661 1.
639 2621 767 2662 AVIA
796 2633 1057 2661 mmmmm.
1088 2620 1151 2662 De
1181 2620 1303 2662 huius
1338 2619 1433 2662 libri
1470 2621 1714 2675 prohoemio
1745 2622 1828 2664 dis-

378 2687 525 2742 putavi
556 2686 611 2729 ad
640 2702 667 2742 1,
684 2687 792 2742 9223
821 2700 903 2741 quo
940 2687 1032 2728 loco
1073 2699 1145 2728 eos
1186 2687 1409 2741 scriptores
1446 2687 1535 2730 dixi
1575 2688 1645 2742 qui
1681 2688 1828 2730 horum

377 2766 574 2796 versuum
594 2758 758 2809 partem
789 2767 960 2796 numero
990 2753 1086 2795 libri
1107 2753 1198 2796 sive
1218 2754 1339 2808 primi
1360 2755 1450 2797 sive
1478 2756 1612 2809 quarti
1634 2755 1827 2810 apposito

377 2821 626 2863 attulerint.
658 2821 729 2875 qui
765 2834 980 2863 numerum
1017 2833 1102 2862 non
1139 2819 1328 2875 addunt,
1358 2821 1465 2863 libro
1502 2826 1650 2876 quarto
1689 2821 1826 2876 potius

375 2887 441 2927 usi
482 2891 602 2941 sunt,
631 2891 742 2930 certe
778 2888 804 2928 ii
843 2887 913 2941 qui
949 2887 1086 2942 ipsum
1121 2887 1298 2941 primum
1337 2901 1506 2931 versum
1541 2889 1752 2942 referunt,
1782 2891 1827 2929 ut

377 2951 660 3004 Quintilianus
683 2955 725 2996 in
757 2955 1061 2996 institutionum
1091 2968 1178 3008 vm,
1196 2955 1234 3009 6,
1251 2954 1305 2997 45
1338 2959 1378 2998 et
1407 2955 1477 3009 qui
1509 2955 1561 2997 de
1583 2953 1824 3010 ¹disciplinis
