2040 3328
914 235 959 276 II
1623 239 1676 282 79

195 363 252 406 Ν,
268 351 308 405 9,
326 349 390 404 18,
413 349 569 390 ‘milites
595 349 769 390 Armati
781 357 904 405 acque
921 350 1106 391 animati
1113 350 1241 406 probe
1254 381 1262 391 .
1287 350 1440 392 Accius
1459 350 1575 405 apud
1592 351 1676 393 No-

194 417 311 460 nium
326 431 368 472 p.
386 417 482 471 233,
505 416 555 458 18
586 417 638 458 Ut
654 431 764 458 nunc
779 432 872 458 cum
889 418 1100 459 animatus
1116 418 1204 459 iero
1220 449 1231 471 ,
1250 418 1354 459 satis
1371 420 1547 460 armatu’
1563 435 1655 461 sum
1667 451 1676 460 .
1731 448 1734 451 -

307 485 378 527 44.
409 485 499 527 H1s
521 498 623 525 Tun
643 498 740 525 TUM
762 499 923 526 annus
946 499 1261 527 TIMAEFACTE
1287 518 1296 528 .
1323 486 1433 528 Ante
1454 486 1566 528 hunc
1587 501 1676 529 ver-

195 566 290 597 sum
310 553 546 596 Lambinus
568 565 663 595 eum
685 552 962 595 inserendum
987 567 1080 596 esse
1103 553 1313 596 intellexit
1331 587 1340 608 ‚
1364 567 1489 608 quem
1511 555 1676 597 Nonius

194 635 248 665 ex
267 621 378 664 libro
401 620 591 664 secundo
618 621 805 663 Lucretii
836 622 996 663 rettulit
1026 636 1067 677 p.
1090 622 1186 676 503,
1209 623 1259 664 18
1278 655 1287 676 ,
1321 623 1557 664 1⁴³1:ssva
1580 638 1676 664 CUM

192 704 378 732 vnmas
416 703 635 731 CLASSEM
675 703 908 735 LATEQUE
945 704 1134 731 vAGAm
1158 723 1167 732 .
1200 689 1280 732 hoc
1310 694 1453 732 autem
1470 691 1680 746 fer-vendi

191 759 370 803 verbum
391 758 582 800 Lucilius
614 756 716 812 quin
746 758 897 800 tertiae
929 757 1230 800 declinationis
1262 771 1356 800 esse
1386 759 1570 801 voluerit
1600 759 1674 801 du-

192 827 328 871 bitare
365 841 489 870 nemo
529 825 682 879 debet,
723 826 793 880 qui
831 839 943 880 quae
979 826 1034 869 ab
1074 840 1125 869 eo
1170 827 1214 867 in
1248 826 1358 868 libro
1390 839 1502 869 nono
1534 828 1676 882 posita

192 908 288 939 esse
319 900 487 939 constat
517 894 756 951 perceperit
777 928 786 937 .
818 894 998 937 Fer-vere
1012 928 1023 949 ,
1046 911 1102 937 an
1124 912 1143 938 c
1165 896 1335 950 lonyum
1350 926 1359 935 .
1387 911 1481 938 vere
1501 896 1576 938 hoc
1598 895 1674 938 lec-

192 965 341 1007 toribu’
373 963 541 1007 tradam
565 997 573 1005 .
721 963 862 1020 fervit
875 996 886 1016 ,
919 950 1075 1017 currit,
1106 964 1205 1020 quz't
1222 997 1230 1005 .
1392 964 1534 1006 Fervit
1561 980 1674 1019 aqua

193 1041 232 1075 et
245 1031 391 1088 fervet
406 1065 417 1086 ,
431 1032 571 1089 fervit
592 1048 702 1075 nunc
717 1065 728 1086 ,
751 1031 888 1086 fervet
909 1031 968 1072 ad
986 1047 1142 1074 annum
1160 1064 1170 1074 .
1197 1045 1297 1074 nam
1318 1032 1378 1074 ad
1396 1048 1552 1073 annum
1572 1031 1674 1085 quid

194 1100 250 1143 sit
279 1104 394 1143 recte
425 1100 550 1143 docet
570 1099 835 1143 Forcellinus
867 1099 910 1140 in
941 1099 1106 1154 lexico,
1139 1100 1238 1142 item
1269 1099 1464 1142 Handius
1495 1100 1539 1140 in
1570 1100 1673 1141 Tur-

191 1168 332 1210 sellini
361 1172 476 1210 tomo
508 1184 523 1209 1
543 1183 583 1224 p.
602 1170 656 1212 88
675 1201 684 1209 .
717 1169 777 1209 ita
807 1166 988 1210 dicimus
1020 1168 1079 1209 ad
1107 1168 1331 1222 calendas,
1363 1167 1407 1210 id
1441 1171 1504 1209 est
1535 1168 1673 1210 calen-

191 1235 260 1278 dis
289 1236 495 1292 proximis
525 1268 533 1279 .
569 1237 706 1279 Varro
738 1235 854 1291 apud
886 1236 1070 1278 Nonium
1103 1250 1143 1292 p.
1167 1237 1234 1292 26,
1257 1237 1309 1278 31
1341 1245 1512 1293 praetor
1541 1246 1673 1278 vester

190 1305 347 1360 eripuit
375 1305 485 1346 mihi
505 1306 761 1361 pecuniam:
793 1304 844 1346 de
875 1321 924 1346 ca
945 1313 1132 1361 questum
1154 1304 1213 1346 ad
1233 1321 1389 1347 annum
1420 1305 1584 1346 veniam
1616 1303 1675 1345 ad

190 1387 341 1414 novwm
369 1373 664 1429 mayz'stratum
682 1404 691 1413 .

302 1439 375 1486 45.
405 1453 702 1486 MORTISQUE
734 1454 950 1481 Tritones
972 1441 1083 1482 TUM
1116 1454 1320 1482 VACUUM
1351 1455 1541 1482 TEMPUS
1572 1455 1673 1480 Lm-

189 1522 342 1552 οων».
365 1507 484 1550 Haec
514 1509 625 1552 inter
655 1522 702 1551 se
733 1508 1036 1562 coniungenda
1065 1522 1160 1552 esse
1180 1509 1400 1552 Bentleius
1430 1509 1564 1563 vidit,
1597 1509 1672 1551 sed

190 1589 244 1620 ea
281 1577 534 1620 condicione
553 1610 563 1632 ‚
601 1583 648 1620 ut
685 1590 778 1619 cum
809 1577 1018 1619 Lambino
1058 1576 1313 1619 scriberetur
1351 1593 1526 1619 vacuum
1562 1591 1672 1618 Psc-

189 1660 308 1701 τηε,
341 1644 422 1688 hac
454 1645 703 1688 condicione
733 1646 1039 1701 praetermissa
1060 1644 1270 1699 Forbiger
1302 1658 1422 1687 suam
1452 1645 1674 1688 stultitiam

188 1715 386 1759 Bentleio
432 1714 697 1758 mendaciter
743 1714 950 1757 adscribit
970 1728 979 1755 ε
1020 1712 1144 1755 ‘mihi
1180 1713 1321 1768 potius
1339 1714 1367 1769 ‚²
1407 1714 1570 1768 inquit,
1610 1712 1674 1756 ‘ut

186 1783 383 1827 Bentleio
401 1817 410 1828 .
422 1782 432 1799 '

301 1852 370 1895 52.
402 1865 577 1893 vsssms
610 1864 948 1892 SPLENDOREM
978 1864 1207 1892 PURPURA
1230 1882 1239 1893 .
1261 1851 1487 1907 Purpuraz'
1513 1863 1674 1893 corree-

187 1925 258 1965 tor
288 1920 519 1977 quadrati,
551 1920 649 1963 Itali
682 1924 724 1963 et
754 1919 951 1975 impressi
980 1932 1296 1961 PURPUREAI.

299 1989 369 2033 54.
399 2003 522 2031 vxrA
551 2002 782 2031 RAssonm-
814 2021 824 2031 .
865 1988 1087 2032 Corrector
1119 1987 1321 2043 quadrati
1353 1990 1394 2030 et
1425 1987 1553 2030 ceteri
1583 2000 1670 2028 LA-

186 2071 382 2101 nonum.

299 2127 370 2171 56.
411 2141 487 2168 sm
516 2140 606 2168 nos
625 2159 635 2170 .
659 2127 758 2170 Non
779 2126 905 2169 aliter
926 2125 970 2168 in
990 2141 1051 2182 111,
1069 2126 1123 2169 88
1146 2130 1187 2169 et
1207 2126 1252 2168 in
1275 2140 1329 2180 vr,
1352 2124 1406 2168 35
1430 2158 1439 2167 .
1462 2124 1578 2180 apud
1599 2124 1672 2167 Se-

189 2207 341 2238 necam
370 2194 416 2237 in'
448 2194 632 2251 epistula
656 2195 737 2238 110
767 2196 829 2238 ita
859 2211 933 2238 nos
952 2228 961 2237 .

304 2263 373 2307 62.
404 2277 665 2306 MATERIAE
688 2295 698 2305 .
719 2263 820 2306 Itali
850 2278 1131 2306 MATERIAI.

300 2333 368 2376 68.
399 2347 501 2375 REM
533 2347 949 2380 QUAMQUIDEMUS
973 2364 982 2375 .
1015 2333 1238 2376 Corrector
1259 2332 1459 2388 quadrati
1482 2334 1523 2373 et
1543 2330 1670 2374 ceteri

186 2414 428 2449 QnAthm
458 2401 648 2446 videmus
665 2434 676 2444 .
1066 2398 1072 2404 '

301 2471 370 2514 73.
399 2485 591 2513 Aemus
621 2484 823 2512 nonma-
846 2503 855 2512 .
888 2469 1007 2513 Idem
1031 2473 1243 2512 corrector
1264 2473 1306 2512 et
1327 2469 1563 2511 Brixiensis
1584 2467 1669 2511 edi-

186 2541 254 2581 tor
283 2553 511 2581 AUGMINE
529 2572 540 2583 .

299 2607 367 2650 84.
399 2622 554 2650 'mam
575 2641 586 2652 .
619 2608 845 2652 Corrector
876 2607 1076 2662 quadrati
1109 2610 1150 2649 et
1182 2606 1312 2649 ceteri
1341 2620 1518 2648 mmm.

297 2675 366 2719 85.
401 2691 504 2718 NAM
535 2691 653 2719 CITA
685 2691 837 2718 SAEPE
870 2675 1031 2720 OBVIA
1065 2689 1416 2730 CONFLEXERE,
1450 2688 1525 2715 FIT
1556 2687 1639 2715 UTI
1656 2705 1664 2716 ι

189 2741 302 2785 Nam
330 2746 490 2787 concita
521 2749 563 2788 et
593 2746 818 2802 conflioeere
851 2744 916 2787 ‘in
948 2743 1204 2799 quibusdam
1236 2743 1355 2785 libris
1377 2756 1505 2785 manu
1536 2742 1666 2797 scrip-

186 2808 259 2853 tis'
281 2824 378 2854 sese
397 2814 640 2869 repperisse
661 2815 866 2870 scriptum
889 2813 1119 2855 Lambinus
1142 2810 1364 2866 adfirmat3
1387 2810 1501 2865 quod
1523 2814 1666 2853 tamen

183 2890 270 2921 non
299 2877 482 2923 sufficit.
513 2887 628 2926 recte
649 2882 945 2926 Wakefieldus
975 2897 1071 2923 nam
1103 2892 1239 2926 Quom
1271 2881 1353 2921 cita
1382 2895 1506 2936 saepe
1536 2879 1668 2922 Obvia

184 2960 502 2991 conl-'LIXERE
524 2984 534 2995 .
565 2955 652 2994 tum
683 2951 894 2995 Avantius
912 2951 971 3007 fit
1000 2963 1062 2990 υτ
1086 2981 1093 2989 .

293 3017 362 3062 88.
406 3031 571 3065 NEQUE
611 3033 876 3066 QUICQUAM
912 3033 939 3059 A
977 3030 1218 3058 TERGIBUS
1251 3029 1464 3057 osssrnr.
1498 3013 1666 3071 Optime
