2040 3328
415 225 468 269 76
1117 231 1160 272 II

415 338 683 393 diligentibus
698 340 865 382 invecta
879 340 1019 383 iudico
1038 371 1047 382 .
1068 341 1146 384 hoc
1167 355 1219 384 ea
1237 343 1334 398 ipsa
1354 357 1461 398 quae
1477 345 1659 400 aliquam
1677 347 1857 401 speciem

415 406 571 448 habent
590 408 803 461 paucitate
825 420 903 449 sua
922 408 1202 462 persuadent.
1224 423 1332 451 unus
1354 415 1415 453 est
1435 411 1556 454 huius
1577 413 1689 456 modi
1709 427 1856 458 versus

415 474 535 515 Ennii
553 507 562 524 ‚
585 487 707 528 quem
728 475 902 528 protulit
917 475 1078 516 Probus
1100 475 1153 517 ad
1171 477 1348 530 Vergilii
1369 478 1556 532 eclogam
1577 494 1621 520 VI
1639 494 1679 535 p.
1700 482 1762 533 19,
1783 482 1855 538 11,

415 542 468 582 E't
489 541 626 583 densis
641 541 786 595 aquila
799 542 942 596 pinnis
965 543 1117 584 obnixa
1139 543 1301 585 voZath
1324 545 1444 586 Vento
1461 561 1473 587 .·
1494 545 1575 588 (1Πο
1595 551 1691 590 sunt
1711 547 1858 602 Vergi-

413 607 535 661 liani,
554 619 727 660 quorum
745 607 923 648 alterum
940 612 1137 650 notarunt
1153 611 1435 666 grammatici,
1453 611 1675 666 utSergius
1689 616 1855 671 p.1830,

413 674 537 715 Dona
559 673 703 715 dehinc
724 690 826 715 auro
848 676 1000 729 yravz‘a
1021 685 1204 731 sectoque
1225 678 1434 733 elephanto
1448 711 1459 731 ,
1480 679 1524 719 in
1545 679 1676 723 altero
1693 694 1746 724 ne
1766 682 1857 724 Ser-

413 739 507 782 vius
530 739 697 793 quidem
720 740 840 782 metri
861 742 1111 784 mentionem
1135 743 1258 797 feeit,
1288 744 1441 787 Sancta
1467 745 1525 786 ad
1549 761 1618 788 vos
1638 749 1778 791 anima
1798 758 1856 791 at-

413 823 490 862 que
509 808 630 848 istius
650 808 783 849 inscia
804 808 951 863 culpae
968 840 976 849 .
1001 808 1077 851 hos
1098 810 1224 863 igitur
1245 811 1346 852 satis
1368 811 1643 864 probabiliter
1662 813 1722 856 ita
1741 816 1857 858 resti-

413 873 471 914 tui
492 886 618 927 posse
639 874 858 927 existimo,
881 877 926 915 ut
955 874 1161 918 scribatur
1191 878 1335 932 aquila
1365 879 1484 931 hinc,
1516 896 1541 920 a
1570 889 1753 937 sectoque
1782 883 1857 925 ele-

408 941 587 996 phanto,
610 940 764 982 Sancta
784 941 843 982 ad
861 956 930 982 vos
950 943 1092 984 anima
1113 952 1233 999 atque
1254 945 1396 986 anima
1416 946 1539 987 istius
1553 962 1568 1000 ,²
1597 959 1706 1000 quae
1727 947 1857 1002 siquis

412 1010 637 1061 propterea
656 1006 934 1061 improbabit,
965 1007 1075 1061 quod
1107 1010 1193 1051 alia
1213 1023 1321 1064 quae
1341 1011 1677 1054 emendationem
1707 1013 1856 1057 suade-

414 1077 487 1114 ant
517 1077 766 1126 argumenta
796 1077 964 1128 praeter
993 1075 1114 1116 metri
1135 1075 1396 1118 insolentiam
1418 1077 1535 1119 nulla
1555 1077 1638 1120 dici
1658 1085 1856 1136 possunt,

412 1143 522 1182 certe
552 1139 628 1181 illa
657 1140 901 1182 rarissimae
933 1144 973 1182 et
1002 1141 1073 1183 vix
1094 1142 1339 1196 probandae
1361 1145 1555 1199 exempla
1585 1157 1678 1187 esse
1708 1159 1858 1200 agnos-

412 1211 476 1249 cet
506 1205 735 1261 audaciae,
774 1219 899 1260 quam
938 1221 1022 1250 non
1058 1208 1258 1251 credibile
1288 1210 1341 1252 sit
1369 1210 1477 1252 ultra
1506 1212 1707 1255 tribrevia
1735 1226 1858 1256 voca-

412 1274 511 1316 bula
541 1286 736 1327 umquam
767 1275 1052 1328 processisse.
1084 1289 1182 1318 nam
1219 1277 1382 1318 Horatii
1419 1278 1624 1320 editorum
1659 1281 1858 1335 supersti-

411 1341 566 1382 tionem
586 1353 708 1381 nemo
738 1340 959 1396 probabit,
991 1355 1115 1396 spero
1134 1375 1143 1397 ,
1175 1343 1245 1397 qui
1265 1343 1449 1386 nondum
1472 1345 1564 1388 ausi
1585 1346 1668 1388 sint
1687 1347 1730 1388 in
1751 1347 1856 1389 libro

412 1422 425 1447 1
446 1419 682 1450 sermonum
703 1407 747 1461 3,
766 1407 789 1448 7
812 1407 995 1450 seribere
1016 1411 1055 1451 2⁶0
1077 1411 1273 1464 bacchae,
1296 1414 1568 1453 monstratum
1591 1413 1691 1454 olim
1712 1426 1738 1455 a
1758 1415 1859 1456 Tur—

412 1474 520 1516 nebo
551 1475 595 1515 in
625 1473 880 1516 adversariis
901 1487 990 1530 xm,
1011 1475 1031 1516 1
1052 1490 1061 1530 3
1093 1476 1182 1519 sive
1205 1481 1335 1532 poeta
1355 1478 1535 1520 bacchas
1557 1479 1741 1522 carmine
1766 1494 1858 1535 per-

412 1546 539 1596 petuo
571 1542 719 1582 citatas
750 1544 790 1581 et
811 1542 1084 1595 compellatas
1106 1543 1206 1585 dicit
1228 1557 1277 1586 eo
1298 1545 1422 1587 modo
1444 1558 1526 1599 quo
1548 1546 1600 1589 Μ.
1624 1546 1784 1589 Tullius
1805 1546 1859 1590 de

415 1607 565 1650 finibus
586 1607 692 1649 libro
715 1622 756 1662 11,
779 1607 828 1649 18
850 1607 1030 1651 Graecos
1050 1620 1274 1666 anapaesto
1295 1613 1437 1654 citatos
1452 1645 1463 1666 ,
1487 1613 1575 1655 sive
1605 1613 1742 1668 ipsum
1773 1627 1859 1656 car-

413 1688 508 1716 men
538 1675 598 1715 ita
628 1676 778 1716 citatur
792 1707 802 1727 ,
824 1675 903 1716 hoc
933 1680 996 1718 est
1026 1678 1150 1719 celeri
1173 1675 1318 1735 ἀγωγῇ
1338 1679 1580 1734 peragitur,
1602 1684 1647 1722 ut
1668 1680 1858 1723 Catullus

413 1743 538 1783 citata
560 1741 749 1797 tripudia
769 1741 875 1783 dixit
891 1743 957 1796 63,
975 1743 1028 1785 26
1046 1776 1056 1798 ,
1078 1749 1124 1786 ut
1143 1747 1271 1787 citari
1284 1762 1489 1802 paeanem
1509 1746 1653 1788 Cicero
1685 1746 1737 1789 de
1768 1761 1858 1790 ora-

411 1813 501 1850 tore
524 1823 551 1858 1,
569 1809 647 1850 251
672 1811 712 1849 et
732 1809 1002 1864 z'tlzyplzallica
1022 1811 1298 1853 Terentianus
1320 1813 1490 1854 Maurus
1513 1825 1638 1855 versu
1661 1814 1767 1857 1845
1783 1846 1793 1857 .
1815 1815 1858 1856 in

411 1875 625 1917 Iuvenalis
647 1874 776 1916 satira
796 1889 836 1928 X,
853 1875 909 1917 54
927 1876 1034 1918 nihil
1055 1877 1147 1919 sani
1172 1883 1234 1919 est
1255 1883 1326 1919 aut
1347 1879 1389 1920 in
1411 1879 1475 1920 his
1493 1911 1502 1932 ,
1530 1879 1644 1935 Eryo
1664 1896 1858 1936 superva-

412 1958 490 1984 cua
511 1951 582 1983 aut
598 1942 836 1997 perniciosa
851 1951 1049 1998 petuntur
1063 1977 1074 1998 ,
1103 1949 1175 1986 aut
1195 1945 1237 1986 in
1258 1946 1448 2000 proximo
1471 1959 1618 1988 versu:
1650 1947 1858 1990 sanabun-

415 2014 481 2050 tur
511 2009 653 2050 omnia
683 2009 903 2050 scribendo
930 2011 1070 2066 Er'qo,
1103 2027 1361 2067 supervacua
1381 2021 1452 2054 aut
1471 2029 1521 2055 ne
1537 2014 1774 2068 perniciosa
1784 2031 1859 2071 pe-

412 2085 571 2130 tantur,
590 2076 766 2131 Propter
786 2077 980 2132 quaefas
1002 2086 1059 2119 est
1071 2094 1209 2134 ‚qenua
1224 2079 1411 2121 incerare
1427 2080 1592 2122 deorum
1609 2081 1628 2122 ,9
1646 2081 1690 2123 in
1705 2081 1860 2122 Tibulli

411 2158 438 2197 1,
458 2144 494 2197 7,
512 2143 563 2185 61
586 2156 707 2184 nemo
727 2155 840 2184 nunc
859 2144 1010 2197 probat
1031 2144 1143 2199 quod
1165 2145 1262 2186 libri
1284 2145 1507 2202 exhibent,
1542 2149 1596 2190 Te
1617 2149 1727 2189 canit
1747 2149 1859 2204 ayri-
1881 2163 1884 2166 ’

412 2210 503 2252 cola
517 2242 528 2263 ,
549 2225 702 2265 mayna
718 2226 807 2251 cum
828 2211 983 2252 venerit
1002 2212 1126 2253 urbe.
1148 2225 1273 2266 porro
1296 2226 1319 2254 e
1340 2213 1668 2256 consonantibus
1689 2223 1704 2255 t
1722 2214 1860 2256 littera

413 2276 548 2319 Ennio
566 2309 575 2331 ,
607 2280 653 2318 ut
683 2289 812 2331 supra
833 2276 920 2318 dixi
938 2310 947 2332 ,
970 2279 1012 2319 in
1033 2278 1115 2321 fine
1136 2279 1436 2321 vocabulorum
1459 2285 1543 2322 tam
1565 2293 1748 2322 crassum
1769 2280 1859 2323 red-

414 2344 513 2386 dere
543 2344 636 2385 visa
666 2348 729 2385 est
758 2357 932 2395 sonum,
964 2349 1009 2387 ut
1029 2349 1171 2400 posset
1191 2346 1401 2401 syllabam
1422 2347 1593 2400 longam
1623 2347 1786 2389 faeere:
1817 2347 1860 2388 in

413 2411 508 2453 aliis
531 2411 679 2452 litteris
697 2410 801 2452 haec
816 2414 974 2452 tantum
998 2412 1141 2454 inveni
1161 2445 1168 2454 .
1190 2413 1394 2468 Postilla,
1413 2430 1614 2470 germana
1634 2429 1774 2467 soror,
1799 2411 1860 2455 erss

411 2494 508 2520 rare
523 2477 692 2519 videbar
708 2493 722 2530 7·
742 2477 776 2518 O
785 2485 908 2531 pater
922 2510 933 2531 7
954 2494 975 2519 o
988 2480 1150 2534 qenz'tor
1166 2511 1175 2534 ,
1198 2495 1219 2521 o
1236 2495 1419 2535 sanyuen
1436 2480 1501 2522 dis
1516 2480 1736 2522 oriundum
1747 2496 1762 2534 5
1790 2480 1860 2523 In-

413 2555 522 2588 terea
529 2545 651 2601 fayit
671 2544 778 2584 albu⁷
799 2544 922 2585 iubar
936 2546 1186 2601 Hyperz‘oni'
1208 2562 1372 2588 cursum
1387 2563 1402 2601 ,-
1421 2547 1654 2588 Imbricicor
1668 2579 1679 2600 ,
1703 2548 1860 2603 aquilo-

414 2629 491 2669 que
511 2627 584 2653 suo
606 2611 881 2665 eumflamz'ne
901 2621 1042 2654 eontra
1057 2629 1071 2667 ,-
1096 2613 1166 2655 Sic
1193 2614 1428 2668 ewpeetabat
1438 2613 1625 2668 populus
1645 2622 1766 2670 atque
1788 2630 1863 2656 ora

415 2682 602 2722 tenebat.
623 2677 806 2720 Lucretii
839 2681 878 2719 et
898 2678 1054 2720 Lucani
1085 2679 1203 2720 nulla
1233 2679 1400 2720 omnino
1432 2683 1495 2720 est
1523 2680 1567 2721 in
1598 2679 1676 2722 hoc
1706 2693 1862 2734 genere

412 2746 585 2787 licentia
607 2777 615 2786 .
643 2744 834 2799 plerique
856 2758 940 2786 non
962 2746 1040 2787 nisi
1062 2746 1106 2787 in
1129 2746 1318 2799 legitima
1339 2758 1514 2788 caesura
1532 2747 1601 2789 vel
1622 2750 1720 2788 ante
1740 2760 1862 2790 voca-

414 2813 514 2854 bula
545 2812 709 2854 Graeca
738 2812 887 2854 breves
917 2812 1065 2854 finales
1094 2812 1384 2867 produxerunt
1407 2845 1416 2856 .
1445 2814 1504 2855 ita
1533 2813 1719 2855 Lucilius
1749 2812 1862 2867 apud

415 2879 599 2920 Nonium
626 2893 664 2932 p.
691 2879 786 2934 362,
814 2880 835 2921 7
870 2879 1012 2922 Cetera
1032 2881 1246 2922 contemnit
1269 2878 1273 2935 l
1298 2888 1334 2921 et
1353 2881 1397 2921 in
1418 2897 1547 2922 usura
1568 2881 1704 2922 omnia
1714 2881 1837 2935 ponit
1853 2911 1861 2920 .

417 2945 604 2988 Catullus
621 2956 764 2988 auctus
781 2947 1029 3003 Hymenaeo,
1046 2948 1130 2988 ‘iam
1147 2947 1304 2988 dicetur
1320 2947 1584 3002 Hymenaeus
1595 2979 1604 2988 .
1622 2946 1862 3002 Propertius
