2040 3328
437 223 520 266 262
1131 226 1190 267 IV

436 338 659 379 Tunnmn
678 350 840 382 ATQUE
863 349 974 376 mus
995 349 1184 376 ommno
1205 350 1478 378 PULSARIER
1496 352 1608 380 Ic'ru
1625 371 1634 380 .
1654 340 1746 400 Ictu
1767 341 1880 394 eius,

437 404 597 446 scilicet
626 404 735 445 aeris
763 434 773 444 .
805 402 880 444 sed
915 406 1233 457 praecesserant
1262 405 1402 445 aeriae
1430 420 1560 447 aurae
1579 438 1590 459 ,
1621 418 1759 461 neque
1795 406 1883 450 ulla

438 474 502 513 est
530 468 712 512 Lucretii
747 469 791 510 in
830 469 910 510 hoc
943 481 1098 522 genere
1135 470 1406 523 neglegentia
1427 485 1436 511 ε
1466 483 1563 521 nam
1594 472 1704 526 quod
1741 477 1804 515 est
1837 473 1882 515 in

437 552 464 591 1,
481 536 563 579 352
579 567 589 589 ,
608 536 802 578 Crescunt
822 536 991 577 arbusta
1135 568 1146 590 ‚
1164 535 1284 586 Quod
1296 537 1408 577 cibus
1428 538 1473 578 in
1493 546 1594 580 totas
1609 538 1859 594 diffunditur
1870 572 1881 593 ,

436 602 481 644 id
509 602 582 644 vix
616 601 738 643 aliter
767 601 851 643 dici
887 603 1021 656 potuit
1045 636 1056 657 ,
1086 615 1164 644 nec
1194 602 1320 644 facile
1349 592 1523 645 sentitur
1549 635 1558 658 ,
1590 617 1681 646 cum
1715 618 1798 647 non
1827 605 1883 648 sit

438 668 645 711 adiectum
675 669 720 710 in
750 684 850 710 eas.
883 682 981 722 ergo
1017 669 1283 712 scribendum
1319 669 1383 710 hic
1419 673 1482 711 est
1509 678 1629 724 atque
1657 684 1715 711 AB
1743 685 1881 727 usus,

438 736 506 778 vel
523 767 532 789 ,
555 734 592 776 si
620 733 699 776 hoo
719 735 852 777 mavis
869 767 879 790 ,
901 752 1006 791 aque
1034 738 1125 778 ibus
1147 768 1156 776 .
1184 737 1242 778 eis
1262 735 1329 778 vel
1349 737 1404 778 iis
1425 735 1587 778 duabus
1608 737 1783 791 syllabis
1803 739 1882 780 Lu-

438 802 589 844 eretius
626 814 833 855 nusquam
871 803 998 844 utitur
1025 817 1034 844 ε
1064 804 1118 844 iis
1152 802 1474 857 monosyllabon
1509 802 1606 844 libri
1634 803 1883 857 aliquotiens

440 867 662 920 exhibent,
685 868 854 921 saepius
882 869 947 910 his
963 885 977 922 ,·
1003 869 1057 910 iis
1076 872 1249 922 uterque
1271 883 1325 918 vi,
1344 868 1476 923 1212,
1500 868 1729 923 quadratus
1748 884 1808 924 111,
1829 871 1884 913 34

439 935 518 976 267
536 948 592 987 1v,
606 934 686 975 238
707 948 747 988 V,
764 934 868 975 1091
891 935 998 976 1312
1015 950 1024 989 ;
1046 935 1087 975 in
1102 949 1159 988 1v,
1174 935 1281 977 1154
1297 935 1503 988 oblongus
1518 935 1655 989 prima
1669 948 1796 978 manu
1810 938 1883 990 iis,

439 1000 668 1055 quadratus
695 1001 732 1041 is
758 1000 835 1054 (ita
854 1001 896 1041 in
918 1001 1129 1043 Aeneidos
1150 1016 1206 1055 1x,
1229 1002 1311 1043 274
1331 1001 1542 1043 Mediceus
1563 1002 1740 1058 Insuper
1759 1004 1796 1044 is
1810 1035 1821 1057 ,
1841 1003 1884 1045 in

439 1067 563 1108 Ennii
584 1079 709 1108 versu
729 1067 774 1107 Is
795 1083 950 1122 pernas
976 1067 1089 1122 apud
1117 1069 1283 1110 Festum
1302 1083 1343 1124 p.
1361 1068 1454 1123 305,
1475 1069 1526 1111 19
1545 1068 1616 1110 ubi
1642 1069 1756 1123 apud
1775 1070 1883 1112 Pau-

437 1134 523 1175 lum
539 1137 602 1175 est
615 1132 742 1187 His),
764 1133 808 1174 in
828 1147 854 1187 1,
872 1134 927 1176 80
946 1134 1176 1188 quadratus
1197 1137 1242 1177 in
1261 1137 1307 1177 hs
1327 1136 1448 1176 rebus
1469 1167 1479 1177 .
1507 1134 1582 1177 sed
1602 1135 1732 1177 isdem
1751 1148 1805 1178 ne
1820 1148 1884 1178 se-

440 1199 522 1241 mel
543 1199 712 1252 quidem
732 1200 1028 1256 membranae;
1050 1214 1178 1255 quare
1206 1214 1290 1243 non
1321 1201 1455 1243 ausim
1488 1201 1622 1244 doctis
1650 1201 1886 1245 hominibus

440 1265 668 1319 adsentiri,
692 1266 843 1320 quibus
862 1267 928 1308 -ita
957 1268 1140 1310 scribere
1169 1268 1326 1323 placuit
1355 1268 1398 1309 in
1418 1283 1460 1322 11,
1477 1269 1558 1311 693
1589 1272 1630 1310 et
1658 1269 1701 1311 in
1721 1283 1759 1323 V,
1776 1269 1858 1312 349
1874 1303 1884 1313 .

439 1334 530 1374 ibus
550 1333 592 1373 in
612 1346 655 1386 11,
673 1333 726 1374 88
752 1333 910 1388 primus
932 1338 1042 1377 recte
1064 1335 1181 1377 dedit
1202 1335 1543 1390 Havercampus,
1566 1335 1760 1389 idemque
1789 1336 1886 1378 scri-

440 1399 621 1441 bendum
652 1403 715 1440 est
743 1399 786 1440 in
815 1400 922 1442 libro
950 1415 1003 1455 v1,
1023 1401 1102 1445 755
1125 1433 1134 1444 .
1161 1401 1274 1456 apud
1304 1402 1494 1443 Plautum
1523 1403 1577 1443 iis
1605 1403 1674 1443 vel
1703 1403 1761 1444 eis
1787 1415 1886 1444 raro

440 1465 695 1519 disyllabum
715 1470 778 1508 est
806 1466 947 1520 priore
977 1468 1120 1522 brevi,
1143 1472 1187 1509 ut
1215 1468 1258 1509 in
1277 1468 1464 1510 Poenulo
1485 1483 1511 1522 1,
1533 1468 1567 1522 1,
1584 1468 1638 1511 39
1667 1468 1774 1511 Sati'
1794 1478 1888 1511 sunt

440 1534 630 1574 trecenti.
652 1532 758 1588 quid
775 1534 830 1574 iis
846 1534 1059 1589 facturu’s
1075 1537 1094 1576 52
1113 1545 1199 1577 tace
1217 1567 1225 1576 .
1248 1535 1290 1575 in
1311 1535 1514 1577 Rudentis
1538 1535 1715 1590 prologo
1737 1535 1790 1578 73
1819 1537 1887 1579 Se-

440 1599 534 1641 dent
550 1600 688 1653 eiecti,
705 1601 826 1642 navis
842 1601 1092 1655 confractast
1106 1603 1160 1644 iis
1177 1633 1185 1643 .
1203 1602 1245 1643 in
1262 1601 1508 1644 Curculione
1521 1615 1580 1655 111,
1594 1601 1619 1643 3
1634 1602 1763 1644 Dives
1777 1619 1886 1656 sum,

439 1667 482 1707 si
497 1681 578 1707 non
592 1666 720 1708 reddo
737 1667 795 1708 eis
811 1668 947 1722 quibu'
963 1668 1083 1710 debeo
1100 1700 1108 1709 .
1131 1669 1206 1710 sed
1228 1667 1515 1722 quaerendum
1534 1672 1634 1722 puto
1655 1671 1790 1711 utrum
1811 1669 1886 1711 ali-

439 1731 607 1786 quando
637 1734 734 1775 eieis
764 1732 945 1777 dixerit.
977 1738 1088 1776 certe
1119 1736 1161 1776 in
1192 1734 1472 1776 Menaechmis
1493 1748 1531 1788 V,
1553 1735 1591 1788 6,
1610 1735 1633 1776 7
1665 1735 1885 1778 Bacchiaci

439 1800 596 1854 optime
625 1799 887 1855 procedunt,
917 1802 1168 1844 Recordetur
1197 1802 1244 1843 id
1262 1834 1273 1855 ,
1295 1802 1380 1843 nili
1403 1801 1480 1856 qui
1505 1810 1599 1843 sunt
1619 1833 1631 1855 ,
1657 1801 1761 1858 quid
1789 1803 1886 1845 eiezlv

439 1867 560 1909 Preti
586 1866 704 1908 detur
733 1867 783 1908 ab
812 1869 901 1910 suis
930 1870 1012 1910 eris
1034 1899 1043 1908 .
1069 1868 1113 1909 in
1135 1868 1320 1922 Captivis
1340 1882 1383 1922 11,
1401 1868 1438 1921 2,
1456 1868 1511 1910 30
1530 1868 1755 1921 legendum
1783 1873 1885 1924 puto

442 1935 545 1975 Tum
560 1934 691 1988 iqitur
706 1935 765 1988 ei,
782 1950 902 1990 quom
918 1936 962 1976 in
979 1936 1076 1977 ez'eis
1092 1944 1207 1977 tanta
1221 1935 1400 1991 yratz'ast
1415 1943 1459 1975 ut
1466 1934 1693 1989 praedicas
1702 1967 1714 1988 ‚
1732 1935 1802 1978 ubi
1819 1948 1887 1978 ve-

439 2004 503 2042 tus
534 1999 667 2043 codex
697 2000 824 2043 habet
852 2003 897 2043 in
917 2003 1020 2044 ateis
1044 2034 1052 2043 .
1081 2001 1236 2044 ibidem
1257 2015 1315 2055 111,
1331 2000 1370 2055 4,
1387 2001 1466 2053 23,
1487 2000 1558 2042 ubi
1577 2001 1735 2044 Parcus
1755 2002 1799 2044 in
1819 2015 1887 2045 ve·

439 2071 526 2110 tere
548 2069 617 2110 liis
632 2067 700 2110 vel
721 2069 785 2110 his
805 2081 899 2111 esse
916 2069 1041 2123 dicit,
1064 2067 1262 2111 credibile
1279 2071 1341 2110 est
1362 2067 1491 2109 fuisse
1508 2068 1664 2118 Quibus
1679 2070 1891 2125 insputari

439 2135 570 2176 saluti
571 2135 667 2189 fuit
686 2143 807 2190 atque
828 2137 903 2178 eiis
918 2137 1082 2192 profuit
1103 2168 1111 2176 .
1134 2135 1312 2189 denique
1332 2136 1424 2177 ibus
1443 2135 1583 2188 priore
1605 2139 1796 2190 correpta
1825 2139 1889 2178 est

438 2202 482 2242 in
502 2214 628 2243 versu
644 2201 790 2243 Titinii
811 2202 923 2256 apud
939 2203 1119 2245 Nonium
1140 2217 1180 2258 p.
1197 2203 1294 2256 486,
1315 2202 1362 2243 17
1385 2202 1453 2242 Eu
1474 2205 1630 2244 ecastor
1650 2203 1692 2244 si
1706 2206 1888 2246 moratae

439 2269 530 2310 sitis
547 2269 691 2310 a'mbae
706 2270 784 2321 ibu'
800 2286 882 2325 pro
899 2279 943 2311 ut
958 2286 1029 2325 690
1045 2271 1227 2313 mo'ribus
1239 2285 1254 2323 ,-
1272 2269 1342 2310 ubi
1359 2267 1524 2310 codices
1540 2277 1585 2310 ut
1601 2284 1679 2324 pro
1695 2285 1766 2324 690
1782 2301 1792 2323 ,
1809 2285 1888 2324 pro

438 2343 483 2377 ut
503 2351 574 2390 690
594 2335 859 2378 Hermannus
881 2336 923 2377 in
945 2337 1156 2391 opusculis
1174 2369 1183 2390 ,
1205 2340 1315 2378 tomo
1338 2349 1364 2375 v
1384 2349 1424 2390 p.
1441 2335 1525 2377 270
1544 2365 1555 2377 .
1578 2336 1670 2377 ibus
1689 2336 1889 2389 ambigua

439 2402 670 2456 quantitate
687 2415 739 2444 ex
756 2404 986 2457 Pomponio
1008 2404 1190 2456 ibidem,
1212 2403 1334 2444 Nunc
1355 2402 1519 2457 quando
1540 2402 1710 2443 voluisti
1710 2401 1863 2456 facere
1875 2433 1886 2455 ,

425 2469 511 2524 fac
530 2470 735 2524 voluptati
751 2471 831 2510 sies
851 2469 951 2511 Ibus
972 2470 1039 2511 vel
1059 2470 1116 2510 sz’s
1139 2470 1230 2510 ibus
1250 2502 1261 2522 ,
1292 2473 1332 2511 et
1357 2469 1399 2510 in
1426 2471 1673 2522 argumento
1695 2467 1888 2522 Captivo-

438 2548 555 2589 rum,
577 2536 633 2576 Et
660 2536 705 2577 in
734 2536 826 2576 ibus
853 2537 947 2578 emit
975 2536 1072 2577 olim
1101 2537 1298 2577 amissum
1314 2536 1458 2590 filium
1480 2567 1488 2576 .
1515 2534 1655 2589 priore
1684 2534 1889 2589 producta

438 2602 481 2644 in
503 2601 751 2644 Curculione
771 2616 828 2654 1v,
846 2603 884 2656 2,
901 2603 956 2645 20
981 2602 1136 2644 Eodem
1165 2603 1298 2645 hercle
1325 2618 1395 2643 vos
1419 2617 1527 2657 pono
1549 2610 1584 2643 et
1594 2617 1706 2657 paro
1721 2617 1734 2643 .·
1746 2602 1887 2657 paris-

437 2670 551 2711 sumi
576 2670 670 2711 estis
700 2669 844 2723 bibus,
866 2670 910 2711 in
931 2669 1065 2711 Milite
1085 2684 1111 2723 1,
1133 2670 1167 2722 1,
1185 2668 1238 2710 74
1267 2669 1464 2710 Latronis
1481 2699 1491 2720 ,
1512 2669 1605 2709 ibus
1633 2667 1888 2710 denumerem

437 2735 686 2791 stipendium
699 2768 710 2788 ,
731 2735 775 2776 in
795 2736 1046 2779 Truculento
1063 2751 1090 2790 1,
1107 2736 1146 2790 2,
1167 2736 1214 2777 17
1246 2735 1351 2778 Ibist
1380 2736 1472 2777 ibus
1496 2739 1664 2790 puynae
1685 2743 1721 2777 et
1745 2734 1893 2776 virtuti

438 2803 488 2845 de
504 2803 787 2858 prdedonibvis
809 2803 1012 2860 praedam
1033 2807 1179 2859 ccipere
1201 2835 1209 2844 .
1239 2802 1281 2844 in
1301 2802 1453 2855 glossis
1474 2801 1661 2856 Placidi,
1683 2803 1727 2843 in
1748 2799 1887 2842 classi-

438 2869 497 2910 cis
524 2870 764 2912 auctoribus
787 2870 915 2924 Maii,
938 2875 1049 2912 tomo
1070 2884 1118 2911 111
1138 2883 1178 2924 p.
1194 2869 1277 2911 475
1307 2873 1348 2910 et
1375 2869 1418 2910 in
1448 2882 1492 2908 VI
1520 2882 1560 2923 p,
1577 2868 1685 2922 565,
1707 2867 1861 2909 Ibulsis
1873 2898 1884 2920 ,

439 2935 487 2977 id
517 2945 575 2978 est
604 2937 693 2978 illis
709 2953 722 2979 .·
746 2936 971 2991 legendum
1002 2940 1065 2979 est
1093 2937 1220 2990 Ibus,
1243 2936 1307 2978 his
1320 2968 1331 2990 ,
1352 2935 1401 2977 id
1427 2944 1484 2977 est
1512 2935 1600 2977 itta
1616 2966 1626 2976 .
