2040 3328
914 223 956 264 ΙΙ
1598 221 1674 263 121

192 342 344 386 barum
365 373 375 383 .
397 353 497 382 nam
527 342 624 394 post
654 338 748 381 Car.
772 337 937 381 Ludov.
961 338 1176 381 Struvium
1209 351 1291 393 ego
1323 338 1379 381 ad
1402 338 1580 394 Ulpiani
1612 351 1676 381 re-

192 411 387 466 gularum
423 408 587 450 titulum
618 421 658 462 x,
690 407 711 448 1
751 411 793 450 et
830 407 873 449 in
909 421 1023 450 novo
1064 421 1211 451 museo
1251 407 1458 450 Rhenano
1497 422 1557 461 111,
1590 407 1674 450 613

192 477 316 521 docui
337 475 532 519 venditur
553 476 684 519 vendi
700 475 852 531 hisque
873 476 1033 518 similia
1053 476 1214 532 primos
1235 490 1289 519 ex
1321 477 1384 519 eis
1416 490 1525 531 quos
1555 476 1676 518 novi-

189 559 285 589 mus
305 544 587 600 scriptoribus
605 544 840 600 Ulpianum
861 548 903 588 et
919 545 1101 587 Paulum
1122 545 1296 600 dixisse,
1317 545 1514 602 perditur
1535 548 1676 588 autem

189 629 269 672 pro
297 615 409 671 perit
439 613 612 656 omnino
642 613 807 655 nullum
828 646 837 655 .
860 612 1109 656 exciderant
1130 614 1234 656 mihi
1266 619 1355 656 tum
1386 613 1439 656 de
1470 613 1678 656 memoria

190 696 340 727 versus
363 681 560 736 Afranii,
584 695 691 736 quos
715 682 909 724 Donatus
941 681 1115 725 exhibet
1144 682 1201 724 ad
1232 682 1421 725 Terentii
1452 681 1675 736 Adelphos

190 767 250 808 111,
258 751 363 807 4‚34
378 751 440 794 ita
455 749 656 806 scriptos,
673 750 736 804 Is,
754 759 798 791 ut
813 766 1028 792 servorum
1045 759 1193 806 captus
1210 760 1290 805 est,
1306 751 1525 805 facillime
1542 751 1676 792 Domo

190 830 314 878 atque
329 828 475 862 nostra
477 819 662 876 familia
673 818 951 875 provenditur
963 835 978 873 ,·
998 818 1040 860 in
1058 818 1210 873 quibus
1228 818 1517 861 Neukirchius
1541 818 1594 860 de
1617 817 1675 860 fa-

190 889 302 932 bulis
320 887 477 943 togatis
493 901 534 943 p.
552 887 636 931 252
653 901 747 929 cum
764 887 866 929 dicit
883 901 1031 930 verum
1048 900 1144 930 esse
1151 888 1384 945 facillume
1398 888 1583 944 familia
1594 903 1677 943 pro

190 957 414 1012 venditur,
437 955 483 998 id
505 969 599 999 sese
628 955 878 1011 intellegere
909 956 1120 1011 significat
1150 956 1264 1011 quod
1297 955 1400 998 mihi
1433 960 1497 998 est
1528 955 1677 998 obscu-

191 1025 409 1068 rissimum
438 1057 447 1066 .
481 1024 648 1067 interim
679 1029 837 1068 certum
868 1031 932 1069 est
967 1039 1108 1081 neque
1139 1025 1320 1068 Afranio
1353 1025 1548 1068 venditur
1579 1037 1676 1066 con-

191 1094 366 1149 venite,
398 1105 539 1148 neque
570 1094 806 1137 vendantur
827 1095 1012 1137 Varroni
1043 1108 1183 1137 rerum
1213 1095 1468 1137 rusticarum
1489 1108 1549 1149 ιιι,
1568 1094 1606 1147 7,
1625 1095 1674 1148 9,

192 1174 333 1217 neque
355 1161 534 1204 Horatio
551 1162 750 1219 perditur
771 1196 780 1205 .
804 1163 914 1206 hunc
942 1163 1076 1218 igitur
1108 1163 1197 1206 dixi
1229 1163 1272 1205 in
1304 1176 1548 1206 sermonum
1570 1177 1614 1216 11,
1638 1163 1676 1214 6,

189 1232 246 1275 59
262 1230 487 1286 scripsisse
509 1231 649 1274 videri
665 1232 871 1288 Poryitur
892 1233 992 1275 haec
1011 1234 1116 1275 inter
1133 1233 1284 1274 miset-0
1302 1233 1378 1274 luae
1392 1249 1407 1287 ,-
1428 1232 1494 1274 eui
1517 1231 1678 1274 similli-

189 1313 306 1343 mum
335 1303 400 1342 est
431 1299 547 1354 quod
579 1298 760 1343 Ovidius
791 1300 836 1343 in
867 1301 1147 1357 metamorph.
1169 1316 1226 1355 ιν,
1254 1302 1332 1344 199
1364 1301 1500 1343 solem
1521 1301 1679 1343 Leuco-

190 1370 311 1413 thoe‘s
332 1381 480 1411 amore
508 1371 679 1423 captum
700 1369 826 1411 horas
847 1370 1058 1412 brumales
1074 1371 1320 1426 porrexisse
1340 1370 1462 1424 fingit
1483 1403 1492 1411 .
1516 1369 1592 1411 sed
1615 1382 1678 1411 re-

190 1437 359 1482 cordari
390 1436 647 1490 debebam-e
668 1437 854 1480 Lucretii
881 1451 1009 1481 versu
1037 1443 1123 1480 tam
1147 1438 1320 1481 foedam
1341 1438 1540 1481 mendam
1563 1452 1590 1481 a
1611 1451 1679 1480 me

189 1508 276 1550 iam
306 1509 406 1549 ante
438 1506 678 1562 complures
717 1521 855 1550 annos
886 1507 1100 1550 sublatam
1132 1520 1256 1563 esse3
1296 1508 1339 1549 in
1371 1521 1455 1562 quo
1488 1506 1678 1549 dubitari

189 1589 275 1619 non
312 1578 455 1632 potest
492 1575 594 1630 quin
633 1589 660 1618 a
696 1580 826 1632 poeta
862 1576 992 1620 fuerit
1032 1591 1396 1618 DISPERGITUR:
1441 1576 1520 1618 hoc
1563 1575 1676 1618 enim

189 1658 293 1687 usus
315 1647 381 1687 est
401 1643 444 1686 in
464 1657 492 1698 1,
502 1643 587 1687 309
608 1645 761 1700 111,539
783 1659 839 1700 ιν,
852 1645 936 1688 395
961 1678 969 1687 .
994 1646 1067 1688 vix
1089 1645 1267 1701 dignum
1288 1646 1428 1688 relatu
1449 1649 1513 1687 est
1545 1644 1588 1686 in
1622 1658 1676 1698 v1‚

187 1713 272 1756 593
290 1711 549 1769 quadratum
566 1712 725 1757 habere
741 1714 1040 1771 Dz'sperdz'tur,
1060 1719 1101 1758 et
1117 1714 1506 1771 Guelferbytanum
1522 1712 1678 1755 librum

187 1781 361 1825 saeculo
393 1779 560 1823 decimo
592 1782 796 1838 scripturn
833 1783 876 1824 in
907 1783 1101 1826 secunda
1130 1783 1187 1826 ad
1219 1783 1461 1827 Corinthios
1492 1781 1678 1838 epistula

184 1865 259 1906 xn,
277 1850 328 1894 15
344 1865 471 1906 super
487 1850 693 1906 inperdar
708 1865 786 1907 pro
804 1851 1016 1909 inpendat·
1032 1886 1041 1895 .
1060 1853 1146 1895 iam
1162 1866 1265 1895 vero
1283 1853 1327 1895 in
1343 1853 1440 1908 ipsa
1456 1865 1502 1894 re
1520 1851 1574 1893 de
1591 1864 1677 1906 qua

186 1922 316 1975 poeta
344 1918 462 1972 agit,
490 1932 576 1962 non
603 1920 782 1962 multum
810 1921 1014 1976 interest,
1043 1921 1291 1964 distractum
1313 1931 1371 1964 est
1391 1921 1560 1975 legatur
1583 1933 1677 1962 cum

189 1987 449 2031 membranis
487 1990 530 2029 et
558 1987 679 2030 Italis
719 1994 761 2032 et
797 1990 899 2032 olim
935 1991 1156 2046 impressis
1176 2024 1185 2040 ,
1218 1990 1383 2033 scilicet
1409 2006 1588 2043 aurum,
1620 2001 1677 2030 an

187 2056 418 2099 distractus
448 2059 612 2098 mutata
631 2058 837 2101 orationis
859 2058 1024 2115 forma,
1057 2064 1102 2102 ut
1122 2059 1328 2102 Marullus
1351 2063 1393 2102 et
1414 2058 1648 2101 Lambinus
1666 2091 1675 2112 ,

189 2124 270 2167 hoc
294 2123 422 2167 modo
442 2157 451 2179 ,
483 2125 534 2167 Ut
546 2126 596 2179 fi't
611 2128 744 2169 ubiiu
752 2144 919 2184 parvas
932 2130 1072 2184 partis
1091 2128 1348 2185 discerpitur
1363 2145 1516 2170 aurum
1531 2162 1542 2182 ,
1565 2129 1675 2170 Pur—

178 2209 300 2251 pura
311 2193 619 2252 poeniceusque
634 2196 748 2239 color
764 2196 1025 2240 clarissimu'
1047 2198 1176 2240 mztlto
1194 2197 1369 2240 Filatim
1385 2214 1478 2239 cum
1495 2196 1675 2239 distrac-

187 2271 254 2304 tus
285 2261 549 2318 disperditur
579 2265 714 2307 omnis
731 2299 740 2307 .
762 2265 876 2309 idem
897 2267 1010 2310 enim
1030 2270 1249 2322 remanet,
1283 2279 1377 2308 cum
1408 2265 1676 2321 discerpatur

188 2344 366 2386 aurum,
388 2344 624 2388 purpuram
656 2338 698 2377 et
729 2335 914 2378 colorem
944 2336 1172 2391 puniceum
1205 2335 1394 2391 dispergi
1426 2339 1467 2377 et
1498 2348 1675 2378 evanes-

185 2413 283 2444 cere
303 2415 313 2443 :
336 2399 444 2444 haec
474 2406 619 2445 autem
648 2403 760 2446 inter
789 2417 886 2447 sese
916 2418 1003 2448 non
1036 2405 1268 2448 cohaerere
1299 2408 1341 2447 et
1371 2405 1475 2447 auri
1500 2404 1676 2446 mentio-

186 2482 284 2512 nem
304 2473 476 2525 praeter
496 2485 585 2514 rem
606 2470 698 2514 fieri
721 2472 862 2528 quivis
884 2474 1136 2528 intellegere
1158 2476 1298 2528 potest
1321 2504 1329 2514 .
1360 2486 1499 2527 neque
1522 2473 1675 2517 melius

183 2538 256 2593 qui
287 2538 480 2582 fecerunt
509 2539 593 2582 duo
625 2541 842 2597 membra,
865 2547 912 2585 ut
934 2542 1175 2596 Avantius,
1207 2543 1259 2585 Ut
1277 2543 1336 2599 fit
1357 2543 1433 2585 ubi
1449 2543 1494 2584 in
1512 2559 1674 2599 parvas

181 2607 324 2663 partis
340 2606 596 2665 discerpitur
613 2626 766 2652 aurum
783 2626 796 2653 :
818 2611 916 2653 item
934 2612 1461 2668 Purpurapoeuiceusque
1477 2611 1600 2664 color,
1620 2637 1674 2640 —

184 2674 230 2716 F
226 2675 360 2717 ilatim
375 2691 469 2718 cum
484 2677 736 2721 distrahitur
750 2712 761 2733 ‚
780 2678 1044 2736 disperditur
1060 2681 1194 2723 omnis
1209 2713 1220 2734 ,
1239 2684 1315 2722 aut
1335 2684 1381 2722 ut
1397 2680 1646 2734 Naugerius
1664 2713 1673 2735 ,

185 2743 259 2798 qui
289 2743 527 2787 orationem
558 2745 640 2788 hoc
670 2746 798 2789 modo
830 2747 1052 2803 distinxit,
1083 2753 1131 2791 ut
1151 2765 1243 2791 cum
1266 2748 1495 2791 distractus
1516 2749 1577 2791 ita
1608 2762 1675 2791 ca—

182 2810 390 2869 piendum
420 2825 516 2855 esse
545 2814 787 2869 indicaret,
820 2832 912 2858 cum
944 2817 1172 2859 distractus
1203 2826 1262 2859 est
1292 2849 1300 2857 .
1333 2816 1402 2858 hic
1433 2830 1534 2859 vero
1566 2832 1675 2862 unus

183 2881 295 2924 inter
327 2894 476 2924 omnes
507 2882 804 2926 Wakefieldus
841 2888 955 2927 recte
995 2885 1173 2940 negavit
1213 2884 1267 2927 de
1299 2885 1439 2928 colore
1470 2887 1562 2929 auri
1594 2887 1675 2931 hoc

182 2963 334 2994 verum
366 2963 486 3007 esse,
521 2951 636 3007 quod
666 2951 861 3005 dicatur,
895 2965 989 2995 cum
1011 2954 1284 3010 discerpatur
1305 2967 1483 3010 aurum,
1507 2972 1674 2999 evanes-

183 3035 274 3063 cere
282 3019 498 3079 paulatim
520 3021 762 3078 stinyuique
780 3053 788 3062 .
806 3020 874 3063 hic
890 3021 1023 3077 igitur
1039 3022 1310 3067 scribendum
1329 3023 1589 3069 existimavit
1602 3027 1679 3070 ubi
