<?xml version="1.0" encoding="UTF-8"?>
<!DOCTYPE html PUBLIC "-//W3C//DTD XHTML 1.0 Transitional//EN"
    "http://www.w3.org/TR/xhtml1/DTD/xhtml1-transitional.dtd">
<html xmlns="http://www.w3.org/1999/xhtml" xml:lang="en" lang="en">
 <head>
  <title>
</title>
<meta http-equiv="Content-Type" content="text/html;charset=utf-8" />
  <meta name='ocr-system' content='tesseract 3.04.00' />
  <meta name='ocr-capabilities' content='ocr_page ocr_carea ocr_par ocr_line ocrx_word'/>
</head>
<body>
  <div class='ocr_page' id='page_1' title='image "./intlucretiicarid00lachuoft_0149.png"; bbox 0 0 2040 3328; ppageno 0'>
   <div class='ocr_carea' id='block_1_1' title="bbox 906 246 1690 290">
    <p class='ocr_par' dir='ltr' id='par_1_1' title="bbox 906 246 1690 290">
     <span class='ocr_line' id='line_1_1' title="bbox 906 246 1690 290; baseline -0.001 0"><span class='ocrx_word' id='word_1_1' title='bbox 906 246 971 290; x_wconf 92' lang='lat' dir='ltr'>III</span> <span class='ocrx_word' id='word_1_2' title='bbox 1609 246 1690 289; x_wconf 84' lang='lat'>145</span> 
     </span>
    </p>
   </div>
   <div class='ocr_carea' id='block_1_2' title="bbox 202 359 1716 3101">
    <p class='ocr_par' dir='ltr' id='par_1_2' title="bbox 202 359 1694 626">
     <span class='ocr_line' id='line_1_2' title="bbox 317 359 1692 416; baseline -0.005 -8"><span class='ocrx_word' id='word_1_3' title='bbox 317 365 386 408; x_wconf 85' lang='lat'>53.</span> <span class='ocrx_word' id='word_1_4' title='bbox 418 364 626 407; x_wconf 77' lang='lat' dir='ltr'>INFERIA</span> <span class='ocrx_word' id='word_1_5' title='bbox 670 377 895 404; x_wconf 79' lang='lat' dir='ltr'>MITTUNT</span> <span class='ocrx_word' id='word_1_6' title='bbox 918 395 927 405; x_wconf 94' lang='lat'>.</span> <span class='ocrx_word' id='word_1_7' title='bbox 959 363 1196 405; x_wconf 75' lang='lat' dir='ltr'>INFERIAS</span> <span class='ocrx_word' id='word_1_8' title='bbox 1243 364 1455 404; x_wconf 87' lang='lat' dir='ltr'>corrector</span> <span class='ocrx_word' id='word_1_9' title='bbox 1491 359 1692 416; x_wconf 86' lang='lat' dir='ltr'>quadrati</span> 
     </span>
     <span class='ocr_line' id='line_1_3' title="bbox 205 427 1693 488; baseline -0.005 -10"><span class='ocrx_word' id='word_1_10' title='bbox 205 438 247 478; x_wconf 87' lang='lat' dir='ltr'>et</span> <span class='ocrx_word' id='word_1_11' title='bbox 265 433 364 477; x_wconf 83' lang='lat' dir='ltr'>Itali</span> <span class='ocrx_word' id='word_1_12' title='bbox 386 437 429 476; x_wconf 89' lang='lat' dir='ltr'>et</span> <span class='ocrx_word' id='word_1_13' title='bbox 458 431 724 488; x_wconf 85' lang='lat' dir='ltr'>exemplaria</span> <span class='ocrx_word' id='word_1_14' title='bbox 753 431 990 487; x_wconf 89' lang='lat' dir='ltr'>impressa.</span> <span class='ocrx_word' id='word_1_15' title='bbox 1015 440 1051 474; x_wconf 78' lang='lat' dir='ltr'>et</span> <span class='ocrx_word' id='word_1_16' title='bbox 1080 434 1180 474; x_wconf 86' lang='lat' dir='ltr'>ante</span> <span class='ocrx_word' id='word_1_17' title='bbox 1210 430 1405 473; x_wconf 77' lang='lat' dir='ltr'>manibus</span> <span class='ocrx_word' id='word_1_18' title='bbox 1436 429 1591 472; x_wconf 88' lang='lat' dir='ltr'>omittit</span> <span class='ocrx_word' id='word_1_19' title='bbox 1622 427 1693 471; x_wconf 92' lang='lat' dir='ltr'>ob-</span> 
     </span>
     <span class='ocr_line' id='line_1_4' title="bbox 202 497 1694 558; baseline -0.004 -12"><span class='ocrx_word' id='word_1_20' title='bbox 202 503 376 558; x_wconf 80' lang='lat' dir='ltr'>longus3</span> <span class='ocrx_word' id='word_1_21' title='bbox 407 501 508 543; x_wconf 90' lang='lat' dir='ltr'>item</span> <span class='ocrx_word' id='word_1_22' title='bbox 530 500 630 543; x_wconf 89' lang='lat' dir='ltr'>olim</span> <span class='ocrx_word' id='word_1_23' title='bbox 651 500 867 556; x_wconf 80' lang='lat' dir='ltr'><strong>impressi,</strong></span> <span class='ocrx_word' id='word_1_24' title='bbox 899 500 974 555; x_wconf 91' lang='lat' dir='ltr'>qui</span> <span class='ocrx_word' id='word_1_25' title='bbox 995 499 1155 543; x_wconf 88' lang='lat' dir='ltr'>habent</span> <span class='ocrx_word' id='word_1_26' title='bbox 1174 500 1451 556; x_wconf 78' lang='lat' dir='ltr'>manibusque</span> <span class='ocrx_word' id='word_1_27' title='bbox 1481 497 1694 554; x_wconf 73' lang='lat' dir='ltr'>divisque.-</span> 
     </span>
     <span class='ocr_line' id='line_1_5' title="bbox 204 569 1103 626; baseline -0.003 -12"><span class='ocrx_word' id='word_1_28' title='bbox 204 570 415 614; x_wconf 86' lang='lat' dir='ltr'>Antonius</span> <span class='ocrx_word' id='word_1_29' title='bbox 447 570 572 613; x_wconf 83' lang='lat' dir='ltr'>Marii</span> <span class='ocrx_word' id='word_1_30' title='bbox 603 586 709 626; x_wconf 82' lang='lat' dir='ltr'>quas</span> <span class='ocrx_word' id='word_1_31' title='bbox 739 570 933 612; x_wconf 73' lang='lat' dir='ltr'>manibus·</span> <span class='ocrx_word' id='word_1_32' title='bbox 964 569 1076 612; x_wconf 74' lang='lat' dir='ltr'>divis</span> <span class='ocrx_word' id='word_1_33' title='bbox 1094 602 1103 611; x_wconf 92' lang='lat'><strong><em>.</em></strong></span> 
     </span>
    </p>

    <p class='ocr_par' dir='ltr' id='par_1_3' title="bbox 204 639 1703 1588">
     <span class='ocr_line' id='line_1_6' title="bbox 317 639 1693 683; baseline -0.005 0"><span class='ocrx_word' id='word_1_34' title='bbox 317 640 387 683; x_wconf 82' lang='lat'>57.</span> <span class='ocrx_word' id='word_1_35' title='bbox 420 639 536 681; x_wconf 75' lang='grc' dir='ltr'>ΝΛΜ</span> <span class='ocrx_word' id='word_1_36' title='bbox 572 652 698 679; x_wconf 83' lang='lat' dir='ltr'>VERE</span> <span class='ocrx_word' id='word_1_37' title='bbox 738 652 893 679; x_wconf 90' lang='lat' dir='ltr'>vocEs</span> <span class='ocrx_word' id='word_1_38' title='bbox 924 651 1022 679; x_wconf 81' lang='lat' dir='ltr'>TUM</span> <span class='ocrx_word' id='word_1_39' title='bbox 1052 651 1226 679; x_wconf 82' lang='lat' dir='ltr'>DEMUM</span> <span class='ocrx_word' id='word_1_40' title='bbox 1255 651 1484 678; x_wconf 77' lang='lat' dir='ltr'>PECTORE</span> <span class='ocrx_word' id='word_1_41' title='bbox 1516 650 1576 678; x_wconf 83' lang='lat' dir='ltr'>AB</span> <span class='ocrx_word' id='word_1_42' title='bbox 1607 649 1693 676; x_wconf 84' lang='lat' dir='ltr'>IMO</span> 
     </span>
     <span class='ocr_line' id='line_1_7' title="bbox 206 706 1694 763; baseline -0.002 -12"><span class='ocrx_word' id='word_1_43' title='bbox 206 711 544 763; x_wconf 77' lang='lat' dir='ltr'>EmcmNTUR,</span> <span class='ocrx_word' id='word_1_44' title='bbox 576 721 814 748; x_wconf 82' lang='lat' dir='ltr'>ERIPITUR</span> <span class='ocrx_word' id='word_1_45' title='bbox 843 720 1068 748; x_wconf 80' lang='lat' dir='ltr'>PERSONA</span> <span class='ocrx_word' id='word_1_46' title='bbox 1098 721 1331 749; x_wconf 80' lang='lat' dir='ltr'>MANARE.</span> <span class='ocrx_word' id='word_1_47' title='bbox 1355 706 1576 749; x_wconf 76' lang='lat' dir='ltr'>Elicz&#39;endi</span> <span class='ocrx_word' id='word_1_48' title='bbox 1601 718 1694 748; x_wconf 86' lang='lat' dir='ltr'>ver-</span> 
     </span>
     <span class='ocr_line' id='line_1_8' title="bbox 204 774 1695 831; baseline -0.004 -9"><span class='ocrx_word' id='word_1_49' title='bbox 204 779 305 822; x_wconf 92' lang='lat' dir='ltr'>bum</span> <span class='ocrx_word' id='word_1_50' title='bbox 336 777 405 819; x_wconf 88' lang='lat' dir='ltr'>hic</span> <span class='ocrx_word' id='word_1_51' title='bbox 435 776 607 831; x_wconf 92' lang='lat' dir='ltr'>quidem</span> <span class='ocrx_word' id='word_1_52' title='bbox 637 776 739 819; x_wconf 90' lang='lat' dir='ltr'>ferri</span> <span class='ocrx_word' id='word_1_53' title='bbox 770 779 936 831; x_wconf 90' lang='lat' dir='ltr'>potest,</span> <span class='ocrx_word' id='word_1_54' title='bbox 970 779 1118 818; x_wconf 85' lang='lat' dir='ltr'>contra</span> <span class='ocrx_word' id='word_1_55' title='bbox 1147 776 1192 817; x_wconf 89' lang='lat' dir='ltr'>in</span> <span class='ocrx_word' id='word_1_56' title='bbox 1223 788 1352 818; x_wconf 89' lang='lat' dir='ltr'>versu</span> <span class='ocrx_word' id='word_1_57' title='bbox 1378 775 1460 818; x_wconf 85' lang='lat'>497</span> <span class='ocrx_word' id='word_1_58' title='bbox 1495 774 1549 817; x_wconf 93' lang='lat' dir='ltr'>de</span> <span class='ocrx_word' id='word_1_59' title='bbox 1571 774 1695 816; x_wconf 89' lang='lat' dir='ltr'>semi-</span> 
     </span>
     <span class='ocr_line' id='line_1_9' title="bbox 204 842 1696 899; baseline -0.004 -8"><span class='ocrx_word' id='word_1_60' title='bbox 204 848 330 892; x_wconf 88' lang='lat' dir='ltr'>nibus</span> <span class='ocrx_word' id='word_1_61' title='bbox 358 846 474 890; x_wconf 88' lang='lat' dir='ltr'>vocis</span> <span class='ocrx_word' id='word_1_62' title='bbox 497 846 636 887; x_wconf 89' lang='lat' dir='ltr'>locum</span> <span class='ocrx_word' id='word_1_63' title='bbox 657 857 742 886; x_wconf 90' lang='lat' dir='ltr'>non</span> <span class='ocrx_word' id='word_1_64' title='bbox 765 843 894 886; x_wconf 87' lang='lat' dir='ltr'>habet</span> <span class='ocrx_word' id='word_1_65' title='bbox 911 876 920 885; x_wconf 91' lang='lat'><em>.</em></span> <span class='ocrx_word' id='word_1_66' title='bbox 943 857 1080 899; x_wconf 88' lang='lat' dir='ltr'>neque</span> <span class='ocrx_word' id='word_1_67' title='bbox 1102 844 1254 898; x_wconf 84' lang='lat' dir='ltr'>negari</span> <span class='ocrx_word' id='word_1_68' title='bbox 1277 842 1405 886; x_wconf 90' lang='lat' dir='ltr'>debet</span> <span class='ocrx_word' id='word_1_69' title='bbox 1426 843 1494 886; x_wconf 89' lang='lat' dir='ltr'>hic</span> <span class='ocrx_word' id='word_1_70' title='bbox 1526 855 1696 899; x_wconf 90' lang='lat' dir='ltr'>quoque</span> 
     </span>
     <span class='ocr_line' id='line_1_10' title="bbox 207 912 1696 972; baseline -0.003 -13"><span class='ocrx_word' id='word_1_71' title='bbox 207 915 445 972; x_wconf 79' lang='lat' dir='ltr'>simplicius</span> <span class='ocrx_word' id='word_1_72' title='bbox 482 918 523 956; x_wconf 92' lang='lat' dir='ltr'>et</span> <span class='ocrx_word' id='word_1_73' title='bbox 552 913 749 956; x_wconf 88' lang='lat' dir='ltr'>Lucretio</span> <span class='ocrx_word' id='word_1_74' title='bbox 789 912 928 967; x_wconf 87' lang='lat' dir='ltr'>magis</span> <span class='ocrx_word' id='word_1_75' title='bbox 962 913 1223 956; x_wconf 84' lang='lat' dir='ltr'>conveniens</span> <span class='ocrx_word' id='word_1_76' title='bbox 1255 925 1350 955; x_wconf 87' lang='lat' dir='ltr'>esse</span> <span class='ocrx_word' id='word_1_77' title='bbox 1382 912 1696 954; x_wconf 72' lang='lat' dir='ltr'>EmmNTnn.</span> 
     </span>
     <span class='ocr_line' id='line_1_11' title="bbox 205 981 1694 1040; baseline -0.003 -12"><span class='ocrx_word' id='word_1_78' title='bbox 205 986 350 1040; x_wconf 90' lang='lat' dir='ltr'>itaque</span> <span class='ocrx_word' id='word_1_79' title='bbox 371 997 466 1026; x_wconf 87' lang='lat' dir='ltr'>cum</span> <span class='ocrx_word' id='word_1_80' title='bbox 487 983 542 1024; x_wconf 92' lang='lat' dir='ltr'>M.</span> <span class='ocrx_word' id='word_1_81' title='bbox 564 983 615 1024; x_wconf 91' lang='lat' dir='ltr'>A.</span> <span class='ocrx_word' id='word_1_82' title='bbox 639 982 829 1024; x_wconf 88' lang='lat' dir='ltr'>Muretus</span> <span class='ocrx_word' id='word_1_83' title='bbox 850 981 1071 1024; x_wconf 85' lang='lat' dir='ltr'>variarum</span> <span class='ocrx_word' id='word_1_84' title='bbox 1091 981 1321 1024; x_wconf 89' lang='lat' dir='ltr'>lectionum</span> <span class='ocrx_word' id='word_1_85' title='bbox 1342 981 1452 1024; x_wconf 89' lang='lat' dir='ltr'>libro</span> <span class='ocrx_word' id='word_1_86' title='bbox 1474 996 1505 1022; x_wconf 86' lang='lat'>11</span> <span class='ocrx_word' id='word_1_87' title='bbox 1527 994 1621 1036; x_wconf 82' lang='lat' dir='ltr'>cap.</span> <span class='ocrx_word' id='word_1_88' title='bbox 1644 981 1694 1023; x_wconf 83' lang='lat'>17</span> 
     </span>
     <span class='ocr_line' id='line_1_12' title="bbox 207 1049 1698 1106; baseline -0.003 -9"><span class='ocrx_word' id='word_1_89' title='bbox 207 1054 254 1096; x_wconf 93' lang='lat' dir='ltr'>in</span> <span class='ocrx_word' id='word_1_90' title='bbox 285 1051 503 1097; x_wconf 80' lang='lat' dir='ltr'>Ciceronis</span> <span class='ocrx_word' id='word_1_91' title='bbox 525 1050 733 1094; x_wconf 82' lang='lat' dir='ltr'>Caeliana</span> <span class='ocrx_word' id='word_1_92' title='bbox 759 1050 827 1106; x_wconf 82' lang='lat'>24,</span> <span class='ocrx_word' id='word_1_93' title='bbox 850 1051 906 1093; x_wconf 82' lang='lat'>60</span> <span class='ocrx_word' id='word_1_94' title='bbox 937 1051 1097 1106; x_wconf 90' lang='lat' dir='ltr'>optime</span> <span class='ocrx_word' id='word_1_95' title='bbox 1128 1049 1309 1093; x_wconf 82' lang='lat' dir='ltr'>dixisset</span> <span class='ocrx_word' id='word_1_96' title='bbox 1338 1049 1570 1104; x_wconf 85' lang='lat' dir='ltr'>legendum</span> <span class='ocrx_word' id='word_1_97' title='bbox 1604 1062 1698 1092; x_wconf 88' lang='lat' dir='ltr'>esse</span> 
     </span>
     <span class='ocr_line' id='line_1_13' title="bbox 208 1117 1698 1177; baseline -0.004 -12"><span class='ocrx_word' id='word_1_98' title='bbox 208 1123 358 1165; x_wconf 73' lang='lat' dir='ltr'>Nonne</span> <span class='ocrx_word' id='word_1_99' title='bbox 378 1122 515 1177; x_wconf 76' lang='lat' dir='ltr'>ipsam</span> <span class='ocrx_word' id='word_1_100' title='bbox 538 1119 704 1161; x_wconf 81' lang='lat' dir='ltr'>domum</span> <span class='ocrx_word' id='word_1_101' title='bbox 733 1128 882 1161; x_wconf 73' lang='lat' dir='ltr'>metuet</span> <span class='ocrx_word' id='word_1_102' title='bbox 896 1152 907 1174; x_wconf 85' lang='lat'><em>‚</em></span> <span class='ocrx_word' id='word_1_103' title='bbox 939 1136 990 1161; x_wconf 69' lang='lat' dir='ltr'>oze</span> <span class='ocrx_word' id='word_1_104' title='bbox 1011 1135 1138 1175; x_wconf 82' lang='lat' dir='ltr'>quam</span> <span class='ocrx_word' id='word_1_105' title='bbox 1158 1135 1295 1161; x_wconf 82' lang='lat' dir='ltr'>vocem</span> <span class='ocrx_word' id='word_1_106' title='bbox 1323 1119 1472 1173; x_wconf 74' lang='lat' dir='ltr'>eiciat,</span> <span class='ocrx_word' id='word_1_107' title='bbox 1496 1117 1698 1162; x_wconf 85' lang='lat' dir='ltr'>Gifanius</span> 
     </span>
     <span class='ocr_line' id='line_1_14' title="bbox 210 1186 1698 1244; baseline -0.003 -11"><span class='ocrx_word' id='word_1_108' title='bbox 210 1191 255 1233; x_wconf 90' lang='lat' dir='ltr'>in</span> <span class='ocrx_word' id='word_1_109' title='bbox 284 1195 466 1244; x_wconf 90' lang='lat' dir='ltr'>utroque</span> <span class='ocrx_word' id='word_1_110' title='bbox 497 1187 683 1230; x_wconf 88' lang='lat' dir='ltr'>Lucretii</span> <span class='ocrx_word' id='word_1_111' title='bbox 714 1201 841 1231; x_wconf 90' lang='lat' dir='ltr'>versu</span> <span class='ocrx_word' id='word_1_112' title='bbox 873 1187 991 1230; x_wconf 81' lang='lat' dir='ltr'>dedit</span> <span class='ocrx_word' id='word_1_113' title='bbox 1011 1188 1283 1242; x_wconf 72' lang='lat' dir='ltr'>Eic’cz‘untur‚</span> <span class='ocrx_word' id='word_1_114' title='bbox 1316 1187 1468 1230; x_wconf 85' lang='lat' dir='ltr'>Mureti</span> <span class='ocrx_word' id='word_1_115' title='bbox 1501 1186 1698 1230; x_wconf 90' lang='lat' dir='ltr'>emenda-</span> 
     </span>
     <span class='ocr_line' id='line_1_15' title="bbox 209 1255 1700 1311; baseline -0.003 -9"><span class='ocrx_word' id='word_1_116' title='bbox 209 1260 370 1302; x_wconf 89' lang='lat' dir='ltr'>tionem</span> <span class='ocrx_word' id='word_1_117' title='bbox 390 1257 502 1299; x_wconf 88' lang='lat' dir='ltr'>falso</span> <span class='ocrx_word' id='word_1_118' title='bbox 524 1256 775 1299; x_wconf 84' lang='lat' dir='ltr'>adscribens</span> <span class='ocrx_word' id='word_1_119' title='bbox 796 1256 1005 1299; x_wconf 90' lang='lat' dir='ltr'>Lambino</span> <span class='ocrx_word' id='word_1_120' title='bbox 1024 1288 1033 1310; x_wconf 96' lang='lat'>,</span> <span class='ocrx_word' id='word_1_121' title='bbox 1064 1255 1134 1310; x_wconf 90' lang='lat' dir='ltr'>qui</span> <span class='ocrx_word' id='word_1_122' title='bbox 1158 1269 1254 1298; x_wconf 90' lang='lat' dir='ltr'>eam</span> <span class='ocrx_word' id='word_1_123' title='bbox 1275 1256 1430 1299; x_wconf 86' lang='lat' dir='ltr'>acerbe</span> <span class='ocrx_word' id='word_1_124' title='bbox 1452 1256 1700 1311; x_wconf 82' lang='lat' dir='ltr'>exagitave-</span> 
     </span>
     <span class='ocr_line' id='line_1_16' title="bbox 211 1324 1700 1380; baseline -0.003 -10"><span class='ocrx_word' id='word_1_125' title='bbox 211 1331 305 1370; x_wconf 85' lang='lat' dir='ltr'>rat.</span> <span class='ocrx_word' id='word_1_126' title='bbox 327 1325 426 1368; x_wconf 88' lang='lat' dir='ltr'>hinc</span> <span class='ocrx_word' id='word_1_127' title='bbox 447 1325 708 1380; x_wconf 85' lang='lat' dir='ltr'>Lambinus,</span> <span class='ocrx_word' id='word_1_128' title='bbox 741 1324 915 1366; x_wconf 86' lang='lat' dir='ltr'>tandem</span> <span class='ocrx_word' id='word_1_129' title='bbox 942 1324 1114 1367; x_wconf 85' lang='lat' dir='ltr'>veritati</span> <span class='ocrx_word' id='word_1_130' title='bbox 1136 1325 1378 1369; x_wconf 88' lang='lat' dir='ltr'>concedens</span> <span class='ocrx_word' id='word_1_131' title='bbox 1394 1360 1405 1380; x_wconf 85' lang='lat'><em>‚</em></span> <span class='ocrx_word' id='word_1_132' title='bbox 1438 1338 1523 1367; x_wconf 90' lang='lat' dir='ltr'>non</span> <span class='ocrx_word' id='word_1_133' title='bbox 1555 1328 1700 1366; x_wconf 88' lang='lat' dir='ltr'>tamen</span> 
     </span>
     <span class='ocr_line' id='line_1_17' title="bbox 212 1392 1701 1447; baseline -0.004 -8"><span class='ocrx_word' id='word_1_134' title='bbox 212 1394 431 1439; x_wconf 83' lang='lat' dir='ltr'>Gifanium</span> <span class='ocrx_word' id='word_1_135' title='bbox 461 1393 539 1436; x_wconf 92' lang='lat' dir='ltr'>sed</span> <span class='ocrx_word' id='word_1_136' title='bbox 571 1393 709 1436; x_wconf 75' lang='lat' dir='ltr'>doctos</span> <span class='ocrx_word' id='word_1_137' title='bbox 742 1393 802 1435; x_wconf 90' lang='lat' dir='ltr'>ita</span> <span class='ocrx_word' id='word_1_138' title='bbox 833 1392 1063 1447; x_wconf 84' lang='lat' dir='ltr'>legendum</span> <span class='ocrx_word' id='word_1_139' title='bbox 1095 1393 1343 1436; x_wconf 83' lang='lat' dir='ltr'>existimare</span> <span class='ocrx_word' id='word_1_140' title='bbox 1374 1392 1550 1435; x_wconf 89' lang='lat' dir='ltr'>scribit.</span> <span class='ocrx_word' id='word_1_141' title='bbox 1574 1404 1701 1447; x_wconf 91' lang='lat' dir='ltr'>porro</span> 
     </span>
     <span class='ocr_line' id='line_1_18' title="bbox 212 1461 1703 1518; baseline -0.003 -11"><span class='ocrx_word' id='word_1_142' title='bbox 212 1465 282 1507; x_wconf 87' lang='lat' dir='ltr'>hic</span> <span class='ocrx_word' id='word_1_143' title='bbox 302 1463 400 1506; x_wconf 85' lang='lat' dir='ltr'>Itali</span> <span class='ocrx_word' id='word_1_144' title='bbox 422 1466 464 1505; x_wconf 85' lang='lat' dir='ltr'>et</span> <span class='ocrx_word' id='word_1_145' title='bbox 485 1462 587 1504; x_wconf 92' lang='lat' dir='ltr'>olim</span> <span class='ocrx_word' id='word_1_146' title='bbox 618 1461 816 1517; x_wconf 88' lang='lat' dir='ltr'>impressi</span> <span class='ocrx_word' id='word_1_147' title='bbox 846 1475 905 1502; x_wconf 85' lang='lat' dir='ltr'>ET</span> <span class='ocrx_word' id='word_1_148' title='bbox 938 1462 1146 1518; x_wconf 75' lang='lat' dir='ltr'>eripitur:</span> <span class='ocrx_word' id='word_1_149' title='bbox 1176 1466 1265 1504; x_wconf 89' lang='lat' dir='ltr'>tum</span> <span class='ocrx_word' id='word_1_150' title='bbox 1296 1462 1427 1504; x_wconf 90' lang='lat' dir='ltr'>iidem</span> <span class='ocrx_word' id='word_1_151' title='bbox 1454 1461 1552 1504; x_wconf 88' lang='lat' dir='ltr'>Itali</span> <span class='ocrx_word' id='word_1_152' title='bbox 1585 1473 1703 1516; x_wconf 89' lang='lat' dir='ltr'>egre-</span> 
     </span>
     <span class='ocr_line' id='line_1_19' title="bbox 213 1533 622 1588; baseline -0.007 -12"><span class='ocrx_word' id='word_1_153' title='bbox 213 1533 285 1588; x_wconf 87' lang='lat' dir='ltr'>gie</span> <span class='ocrx_word' id='word_1_154' title='bbox 314 1545 478 1573; x_wconf 78' lang='lat' dir='ltr'>MANET</span> <span class='ocrx_word' id='word_1_155' title='bbox 510 1545 622 1573; x_wconf 81' lang='lat' dir='ltr'>RES.</span> 
     </span>
    </p>

    <p class='ocr_par' dir='ltr' id='par_1_4' title="bbox 329 1598 1616 1644">
     <span class='ocr_line' id='line_1_20' title="bbox 329 1598 1616 1644; baseline -0.002 0"><span class='ocrx_word' id='word_1_156' title='bbox 329 1601 396 1644; x_wconf 82' lang='lat'>62.</span> <span class='ocrx_word' id='word_1_157' title='bbox 427 1613 717 1642; x_wconf 79' lang='lat' dir='ltr'>PRESTANTE</span> <span class='ocrx_word' id='word_1_158' title='bbox 749 1613 972 1641; x_wconf 81' lang='lat' dir='ltr'>TABORE.</span> <span class='ocrx_word' id='word_1_159' title='bbox 994 1598 1106 1642; x_wconf 88' lang='lat' dir='ltr'>Vide</span> <span class='ocrx_word' id='word_1_160' title='bbox 1136 1598 1236 1641; x_wconf 89' lang='lat' dir='ltr'>libri</span> <span class='ocrx_word' id='word_1_161' title='bbox 1267 1613 1301 1640; x_wconf 93' lang='lat'>11</span> <span class='ocrx_word' id='word_1_162' title='bbox 1329 1613 1501 1643; x_wconf 84' lang='lat' dir='ltr'>versum</span> <span class='ocrx_word' id='word_1_163' title='bbox 1536 1599 1616 1642; x_wconf 79' lang='lat'>12.</span> 
     </span>
    </p>

    <p class='ocr_par' dir='ltr' id='par_1_5' title="bbox 215 1668 1704 1862">
     <span class='ocr_line' id='line_1_21' title="bbox 329 1668 1704 1713; baseline -0.002 0"><span class='ocrx_word' id='word_1_164' title='bbox 329 1671 397 1713; x_wconf 88' lang='grc'>66.</span> <span class='ocrx_word' id='word_1_165' title='bbox 430 1684 672 1711; x_wconf 82' lang='lat' dir='ltr'>vaTUR.</span> <span class='ocrx_word' id='word_1_166' title='bbox 695 1670 825 1712; x_wconf 84' lang='lat' dir='ltr'>Recte</span> <span class='ocrx_word' id='word_1_167' title='bbox 846 1668 1082 1712; x_wconf 84' lang='lat' dir='ltr'>Lambinus</span> <span class='ocrx_word' id='word_1_168' title='bbox 1105 1682 1386 1711; x_wconf 80' lang='lat' dir='ltr'>VIDENTUR:</span> <span class='ocrx_word' id='word_1_169' title='bbox 1418 1682 1519 1711; x_wconf 85' lang='lat' dir='ltr'>nam</span> <span class='ocrx_word' id='word_1_170' title='bbox 1539 1668 1704 1711; x_wconf 80' lang='lat' dir='ltr'>Semota</span> 
     </span>
     <span class='ocr_line' id='line_1_22' title="bbox 215 1737 1701 1794; baseline -0.002 -12"><span class='ocrx_word' id='word_1_171' title='bbox 215 1743 281 1782; x_wconf 83' lang='lat' dir='ltr'>est</span> <span class='ocrx_word' id='word_1_172' title='bbox 301 1738 440 1782; x_wconf 83' lang='lat' dir='ltr'>neutri</span> <span class='ocrx_word' id='word_1_173' title='bbox 460 1739 633 1793; x_wconf 84' lang='lat' dir='ltr'>generis</span> <span class='ocrx_word' id='word_1_174' title='bbox 655 1772 665 1794; x_wconf 90' lang='lat'>,</span> <span class='ocrx_word' id='word_1_175' title='bbox 697 1739 935 1781; x_wconf 71' lang='lat' dir='ltr'>cunctarier</span> <span class='ocrx_word' id='word_1_176' title='bbox 956 1742 1099 1780; x_wconf 82' lang='lat' dir='ltr'>autem</span> <span class='ocrx_word' id='word_1_177' title='bbox 1131 1750 1209 1793; x_wconf 88' lang='lat' dir='ltr'>pro</span> <span class='ocrx_word' id='word_1_178' title='bbox 1242 1737 1512 1781; x_wconf 80' lang='lat' dir='ltr'>substantivo</span> <span class='ocrx_word' id='word_1_179' title='bbox 1535 1745 1701 1780; x_wconf 75' lang='lat' dir='ltr'>cuncta-</span> 
     </span>
     <span class='ocr_line' id='line_1_23' title="bbox 215 1806 1172 1862; baseline -0.002 -11"><span class='ocrx_word' id='word_1_180' title='bbox 215 1809 299 1862; x_wconf 78' lang='lat' dir='ltr'>tio,</span> <span class='ocrx_word' id='word_1_181' title='bbox 331 1807 385 1850; x_wconf 91' lang='lat' dir='ltr'>de</span> <span class='ocrx_word' id='word_1_182' title='bbox 415 1820 498 1862; x_wconf 89' lang='lat' dir='ltr'>quo</span> <span class='ocrx_word' id='word_1_183' title='bbox 530 1806 672 1850; x_wconf 86' lang='lat' dir='ltr'>dicam</span> <span class='ocrx_word' id='word_1_184' title='bbox 703 1807 760 1849; x_wconf 91' lang='lat' dir='ltr'>ad</span> <span class='ocrx_word' id='word_1_185' title='bbox 790 1807 946 1849; x_wconf 89' lang='lat' dir='ltr'>librum</span> <span class='ocrx_word' id='word_1_186' title='bbox 978 1821 1035 1861; x_wconf 89' lang='lat' dir='ltr'>1v,</span> <span class='ocrx_word' id='word_1_187' title='bbox 1059 1806 1144 1848; x_wconf 79' lang='grc'>244</span> <span class='ocrx_word' id='word_1_188' title='bbox 1162 1839 1172 1849; x_wconf 90' lang='grc'><em>.</em></span> 
     </span>
    </p>

    <p class='ocr_par' dir='ltr' id='par_1_6' title="bbox 217 1874 1706 2000">
     <span class='ocr_line' id='line_1_24' title="bbox 333 1874 1706 1931; baseline 0 -13"><span class='ocrx_word' id='word_1_189' title='bbox 333 1876 400 1918; x_wconf 81' lang='grc'>72.</span> <span class='ocrx_word' id='word_1_190' title='bbox 431 1889 480 1916; x_wconf 74' lang='lat' dir='ltr'>m</span> <span class='ocrx_word' id='word_1_191' title='bbox 501 1890 665 1917; x_wconf 82' lang='lat' dir='ltr'>TR1ST1</span> <span class='ocrx_word' id='word_1_192' title='bbox 691 1890 887 1917; x_wconf 77' lang='lat' dir='ltr'>FUNERE</span> <span class='ocrx_word' id='word_1_193' title='bbox 918 1890 1143 1916; x_wconf 79' lang='lat' dir='ltr'>FRATRES</span> <span class='ocrx_word' id='word_1_194' title='bbox 1163 1909 1172 1918; x_wconf 91' lang='lat'><strong>.</strong></span> <span class='ocrx_word' id='word_1_195' title='bbox 1195 1874 1323 1931; x_wconf 92' lang='lat' dir='ltr'>Apud</span> <span class='ocrx_word' id='word_1_196' title='bbox 1346 1874 1609 1918; x_wconf 88' lang='lat' dir='ltr'>Macrobium</span> <span class='ocrx_word' id='word_1_197' title='bbox 1631 1874 1706 1918; x_wconf 85' lang='lat' dir='ltr'>Sa-</span> 
     </span>
     <span class='ocr_line' id='line_1_25' title="bbox 217 1944 1187 2000; baseline -0.001 -13"><span class='ocrx_word' id='word_1_198' title='bbox 217 1950 328 1989; x_wconf 80' lang='lat' dir='ltr'>turn.</span> <span class='ocrx_word' id='word_1_199' title='bbox 359 1959 417 2000; x_wconf 82' lang='lat' dir='ltr'>vl,</span> <span class='ocrx_word' id='word_1_200' title='bbox 449 1944 475 1986; x_wconf 79' lang='lat'>2</span> <span class='ocrx_word' id='word_1_201' title='bbox 505 1959 742 2000; x_wconf 75' lang='lat' dir='ltr'>FRATRIS,</span> <span class='ocrx_word' id='word_1_202' title='bbox 774 1945 920 1999; x_wconf 85' lang='lat' dir='ltr'>itaque</span> <span class='ocrx_word' id='word_1_203' title='bbox 951 1944 1187 1986; x_wconf 87' lang='lat' dir='ltr'>Marullus.</span> 
     </span>
    </p>

    <p class='ocr_par' dir='ltr' id='par_1_7' title="bbox 219 2013 1710 2467">
     <span class='ocr_line' id='line_1_26' title="bbox 333 2013 1708 2056; baseline 0 -1"><span class='ocrx_word' id='word_1_204' title='bbox 333 2013 401 2055; x_wconf 72' lang='lat'>78.</span> <span class='ocrx_word' id='word_1_205' title='bbox 433 2014 720 2055; x_wconf 78' lang='lat' dir='ltr'>INTEREUNT</span> <span class='ocrx_word' id='word_1_206' title='bbox 755 2027 944 2054; x_wconf 81' lang='lat' dir='ltr'>PARTIM</span> <span class='ocrx_word' id='word_1_207' title='bbox 983 2027 1175 2054; x_wconf 82' lang='lat' dir='ltr'>STATUM</span> <span class='ocrx_word' id='word_1_208' title='bbox 1211 2027 1268 2053; x_wconf 79' lang='lat' dir='ltr'>ET</span> <span class='ocrx_word' id='word_1_209' title='bbox 1306 2026 1512 2054; x_wconf 84' lang='lat' dir='ltr'>NOMINIS</span> <span class='ocrx_word' id='word_1_210' title='bbox 1551 2027 1678 2054; x_wconf 84' lang='lat' dir='ltr'>ERGO</span> <span class='ocrx_word' id='word_1_211' title='bbox 1698 2046 1708 2056; x_wconf 89' lang='lat'><strong>.</strong></span> 
     </span>
     <span class='ocr_line' id='line_1_27' title="bbox 219 2081 1708 2137; baseline 0 -13"><span class='ocrx_word' id='word_1_212' title='bbox 219 2081 383 2124; x_wconf 84' lang='lat' dir='ltr'>Eximie</span> <span class='ocrx_word' id='word_1_213' title='bbox 414 2081 514 2123; x_wconf 88' lang='lat' dir='ltr'>Itali</span> <span class='ocrx_word' id='word_1_214' title='bbox 543 2081 629 2123; x_wconf 90' lang='lat' dir='ltr'>iam</span> <span class='ocrx_word' id='word_1_215' title='bbox 660 2086 760 2124; x_wconf 91' lang='lat' dir='ltr'>ante</span> <span class='ocrx_word' id='word_1_216' title='bbox 788 2082 1018 2124; x_wconf 88' lang='lat' dir='ltr'>Marullum</span> <span class='ocrx_word' id='word_1_217' title='bbox 1049 2096 1345 2123; x_wconf 82' lang='lat' dir='ltr'>STATUARUM</span> <span class='ocrx_word' id='word_1_218' title='bbox 1365 2114 1375 2124; x_wconf 93' lang='lat'><strong>.</strong></span> <span class='ocrx_word' id='word_1_219' title='bbox 1397 2081 1475 2124; x_wconf 90' lang='lat' dir='ltr'>has</span> <span class='ocrx_word' id='word_1_220' title='bbox 1496 2081 1708 2137; x_wconf 89' lang='lat' dir='ltr'>Epicurus</span> 
     </span>
     <span class='ocr_line' id='line_1_28' title="bbox 220 2143 1709 2209; baseline 0.001 -18"><span class='ocrx_word' id='word_1_221' title='bbox 220 2150 390 2192; x_wconf 87' lang='lat' dir='ltr'>dicebat</span> <span class='ocrx_word' id='word_1_222' title='bbox 409 2145 660 2203; x_wconf 75' lang='grc' dir='ltr'><strong><em>ἐπιθυμίας</em></strong></span> <span class='ocrx_word' id='word_1_223' title='bbox 682 2143 783 2192; x_wconf 65' lang='grc' dir='ltr'><em>οὔτε</em></span> <span class='ocrx_word' id='word_1_224' title='bbox 806 2148 999 2208; x_wconf 80' lang='grc' dir='ltr'><strong><em>φυσικὰς</em></strong></span> <span class='ocrx_word' id='word_1_225' title='bbox 1020 2144 1122 2193; x_wconf 73' lang='grc' dir='ltr'><em>οὔτε</em></span> <span class='ocrx_word' id='word_1_226' title='bbox 1144 2147 1390 2208; x_wconf 79' lang='grc' dir='ltr'><em>ἀναγκαίας</em></span> <span class='ocrx_word' id='word_1_227' title='bbox 1406 2184 1417 2203; x_wconf 90' lang='lat'>,</span> <span class='ocrx_word' id='word_1_228' title='bbox 1450 2145 1511 2202; x_wconf 79' lang='grc' dir='ltr'>ὥς</span> <span class='ocrx_word' id='word_1_229' title='bbox 1542 2147 1709 2209; x_wconf 77' lang='grc' dir='ltr'><em>στεφά-</em></span> 
     </span>
     <span class='ocr_line' id='line_1_29' title="bbox 219 2214 1708 2275; baseline 0 -15"><span class='ocrx_word' id='word_1_230' title='bbox 219 2234 322 2270; x_wconf 87' lang='grc' dir='ltr'><em>νους</em></span> <span class='ocrx_word' id='word_1_231' title='bbox 338 2217 412 2261; x_wconf 80' lang='grc' dir='ltr'>καὶ</span> <span class='ocrx_word' id='word_1_232' title='bbox 429 2214 702 2275; x_wconf 79' lang='grc' dir='ltr'><em>ἀνδριάντων</em></span> <span class='ocrx_word' id='word_1_233' title='bbox 719 2214 982 2270; x_wconf 77' lang='grc' dir='ltr'><em>ἀναθέσεις.</em></span> <span class='ocrx_word' id='word_1_234' title='bbox 1001 2220 1266 2262; x_wconf 82' lang='lat' dir='ltr'>itaLae&#39;rtius</span> <span class='ocrx_word' id='word_1_235' title='bbox 1275 2221 1495 2274; x_wconf 84' lang='lat' dir='ltr'>Diogenes</span> <span class='ocrx_word' id='word_1_236' title='bbox 1503 2220 1548 2262; x_wconf 92' lang='lat' dir='ltr'>in</span> <span class='ocrx_word' id='word_1_237' title='bbox 1559 2234 1600 2274; x_wconf 88' lang='lat' dir='ltr'>x,</span> <span class='ocrx_word' id='word_1_238' title='bbox 1616 2219 1708 2262; x_wconf 85' lang='lat'>149.</span> 
     </span>
     <span class='ocr_line' id='line_1_30' title="bbox 225 2287 1709 2342; baseline -0.002 -9"><span class='ocrx_word' id='word_1_239' title='bbox 225 2331 227 2333; x_wconf 85' lang='grc'><em>,</em></span> <span class='ocrx_word' id='word_1_240' title='bbox 334 2287 402 2330; x_wconf 89' lang='grc'>81.</span> <span class='ocrx_word' id='word_1_241' title='bbox 435 2288 507 2330; x_wconf 83' lang='lat' dir='ltr'>UT</span> <span class='ocrx_word' id='word_1_242' title='bbox 545 2302 643 2328; x_wconf 86' lang='lat' dir='ltr'>SIBI</span> <span class='ocrx_word' id='word_1_243' title='bbox 680 2302 1019 2330; x_wconf 80' lang='lat' dir='ltr'>CONICISCANT</span> <span class='ocrx_word' id='word_1_244' title='bbox 1039 2323 1048 2332; x_wconf 89' lang='lat'><strong>.</strong></span> <span class='ocrx_word' id='word_1_245' title='bbox 1077 2289 1300 2331; x_wconf 78' lang='lat' dir='ltr'>Con-ector</span> <span class='ocrx_word' id='word_1_246' title='bbox 1339 2288 1516 2342; x_wconf 86' lang='lat' dir='ltr'>oblongi</span> <span class='ocrx_word' id='word_1_247' title='bbox 1553 2289 1709 2331; x_wconf 74' lang='lat' dir='ltr'>concis-</span> 
     </span>
     <span class='ocr_line' id='line_1_31' title="bbox 220 2355 1710 2411; baseline -0.001 -12"><span class='ocrx_word' id='word_1_248' title='bbox 220 2365 344 2411; x_wconf 77' lang='lat' dir='ltr'>cant,</span> <span class='ocrx_word' id='word_1_249' title='bbox 367 2356 521 2410; x_wconf 84' lang='lat' dir='ltr'>&#39;itaque</span> <span class='ocrx_word' id='word_1_250' title='bbox 553 2355 718 2399; x_wconf 84' lang='lat' dir='ltr'>Veneta</span> <span class='ocrx_word' id='word_1_251' title='bbox 748 2357 908 2400; x_wconf 87' lang='lat' dir='ltr'>editio:</span> <span class='ocrx_word' id='word_1_252' title='bbox 931 2357 1143 2400; x_wconf 91' lang='lat' dir='ltr'>Antonius</span> <span class='ocrx_word' id='word_1_253' title='bbox 1173 2357 1448 2400; x_wconf 88' lang='lat' dir='ltr'>Florentinus</span> <span class='ocrx_word' id='word_1_254' title='bbox 1480 2371 1710 2398; x_wconf 65' lang='lat' dir='ltr'>consom-</span> 
     </span>
     <span class='ocr_line' id='line_1_32' title="bbox 221 2439 376 2467; baseline 0 0"><span class='ocrx_word' id='word_1_255' title='bbox 221 2439 376 2467; x_wconf 78' lang='lat' dir='ltr'>CANT.</span> 
     </span>
    </p>

    <p class='ocr_par' dir='ltr' id='par_1_8' title="bbox 222 2494 1712 2687">
     <span class='ocr_line' id='line_1_33' title="bbox 336 2494 1711 2546; baseline 0 -9"><span class='ocrx_word' id='word_1_256' title='bbox 336 2494 407 2537; x_wconf 85' lang='lat'>84.</span> <span class='ocrx_word' id='word_1_257' title='bbox 439 2508 496 2535; x_wconf 82' lang='lat' dir='ltr'>ET</span> <span class='ocrx_word' id='word_1_258' title='bbox 536 2509 583 2535; x_wconf 76' lang='lat' dir='ltr'>IN</span> <span class='ocrx_word' id='word_1_259' title='bbox 617 2509 787 2536; x_wconf 80' lang='lat' dir='ltr'>SUMMA</span> <span class='ocrx_word' id='word_1_260' title='bbox 817 2510 1031 2537; x_wconf 75' lang='lat' dir='ltr'>PIETATE</span> <span class='ocrx_word' id='word_1_261' title='bbox 1063 2509 1324 2538; x_wconf 80' lang='lat' dir='ltr'>EvERTERE</span> <span class='ocrx_word' id='word_1_262' title='bbox 1355 2509 1577 2537; x_wconf 79' lang='lat' dir='ltr'>SUADET.</span> <span class='ocrx_word' id='word_1_263' title='bbox 1601 2494 1711 2546; x_wconf 85' lang='lat' dir='ltr'>Qua-</span> 
     </span>
     <span class='ocr_line' id='line_1_34' title="bbox 223 2561 1712 2620; baseline 0.001 -16"><span class='ocrx_word' id='word_1_264' title='bbox 223 2561 370 2606; x_wconf 82' lang='lat' dir='ltr'>dratus</span> <span class='ocrx_word' id='word_1_265' title='bbox 402 2564 610 2620; x_wconf 73' lang='lat' dir='ltr'>pz‘aetate.</span> <span class='ocrx_word' id='word_1_266' title='bbox 634 2564 731 2606; x_wconf 88' lang='lat' dir='ltr'>Itali</span> <span class='ocrx_word' id='word_1_267' title='bbox 768 2568 936 2608; x_wconf 85' lang='lat' dir='ltr'>veteres</span> <span class='ocrx_word' id='word_1_268' title='bbox 967 2579 1243 2607; x_wconf 81' lang='lat' dir='ltr'>P1ETATEM.</span> <span class='ocrx_word' id='word_1_269' title='bbox 1267 2564 1344 2608; x_wconf 87' lang='lat' dir='ltr'>sed</span> <span class='ocrx_word' id='word_1_270' title='bbox 1375 2564 1526 2607; x_wconf 80' lang='lat' dir='ltr'>suadet</span> <span class='ocrx_word' id='word_1_271' title='bbox 1557 2563 1712 2606; x_wconf 86' lang='lat' dir='ltr'>oratio-</span> 
     </span>
     <span class='ocr_line' id='line_1_35' title="bbox 222 2632 1641 2687; baseline 0.001 -14"><span class='ocrx_word' id='word_1_272' title='bbox 222 2644 320 2674; x_wconf 87' lang='lat' dir='ltr'>nem</span> <span class='ocrx_word' id='word_1_273' title='bbox 350 2632 578 2686; x_wconf 87' lang='lat' dir='ltr'>pervertit:</span> <span class='ocrx_word' id='word_1_274' title='bbox 609 2645 710 2687; x_wconf 86' lang='lat' dir='ltr'>ergo</span> <span class='ocrx_word' id='word_1_275' title='bbox 742 2633 1015 2676; x_wconf 86' lang='lat' dir='ltr'>scribendum</span> <span class='ocrx_word' id='word_1_276' title='bbox 1046 2638 1111 2676; x_wconf 89' lang='lat' dir='ltr'>est</span> <span class='ocrx_word' id='word_1_277' title='bbox 1141 2634 1186 2675; x_wconf 74' lang='lat' dir='ltr'>in</span> <span class='ocrx_word' id='word_1_278' title='bbox 1215 2650 1379 2676; x_wconf 81' lang='lat' dir='ltr'>summa</span> <span class='ocrx_word' id='word_1_279' title='bbox 1410 2647 1609 2674; x_wconf 81' lang='lat' dir='ltr'>FRAUDE</span> <span class='ocrx_word' id='word_1_280' title='bbox 1632 2666 1641 2674; x_wconf 94' lang='lat'><strong>.</strong></span> 
     </span>
    </p>

    <p class='ocr_par' dir='ltr' id='par_1_9' title="bbox 224 2699 1716 3101">
     <span class='ocr_line' id='line_1_36' title="bbox 338 2699 1714 2758; baseline 0 -16"><span class='ocrx_word' id='word_1_281' title='bbox 338 2699 406 2742; x_wconf 80' lang='grc'>94.</span> <span class='ocrx_word' id='word_1_282' title='bbox 437 2701 643 2743; x_wconf 83' lang='lat' dir='ltr'>PRIMUM</span> <span class='ocrx_word' id='word_1_283' title='bbox 663 2715 856 2743; x_wconf 82' lang='lat' dir='ltr'>ANIMUM</span> <span class='ocrx_word' id='word_1_284' title='bbox 885 2716 1020 2758; x_wconf 88' lang='lat' dir='ltr'>DICO,</span> <span class='ocrx_word' id='word_1_285' title='bbox 1051 2716 1251 2743; x_wconf 79' lang='lat' dir='ltr'>MENTEM</span> <span class='ocrx_word' id='word_1_286' title='bbox 1279 2716 1416 2748; x_wconf 86' lang='lat' dir='ltr'><strong>QUEM</strong></span> <span class='ocrx_word' id='word_1_287' title='bbox 1439 2715 1594 2743; x_wconf 81' lang='lat' dir='ltr'>SAEPE</span> <span class='ocrx_word' id='word_1_288' title='bbox 1625 2715 1714 2742; x_wconf 90' lang='lat' dir='ltr'>VO-</span> 
     </span>
     <span class='ocr_line' id='line_1_37' title="bbox 225 2769 1714 2826; baseline 0.002 -18"><span class='ocrx_word' id='word_1_289' title='bbox 225 2782 390 2809; x_wconf 71' lang='lat' dir='ltr'>cAmus</span> <span class='ocrx_word' id='word_1_290' title='bbox 409 2800 420 2810; x_wconf 92' lang='lat'><strong>.</strong></span> <span class='ocrx_word' id='word_1_291' title='bbox 447 2769 576 2824; x_wconf 90' lang='lat' dir='ltr'>Apud</span> <span class='ocrx_word' id='word_1_292' title='bbox 607 2770 845 2812; x_wconf 83' lang='lat' dir='ltr'>Charisium</span> <span class='ocrx_word' id='word_1_293' title='bbox 877 2785 918 2826; x_wconf 90' lang='lat' dir='ltr'>p.</span> <span class='ocrx_word' id='word_1_294' title='bbox 945 2771 1022 2813; x_wconf 81' lang='lat'>187</span> <span class='ocrx_word' id='word_1_295' title='bbox 1059 2780 1232 2813; x_wconf 76' lang='lat' dir='ltr'>mentem</span> <span class='ocrx_word' id='word_1_296' title='bbox 1264 2785 1429 2817; x_wconf 84' lang='lat' dir='ltr'>QUAM.</span> <span class='ocrx_word' id='word_1_297' title='bbox 1452 2771 1532 2812; x_wconf 88' lang='lat' dir='ltr'>hoc</span> <span class='ocrx_word' id='word_1_298' title='bbox 1571 2769 1714 2824; x_wconf 89' lang='lat' dir='ltr'>ipsum</span> 
     </span>
     <span class='ocr_line' id='line_1_38' title="bbox 225 2836 1714 2894; baseline 0.001 -15"><span class='ocrx_word' id='word_1_299' title='bbox 225 2836 370 2891; x_wconf 87' lang='lat' dir='ltr'>dedit,</span> <span class='ocrx_word' id='word_1_300' title='bbox 404 2841 503 2878; x_wconf 88' lang='lat' dir='ltr'>ante</span> <span class='ocrx_word' id='word_1_301' title='bbox 533 2851 661 2891; x_wconf 89' lang='lat' dir='ltr'>quam</span> <span class='ocrx_word' id='word_1_302' title='bbox 684 2838 868 2881; x_wconf 84' lang='lat' dir='ltr'>Charisii</span> <span class='ocrx_word' id='word_1_303' title='bbox 889 2839 997 2881; x_wconf 88' lang='lat' dir='ltr'>liber</span> <span class='ocrx_word' id='word_1_304' title='bbox 1028 2839 1308 2894; x_wconf 85' lang='lat' dir='ltr'>innotuisset,</span> <span class='ocrx_word' id='word_1_305' title='bbox 1333 2839 1567 2892; x_wconf 72' lang='lat' dir='ltr'>Marullus,</span> <span class='ocrx_word' id='word_1_306' title='bbox 1599 2839 1714 2893; x_wconf 92' lang='lat' dir='ltr'>quod</span> 
     </span>
     <span class='ocr_line' id='line_1_39' title="bbox 224 2905 1715 2961; baseline 0.003 -15"><span class='ocrx_word' id='word_1_307' title='bbox 224 2905 381 2961; x_wconf 91' lang='lat' dir='ltr'>miror,</span> <span class='ocrx_word' id='word_1_308' title='bbox 414 2918 509 2948; x_wconf 89' lang='lat' dir='ltr'>cum</span> <span class='ocrx_word' id='word_1_309' title='bbox 530 2906 605 2948; x_wconf 92' lang='lat' dir='ltr'>ille</span> <span class='ocrx_word' id='word_1_310' title='bbox 627 2911 714 2948; x_wconf 90' lang='lat' dir='ltr'>tam</span> <span class='ocrx_word' id='word_1_311' title='bbox 735 2907 948 2949; x_wconf 84' lang='lat' dir='ltr'>subtiliter</span> <span class='ocrx_word' id='word_1_312' title='bbox 970 2906 1161 2950; x_wconf 90' lang='lat' dir='ltr'>iudicare</span> <span class='ocrx_word' id='word_1_313' title='bbox 1184 2921 1268 2948; x_wconf 89' lang='lat' dir='ltr'>non</span> <span class='ocrx_word' id='word_1_314' title='bbox 1301 2907 1463 2949; x_wconf 88' lang='lat' dir='ltr'>soleat.</span> <span class='ocrx_word' id='word_1_315' title='bbox 1486 2911 1552 2950; x_wconf 89' lang='lat' dir='ltr'>est</span> <span class='ocrx_word' id='word_1_316' title='bbox 1572 2911 1715 2950; x_wconf 87' lang='lat' dir='ltr'>autem</span> 
     </span>
     <span class='ocr_line' id='line_1_40' title="bbox 224 2974 1714 3033; baseline 0.001 -17"><span class='ocrx_word' id='word_1_317' title='bbox 224 2974 362 3028; x_wconf 81' lang='lat' dir='ltr'>magis</span> <span class='ocrx_word' id='word_1_318' title='bbox 380 2987 433 3017; x_wconf 80' lang='lat' dir='ltr'>ex</span> <span class='ocrx_word' id='word_1_319' title='bbox 450 2988 530 3016; x_wconf 84' lang='lat' dir='ltr'>usu</span> <span class='ocrx_word' id='word_1_320' title='bbox 547 2978 726 3030; x_wconf 67' lang='lat' dir='ltr'>poetae,</span> <span class='ocrx_word' id='word_1_321' title='bbox 748 2979 795 3016; x_wconf 90' lang='lat' dir='ltr'>ut</span> <span class='ocrx_word' id='word_1_322' title='bbox 811 2989 939 3018; x_wconf 82' lang='lat' dir='ltr'>versu</span> <span class='ocrx_word' id='word_1_323' title='bbox 966 2976 1045 3018; x_wconf 87' lang='lat'>100</span> <span class='ocrx_word' id='word_1_324' title='bbox 1066 2977 1252 3019; x_wconf 69' lang='lat' dir='ltr'>habitum</span> <span class='ocrx_word' id='word_1_325' title='bbox 1274 2975 1484 3033; x_wconf 74' lang='lat' dir='ltr'>quendam</span> <span class='ocrx_word' id='word_1_326' title='bbox 1512 3001 1573 3031; x_wconf 73' lang='lat'>—7</span> <span class='ocrx_word' id='word_1_327' title='bbox 1595 2976 1714 3018; x_wconf 77' lang='lat' dir='ltr'>Har—</span> 
     </span>
     <span class='ocr_line' id='line_1_41' title="bbox 224 3043 1716 3101; baseline -0.001 -16"><span class='ocrx_word' id='word_1_328' title='bbox 224 3044 406 3085; x_wconf 76' lang='lat' dir='ltr'>moniam</span> <span class='ocrx_word' id='word_1_329' title='bbox 423 3043 538 3085; x_wconf 75' lang='lat' dir='ltr'>Grai</span> <span class='ocrx_word' id='word_1_330' title='bbox 550 3059 675 3099; x_wconf 79' lang='lat' dir='ltr'>quam</span> <span class='ocrx_word' id='word_1_331' title='bbox 693 3043 848 3099; x_wconf 77' lang='lat' dir='ltr'>dicunt,</span> <span class='ocrx_word' id='word_1_332' title='bbox 867 3048 909 3086; x_wconf 88' lang='lat' dir='ltr'>et</span> <span class='ocrx_word' id='word_1_333' title='bbox 925 3043 969 3085; x_wconf 89' lang='lat' dir='ltr'>in</span> <span class='ocrx_word' id='word_1_334' title='bbox 986 3058 1042 3098; x_wconf 76' lang='lat' dir='ltr'>iv,</span> <span class='ocrx_word' id='word_1_335' title='bbox 1063 3044 1144 3086; x_wconf 81' lang='lat'>132</span> <span class='ocrx_word' id='word_1_336' title='bbox 1162 3045 1207 3087; x_wconf 76' lang='lat' dir='ltr'>in</span> <span class='ocrx_word' id='word_1_337' title='bbox 1226 3045 1299 3087; x_wconf 78' lang='lat' dir='ltr'>hoc</span> <span class='ocrx_word' id='word_1_338' title='bbox 1316 3045 1440 3099; x_wconf 77' lang='lat' dir='ltr'>caelo,</span> <span class='ocrx_word' id='word_1_339' title='bbox 1465 3046 1544 3101; x_wconf 75' lang='lat' dir='ltr'>qui</span> <span class='ocrx_word' id='word_1_340' title='bbox 1558 3044 1716 3087; x_wconf 75' lang='lat' dir='ltr'>dicitur</span> 
     </span>
    </p>
   </div>
   <div class='ocr_carea' id='block_1_3' title="bbox 1348 3114 1401 3156">
    <p class='ocr_par' dir='ltr' id='par_1_10' title="bbox 1348 3114 1401 3156">
     <span class='ocr_line' id='line_1_42' title="bbox 1348 3114 1401 3156; baseline 0.038 -2"><span class='ocrx_word' id='word_1_341' title='bbox 1348 3114 1401 3156; x_wconf 89' lang='lat'>10</span> 
     </span>
    </p>
   </div>
  </div>
 </body>
</html>
