2040 3328
954 242 1014 285 IV
1640 241 1723 284 225

361 361 454 404 179.
487 359 542 402 In
563 372 697 406 QUEM
718 371 955 405 QUAEQUE
984 369 1150 398 LocUM
1170 369 1384 396 mvmzso
1406 369 1592 396 summe
1613 369 1724 395 ΤΕΝ-

243 444 352 484 mr,
374 441 455 471 nee
475 440 649 470 sensum
670 426 775 469 facit
794 439 873 469 nec
895 429 1063 469 ceterae
1083 424 1269 467 orationi
1290 424 1474 467 innexus
1497 427 1562 466 est
1580 456 1590 479 ,
1614 436 1726 478 quae

243 498 287 541 in
308 497 550 540 simulacris
573 495 754 538 vertitur
773 528 782 551 ,
805 508 900 537 cum
922 493 990 536 hic
1010 494 1236 550 imayz'nem
1267 493 1467 548 loquatur
1484 524 1493 534 .
1516 495 1560 534 at
1582 492 1728 534 omnia

243 555 377 622 plana
403 563 531 620 fient,
554 567 600 606 ut
621 564 738 606 nullo
765 563 999 619 interprete
1029 561 1280 617 indigeant,
1302 562 1340 605 si
1370 561 1477 604 haee
1498 561 1726 604 coniunxe-

244 635 404 689 rimus,
428 634 614 686 Quorum
644 632 852 689 quantula
882 647 990 688 pars
1024 631 1080 673 sit
1113 631 1254 687 imayo
1291 629 1430 673 dicere
1460 638 1616 672 nemost
1646 629 1733 681 Qui

241 704 400 762 possit,
422 718 555 759 neque
586 717 677 744 eam
705 702 912 744 rationem
940 697 1117 742 reddere
1143 698 1268 741 dictis
1282 732 1292 753 ,
1315 698 1368 741 In
1400 715 1520 755 que-m
1541 714 1729 755 quaeque

247 772 380 814 locum
412 770 577 813 diverso
607 783 801 812 nomme
831 781 1026 810 ‘runnu
1044 799 1054 809 .
1076 779 1176 809 nam
1198 766 1472 810 coniunctivo
1495 779 1601 821 opus
1633 779 1729 809 esse

245 843 390 896 patet,
413 843 455 882 et
483 839 662 881 momine
691 836 963 881 scribendum
995 848 1090 879 esse
1121 834 1327 877 Marullus
1358 834 1491 877 vidit.

365 908 459 951 178.
491 921 552 949 UT
582 921 759 948 Bnssws
790 919 926 948 norm
955 918 1184 946 FERATUR
1206 934 1216 945 .
1249 902 1370 945 Idem
1392 903 1600 946 Marullus
1629 918 1730 948 vere

249 981 291 1021 et
319 977 475 1020 Latine
504 977 610 1019 hora
640 989 894 1018 TERATUR.

366 1045 460 1089 182.
492 1058 760 1087 AETHERIIS
778 1077 788 1086 .
811 1042 1056 1096 Quadratus
1076 1042 1281 1085 aetherii:
1301 1041 1380 1085 sed
1401 1040 1514 1101 idem
1536 1043 1731 1085 aetheriis

249 1129 377 1160 versu
407 1115 488 1158 911
508 1147 518 1156 .

369 1184 461 1227 190.
493 1183 561 1225 ΕΤ
593 1196 741 1229 QUASI
770 1193 1340 1223 PROTELOSTIMULATUR
1369 1194 1594 1222 runcum:
1616 1195 1732 1222 FUL-

250 1268 348 1296 ctm
365 1285 374 1296 .
397 1250 602 1307 Impressi
633 1250 875 1293 stimulatur
891 1249 1078 1306 fulqure
1094 1249 1258 1306 fulqur
1273 1265 1287 1303 ,·
1308 1248 1424 1304 quod
1454 1250 1515 1291 uti
1543 1262 1627 1292 non
1659 1250 1732 1292 im-

249 1322 412 1379 probo,
435 1320 496 1362 ita
526 1319 706 1362 alterum
741 1317 983 1373 elegantius
1021 1330 1116 1360 esse
1153 1317 1289 1372 duco,
1317 1330 1401 1372 quo
1438 1318 1630 1361 suaviter
1660 1333 1733 1362 va·

250 1391 387 1434 riatur
408 1388 616 1432 orationis
638 1386 777 1430 forma
795 1401 805 1429 :
826 1399 927 1429 nam
958 1386 995 1429 si
1017 1386 1242 1429 scribimus
1256 1386 1442 1444 fulyure
1457 1420 1468 1441 ,
1492 1386 1561 1430 hie
1582 1401 1733 1431 versus

251 1472 279 1502 a
308 1458 529 1514 superiore
559 1456 665 1499 nihil
695 1455 864 1498 differt.

366 1526 464 1570 203.
496 1526 701 1572 Pmoun
731 1538 927 1566 VOLARE
958 1538 1091 1565 MARE
1122 1538 1181 1565 Ac
1214 1537 1402 1565 TERRAs
1434 1538 1735 1571 CAELUMQUE

251 1609 464 1638 meum.
491 1594 708 1637 Habemus
745 1593 815 1636 hic
844 1593 944 1636 illas
975 1597 1061 1636 tres
1098 1593 1247 1635 mundi
1277 1596 1422 1648 partes
1454 1606 1562 1648 quas
1594 1593 1737 1637 faeere

252 1663 476 1708 Lueretius
507 1664 641 1718 solet,
664 1678 780 1705 mare
795 1695 807 1716 ,
830 1670 966 1704 terras
981 1694 992 1716 ,
1015 1662 1176 1705 caelum
1195 1694 1204 1704 .
1227 1660 1331 1716 quid
1364 1662 1494 1716 igitur
1517 1662 1555 1704 is
1586 1675 1737 1705 versus

253 1733 326 1789 qui
357 1732 469 1775 hune
498 1731 718 1787 praecedit
754 1729 909 1784 efficit,
932 1743 1017 1785 quo
1049 1730 1303 1786 corpuscula
1339 1729 1539 1772 dicuntur
1569 1731 1654 1772 Per
1685 1739 1739 1772 ιο-

254 1811 340 1844 tum
369 1801 484 1844 caeli
508 1801 692 1857 spatium
723 1798 962 1856 diffundere
982 1800 1106 1842 sese?
1127 1797 1300 1841 foedum
1322 1797 1473 1839 vitium
1494 1810 1573 1839 nee
1603 1796 1738 1840 feren-

255 1869 354 1912 dum
387 1867 623 1911 delebimus
654 1866 882 1910 scribendo
916 1880 1205 1913 cmcumoun
1227 1858 1413 1922 'rzjqare,
1436 1863 1480 1906 id
1518 1869 1582 1907 est
1618 1865 1739 1907 undi-

255 1950 339 1992 que
356 1968 365 1978 .
389 1941 574 1979 ceterum
603 1948 690 1978 non
726 1935 831 1978 satis
870 1934 1149 1977 memorabile
1186 1938 1251 1976 est
1286 1934 1543 1988 quadratum
1582 1932 1741 1975 habere

256 2003 488 2062 defundere
517 2019 632 2058 sese,
657 2006 698 2046 et
727 2003 961 2058 oblongum
990 2002 1130 2058 prima
1149 2015 1304 2057 manu,
1328 2003 1366 2044 si
1397 2002 1562 2044 litteras
1594 2014 1741 2044 erasas

256 2075 371 2115 recte
401 2071 631 2127 perspexi,
654 2070 914 2128 dffunderes
945 2087 1031 2114 esse
1048 2103 1057 2112 .

377 2139 470 2183 195.
503 2138 647 2191 QUOD
680 2153 834 2181 SUPER
863 2153 976 2194 sss'r,
999 2153 1084 2181 UBI
1113 2152 1210 2180 TAM
1240 2152 1461 2180 vommm
1491 2152 1742 2179 ann-ATE

258 2221 546 2251 rerumne.
569 2207 692 2250 Hune
712 2220 883 2251 versum
904 2220 999 2250 cum
1030 2207 1125 2250 loco
1154 2207 1296 2250 alieno
1327 2207 1515 2263 positum
1537 2206 1743 2249 Marullus

259 2280 373 2321 recte
403 2275 611 2332 vidisset,
634 2276 778 2320 neseio
800 2289 884 2331 quo
916 2288 1062 2319 errore
1084 2275 1253 2319 traiecit
1281 2279 1380 2331 post
1400 2288 1453 2318 ea
1483 2287 1594 2329 quae
1616 2274 1744 2317 modo

259 2345 537 2406 traetavimus
554 2377 564 2400 ,
587 2344 830 2402 caelumque
850 2345 995 2401 erqare
1010 2378 1021 2399 ,
1043 2344 1106 2387 ita
1125 2344 1332 2400 seriptum
1349 2377 1359 2399 ,
1379 2343 1502 2396 Quod
1530 2352 1744 2400 superest,

259 2415 337 2458 ubi
363 2422 447 2456 tam
487 2413 655 2456 volucri
685 2413 787 2456 haec
823 2413 988 2456 levitate
1010 2413 1223 2469 feruntur
1245 2445 1254 2455 .
1286 2411 1521 2454 Lambinus
1559 2424 1747 2454 errorem

261 2483 381 2526 auxit
409 2480 638 2524 scribendo
661 2480 784 2533 Quod
811 2489 1032 2538 superest.
1055 2480 1264 2524 Marullus
1285 2479 1456 2523 videtur
1485 2479 1531 2521 id
1559 2479 1748 2522 voluisse

262 2549 378 2605 quod
407 2562 555 2593 verum
591 2552 657 2592 est
678 2582 688 2605 ,
721 2548 836 2601 Quid
870 2565 978 2606 quae
1013 2557 1111 2591 sunt
1147 2549 1280 2607 ‘abitur
1316 2549 1404 2590 iam
1434 2548 1582 2603 prima
1598 2548 1749 2604 fronte

259 2626 418 2675 parata
433 2618 453 2659 2
473 2617 577 2660 Cum
605 2618 822 2660 iaciuntur
852 2626 889 2660 et
912 2619 1108 2660 emissum
1138 2633 1206 2660 res
1236 2617 1358 2659 nulla
1387 2623 1577 2657 moratur
1591 2648 1602 2669 ,
1625 2613 1750 2665 Quod

264 2698 394 2740 super
423 2688 514 2739 est,
536 2685 613 2727 ubi
638 2694 722 2727 tam
742 2685 910 2728 volucri
932 2685 1096 2727 levitate
1113 2684 1350 2741 ferantur,
1374 2682 1526 2734 Quone
1546 2681 1663 2724 vides
1695 2682 1750 2723 ci—

266 2754 350 2796 tius
380 2751 525 2795 debere
556 2761 592 2794 et
622 2752 790 2810 Zonyius
818 2753 918 2794 ire?
937 2752 1047 2794 solet
1077 2751 1138 2793 ita
1158 2754 1289 2806 poeta
1318 2749 1432 2807 quod
1459 2765 1588 2805 super
1618 2757 1676 2790 est
1706 2749 1751 2789 in

267 2819 448 2877 apodosi
479 2832 667 2875 ponere,
689 2823 735 2862 ut
764 2820 809 2862 in
839 2834 884 2873 11,
901 2820 956 2862 39
972 2819 1055 2862 491
1087 2833 1127 2873 v,
1145 2818 1201 2861 64
1231 2833 1287 2872 VI,
1308 2818 1446 2871 10003
1470 2817 1538 2858 eui
1577 2829 1657 2870 par
1688 2819 1753 2858 est

267 2904 364 2945 erqo
394 2892 493 2943 post
521 2888 719 2944 quoniam
750 2886 795 2928 in
825 2900 852 2941 1,
870 2886 955 2929 526
988 2890 1030 2928 et
1058 2899 1099 2940 V,
1117 2885 1228 2940 260,
1251 2901 1348 2942 erqo
1385 2887 1485 2938 post
1514 2900 1606 2926 cum
1637 2883 1752 2939 apud

266 2956 505 2999 Vitruvium
536 2969 627 3012 vm,
645 2955 685 3011 3,
703 2955 758 2997 26
777 2988 785 2999 .
807 2954 869 2996 ita
898 2953 1013 3010 quod
1029 2969 1158 3010 super
1188 2962 1247 2996 est
1267 2952 1517 3008 Propertius
1538 2966 1595 3006 1v,
1613 2952 1680 3005 21,
1698 2951 1751 2993 21
1804 3001 1806 3003 Ι

268 3024 434 3067 Deinde
462 3040 541 3080 per
562 3024 731 3066 Ionium
755 3031 895 3066 vectus
915 3038 1008 3064 cum
1024 3021 1153 3078 fessa
1174 3021 1361 3064 Lechaeo
1383 3020 1555 3064 Sedarit
1578 3019 1756 3076 placida

1400 3089 1452 3130 15
