2040 3328
343 236 368 276 6
965 246 1162 273 RECENSIO

342 346 456 387 ronis
483 346 534 387 de
561 345 707 398 lingua
727 345 880 386 Latina
905 344 1036 385 libros
1063 344 1166 396 (hoc
1188 344 1299 386 enim
1319 346 1421 386 satis
1445 346 1631 398 constat)
1662 346 1788 399 legis-

343 417 432 466 set,
455 413 548 454 falli
568 411 693 454 facile
714 411 848 464 potuit
867 411 917 452 iis
939 422 1046 463 quae
1075 411 1118 451 in
1147 411 1255 452 libro
1287 412 1429 464 quinto
1459 412 1690 455 invenisset
1709 412 1788 455 hoe

343 479 467 520 modo
484 479 659 532 scripta,
676 479 716 518 A
733 494 816 532 qua
827 478 1025 532 bipartita
1042 477 1242 519 divisione
1254 479 1472 520 Lucretius
1484 494 1650 520 suorum
1665 481 1788 521 unius

343 555 379 587 ct
393 546 546 600 vlyinti
558 545 756 586 librorum
774 545 939 584 initium
942 543 1052 598 fecit
1069 543 1140 585 hoc
1148 576 1158 596 ,
1174 544 1364 586 Aetheris
1377 553 1413 586 et
1424 554 1558 586 terrae
1565 546 1787 601 qenitabile

343 627 539 668 quae-rere
569 619 749 665 tempus.
782 614 891 651 certe
929 610 972 650 in
1002 609 1108 651 libro
1140 611 1420 653 Laurentiano
1451 611 1580 665 plutei
1600 626 1712 653 xxxv
1733 613 1789 655 30

343 683 472 721 totum
494 677 675 718 Lucretii
706 689 873 718 carmen
904 676 1167 718 continetur:
1199 677 1234 719 is
1265 681 1405 718 autem
1436 677 1543 720 liber
1571 692 1697 720 manu
1726 680 1787 734 ip·

342 747 429 788 sius
447 743 613 786 Nicolai
630 743 767 785 Nicoli
786 743 890 786 civis
908 743 1135 785 Florentini
1153 775 1162 796 ,
1187 744 1256 796 qui
1273 745 1507 786 Lucretium
1523 745 1674 799 Poggii
1689 745 1787 787 duo-

343 812 477 854 decim
516 811 638 852 annis
674 810 787 865 apud
827 823 871 852 se
910 814 1124 862 tenuerat,
1163 811 1338 864 scriptus
1375 824 1467 853 esse
1503 811 1786 854 existimatur.

343 878 454 932 quod
483 878 520 919 si
541 890 684 920 verum
715 881 801 929 est,
834 877 956 919 huius
977 877 1169 930 Nicolai,
1202 878 1272 931 qui
1301 878 1482 921 decessit
1511 891 1621 920 anno
1654 879 1785 932 1437,

340 959 424 986 non
454 957 636 998 magnae
657 945 701 986 in
722 945 916 986 Lucretio
945 944 1209 986 emendando
1241 944 1408 986 fuerunt
1436 949 1606 999 partes:
1627 949 1786 988 tantum

347 1011 457 1053 enim
479 1011 565 1053 scio
584 1043 592 1063 ,
620 1011 715 1052 libri
736 1011 859 1065 primi
880 1024 1047 1053 versum
1071 1011 1176 1053 1068
1199 1014 1239 1052 et
1258 1012 1472 1065 proximos
1492 1012 1535 1053 in
1556 1012 1633 1054 hoc
1654 1025 1788 1054 exem-

341 1079 447 1133 plari
469 1077 710 1119 dimidiatos
732 1078 817 1130 legi
837 1111 845 1130 ,
867 1090 944 1120 nec
965 1077 1241 1119 dubitandum
1262 1082 1326 1120 est
1356 1079 1457 1132 quin
1486 1079 1615 1120 multo
1647 1082 1688 1120 et
1716 1091 1788 1120 au·
1814 1129 1818 1133 .

343 1146 487 1187 (lacior
528 1148 568 1186 et
609 1145 870 1197 ingeniosior
911 1144 989 1185 hoc
1024 1145 1158 1198 primo
1191 1149 1342 1186 conatu
1373 1145 1600 1187 diorthosis
1630 1145 1707 1187 illa
1735 1145 1789 1187 sit

343 1225 467 1267 quam
510 1212 627 1253 soleo
672 1215 744 1253 aut
789 1211 1032 1264 simpliciter
1078 1210 1209 1252 doctis
1247 1212 1412 1253 Iums
1451 1216 1523 1253 aut
1559 1212 1786 1253 Auromo

341 1281 496 1320 MARII
525 1277 639 1332 filio,
684 1278 765 1321 civi
796 1282 836 1319 et
864 1278 1028 1319 notario
1059 1278 1326 1332 Florentino,
1368 1279 1634 1332 adscribere,
1671 1279 1786 1320 cuius

341 1359 468 1388 manu
488 1378 497 1399 ,
531 1358 655 1400 quam
677 1358 723 1388 se
746 1345 877 1400 probe
899 1357 1105 1398 cognosse
1126 1345 1406 1387 adseverabat
1424 1378 1432 1397 ,
1464 1346 1668 1388 Henricus
1690 1347 1787 1388 Kei-

341 1414 447 1466 lius,
479 1413 543 1455 vir
563 1411 856 1466 doctissimus,
887 1411 1072 1453 codicem
1094 1412 1420 1454 Laurentianum
1442 1412 1630 1455 eiusdem
1658 1413 1786 1467 plutei

340 1481 518 1534 primum
549 1483 589 1521 et
618 1479 871 1521 tricesimum
902 1479 1011 1520 circa
1040 1491 1194 1520 annum
1218 1480 1325 1522 1440
1354 1479 1551 1533 scriptum
1581 1491 1674 1522 esse
1702 1483 1788 1521 tum

341 1546 471 1600 dixit,
503 1559 595 1587 cum
625 1546 724 1587 mihi
756 1546 844 1588 eius
874 1546 970 1588 libri
991 1546 1134 1588 utendi
1164 1546 1434 1599 (excusserat
1464 1547 1574 1588 enim
1604 1559 1698 1588 eum
1728 1550 1787 1589 to-

338 1614 448 1666 tum)
480 1614 643 1668 copiam
671 1613 793 1655 fecit.
826 1613 920 1654 huic
941 1613 1160 1655 simillimis
1183 1613 1489 1667 exemplaribus
1510 1613 1786 1656 Michahelem

338 1681 586 1735 Marullum,
610 1680 662 1722 de
694 1693 776 1734 quo
809 1680 918 1722 infra
939 1679 1102 1733 dicam,
1125 1693 1244 1721 usum
1276 1693 1367 1722 esse
1398 1680 1666 1722 manifestum
1699 1684 1785 1722 est:

339 1747 413 1790 sed
436 1747 571 1790 eidem
589 1780 598 1801 ,
627 1761 717 1788 cum
739 1746 868 1788 libros
890 1747 1117 1801 impressos
1138 1759 1232 1788 raro
1255 1747 1481 1801 inspiceret
1502 1746 1656 1801 (neque
1677 1747 1787 1788 enim

339 1815 463 1857 facile
495 1814 664 1856 Gifanio
696 1814 866 1856 credere
898 1827 1068 1868 possum
1096 1814 1261 1855 Marulli
1292 1815 1426 1868 ipsius
1456 1827 1583 1855 manu
1615 1817 1786 1855 annota-

338 1886 423 1923 tum
464 1881 594 1923 fuisse
633 1881 738 1923 illud
776 1882 991 1936 exemplar
1021 1881 1269 1935 impressum
1300 1881 1411 1934 quod
1443 1894 1487 1923 se
1517 1881 1570 1923 ab
1602 1880 1786 1923 Iohanne

339 1949 547 1991 Sambueo
579 1948 779 1990 utendum
817 1949 1029 2002 accepisse
1071 1948 1264 2002 scribit),
1305 1949 1390 1990 alia
1419 1953 1589 2003 praesto
1621 1948 1788 1990 fuerunt

337 2017 472 2057 minus
504 2015 750 2068 emendata,
783 2015 861 2056 hoc
892 2018 954 2057 est
983 2016 1182 2069 antiquae
1206 2015 1422 2070 archetypi
1452 2015 1644 2058 lectionis
1674 2018 1787 2057 tena-

338 2083 452 2124 ciora
470 2114 478 2124 .
501 2086 627 2135 atque
648 2095 699 2123 ex
721 2082 799 2123 hoc
820 2083 912 2136 ipso
933 2081 1102 2124 rudiore
1123 2095 1172 2124 ac
1198 2083 1372 2124 maioris
1394 2082 1491 2125 fidei
1522 2095 1677 2136 genere
1708 2082 1788 2124 fuit

337 2150 381 2191 id
412 2149 524 2203 quod
552 2149 650 2191 libri
678 2163 797 2190 OLIM
823 2163 1053 2189 IMPRESSI
1080 2149 1260 2191 maxime
1282 2150 1430 2191 imitati
1457 2153 1579 2191 sunt.
1603 2148 1644 2190 hi
1677 2149 1786 2191 enim

337 2230 430 2258 cum
451 2220 491 2258 et
511 2216 553 2256 in
574 2216 669 2257 aliis
690 2217 815 2258 rebus
837 2217 1048 2270 plerisque
1070 2219 1110 2258 et
1130 2216 1174 2257 in
1205 2215 1366 2258 duobus
1397 2216 1492 2258 libri
1522 2217 1646 2270 primi
1675 2215 1781 2270 (157
1814 2206 1816 2208 V

342 2282 444 2335 158)
481 2282 694 2336 tribusque
732 2282 905 2325 secundi
937 2283 1127 2325 versibus
1157 2282 1452 2337 (492—494)‚
1490 2295 1594 2336 quos
1626 2283 1782 2325 habent

336 2349 546 2391 Antonius
568 2350 687 2391 Marii
711 2354 751 2391 et
772 2350 974 2392 Marullus
992 2383 1000 2404 ,
1035 2349 1272 2392 omittendis
1295 2350 1402 2391 inter
1423 2363 1467 2392 se
1489 2351 1754 2392 consentiant
1772 2382 1782 2403 ,

337 2418 628 2458 BRIXIENSIS
661 2421 800 2459 autem
832 2417 993 2471 editor,
1026 2417 1097 2470 qui
1118 2417 1355 2458 Lucretium
1387 2417 1560 2458 ‘Thoma
1589 2415 1784 2458 Ferando

336 2485 518 2526 auctore’
551 2483 710 2537 edidit,
741 2484 907 2526 unicum
939 2485 1152 2539 exemplar
1171 2485 1213 2525 in
1237 2497 1383 2526 manus
1413 2496 1512 2525 suas
1543 2484 1786 2538 pervenisse

335 2554 533 2604 testetur,
556 2554 682 2603 atque
704 2551 792 2592 eius
817 2550 1014 2593 editionis
1030 2552 1243 2606 exemplar
1263 2552 1376 2605 (eam
1394 2554 1488 2605 post
1504 2563 1660 2592 annum
1679 2550 1785 2592 1473

338 2618 490 2659 factam
521 2622 680 2671 negant
709 2618 778 2671 qui
810 2618 899 2659 eius
931 2617 1056 2660 hodie
1093 2619 1136 2659 in
1167 2622 1252 2660 toto
1285 2617 1385 2659 orbe
1416 2618 1498 2659 tria
1528 2616 1786 2671 exemplaria

335 2697 557 2738 superesse
588 2684 951 2738 demonstrarunt,
984 2689 1028 2726 ut
1058 2684 1262 2726 Dibdinus
1293 2685 1335 2725 in
1364 2683 1626 2726 Bibliotheca
1655 2683 1784 2738 Spen-

334 2752 530 2804 ceriana,
552 2756 663 2793 tomo
681 2767 710 2792 11
731 2766 770 2807 p.
790 2751 893 2806 149)
922 2751 996 2793 sed
1030 2764 1121 2793 cum
1150 2751 1368 2793 Brixiense
1389 2752 1549 2793 nullum
1572 2750 1786 2805 exemplar

335 2819 712 2860 VERONENSIBUS
745 2832 794 2861 ac
815 2820 1031 2861 Veneris
1057 2819 1334 2873 typographis
1364 2822 1507 2859 notum
1530 2818 1663 2860 fuisse
1691 2829 1784 2859 con-

335 2889 415 2927 stet
448 2885 505 2939 (ii
541 2890 637 2926 sunt
672 2886 826 2927 Paulus
864 2885 1173 2938 Fridenberger
1210 2885 1526 2927 etTheodorus
1567 2884 1619 2927 de
1647 2885 1783 2937 Raga-

335 2951 535 3005 zonibus,
568 2952 667 2993 anni
698 2955 835 2993 autem
866 2953 1096 2994 editionum
1131 2952 1235 2994 1486
1267 2957 1307 2994 et
1342 2951 1496 3005 1495),
1529 2950 1780 2993 crediderim
