2040 3328
412 248 494 290 316
1117 251 1154 292 V

523 360 618 402 865.
651 373 824 409 vni-mu
844 373 935 400 non
957 373 1129 400 samm:
1150 373 1343 402 PARTUM
1359 393 1369 403 .
1389 362 1515 416 Apud
1535 363 1715 406 Nonium
1735 378 1776 418 p.
1789 364 1852 418 13,

415 426 463 466 11
496 439 737 466 VETERmo
768 426 919 467 semine
944 427 1237 480 parturiendi.

523 493 617 533 866.
647 506 704 532 Er
733 503 918 533 BUGERA
948 505 1154 533 sAEcLA.
1181 494 1230 534 In
1261 494 1439 547 vl,1245
1468 507 1682 541 BUCERA.

523 557 616 599 868.
647 571 908 604 PACEMQUE
929 572 1145 600 saccum
1164 592 1172 600 .
1193 560 1283 601 Hoc
1299 572 1374 601 suo
1391 573 1505 603 more
1519 565 1684 605 tuentur
1700 564 1854 607 Wake-

411 623 558 666 fieldus
590 628 631 666 et
659 624 893 678 Forbiger.
925 638 1023 668 vere
1053 626 1280 668 Lambinus
1312 640 1520 669 secum.

522 691 616 732 871.
647 705 695 732 m
721 704 887 732 EORUM
910 723 919 734 .
951 691 1189 743 Quadratus
1218 694 1262 734 in
1292 693 1463 735 horum:
1492 708 1569 734 nn,
1598 696 1740 738 horum
1768 695 1854 739 Ma-

411 757 543 800 rullus
562 789 570 797 .

523 824 616 866 873.
649 838 799 870 QUAM
841 838 1135 866 PATEREMUR
1166 858 1174 867 .
1224 826 1320 867 Itali
1366 829 1407 868 et
1452 826 1682 870 Brixiensis
1726 828 1853 871 editio

412 905 598 937 QUARE.

524 958 618 1000 880.
648 971 888 999 POTESTAS
909 959 1030 1000 Hmc
1051 973 1210 999 nmmo
1239 973 1331 1000 PAR
1351 973 1426 1000 V1s
1449 974 1507 1001 UT
1529 974 1624 1001 NON
1643 975 1718 1002 sn·
1737 975 1854 1017 PARs

406 1039 522 1065 'ESSE
553 1038 774 1065 POTISSIT
793 1057 801 1066 .
824 1025 1064 1075 Quadratus
1085 1042 1165 1068 uon
1194 1034 1259 1067 sat
1282 1042 1388 1081 pars
1406 1059 1414 1068 .
1437 1027 1542 1069 haec
1570 1027 1725 1081 verba,
1747 1041 1856 1082 quae

409 1091 560 1146 posui,
581 1091 688 1132 inter
717 1105 811 1134 sese
832 1093 1126 1145 coniungenda
1147 1105 1240 1134 esse
1266 1093 1533 1135 manifestum
1554 1097 1642 1147 est,
1664 1095 1856 1148 quamv'is

410 1158 656 1211 interpretes
686 1158 754 1200 vel
785 1158 1041 1212 CentaurOS‚
1073 1159 1141 1200 vel
1171 1159 1242 1212 qui
1274 1172 1367 1201 cum
1393 1161 1572 1202 Marullo
1603 1161 1708 1203 Esse
1736 1170 1858 1217 queat

409 1224 667 1278 scripserunt
697 1237 819 1266 omne
856 1225 933 1266 hoe
967 1229 1246 1267 monstrorum
1277 1239 1441 1280 genus,
1469 1226 1609 1268 nescio
1646 1226 1856 1281 quomodo

411 1291 586 1333 fecerint
601 1299 838 1346 potestatem
854 1324 864 1344 ‚
887 1292 965 1333 hoc
995 1296 1058 1334 est
1084 1286 1292 1347 δύναμιν,
1315 1309 1366 1335 ex
1394 1294 1584 1335 membris
1613 1293 1857 1350 alieniqeuis

410 1366 658 1413 compactam
676 1390 685 1398 .
707 1370 816 1400 nunc
846 1371 898 1400 ea
918 1358 971 1400 de
1001 1359 1150 1412 quibus
1170 1360 1336 1413 agimus
1357 1363 1403 1401 ut
1432 1359 1610 1402 obscura
1629 1373 1714 1402 non
1734 1365 1854 1414 sunt,

410 1425 470 1466 ita
500 1437 551 1466 ex
581 1425 660 1466 hac
678 1425 902 1467 verborum
932 1425 1194 1468 abundantia
1213 1426 1313 1480 quid
1342 1426 1434 1468 tolli
1462 1425 1614 1468 debeat
1643 1427 1716 1470 vix
1745 1430 1857 1469 certo

411 1491 493 1532 dici
523 1494 687 1545 potest.
709 1491 851 1545 itaque
872 1493 1073 1546 quoniam
1094 1506 1160 1535 res
1182 1493 1237 1535 ad
1269 1493 1574 1536 divinationem
1595 1492 1702 1535 redit
1722 1495 1763 1535 et
1783 1492 1856 1534 ali-

411 1558 510 1613 quid
536 1558 615 1599 hoc
634 1561 761 1613 poeta
790 1558 962 1612 dignum
981 1559 1269 1614 temptandum
1300 1563 1388 1615 est,
1408 1561 1599 1615 suspicor
1629 1573 1723 1602 eum
1753 1559 1858 1602 haec

409 1625 657 1680 scripsisse,
675 1633 856 1680 potestas
882 1627 995 1668 Hinc
1024 1627 1142 1668 illinc
1170 1640 1342 1667 PARTIS
1365 1636 1409 1669 ut
1438 1641 1479 1668 ει
1499 1640 1592 1667 PAR
1621 1642 1706 1669 esse
1730 1627 1856 1682 potis—

409 1693 463 1734 sit
477 1708 491 1746 ‚·
511 1696 555 1733 ut
581 1691 767 1734 membra
796 1691 892 1733 hinc
922 1692 1021 1735 inde
1050 1697 1176 1748 parta
1204 1697 1380 1748 negaret
1407 1694 1501 1748 pari
1526 1697 1733 1748 potestate
1763 1705 1858 1734 esse

410 1771 534 1813 posse
551 1791 560 1800 .
578 1759 743 1814 potissz't
772 1763 936 1814 autem,
958 1760 1041 1802 nisi
1067 1760 1218 1815 fallor,
1244 1760 1494 1802 coniunctim
1524 1760 1675 1802 rectius
1704 1759 1856 1802 scribe-

409 1838 525 1879 mus,
544 1825 643 1879 quia
655 1826 699 1867 in
714 1831 886 1869 senatus
904 1827 1091 1868 consulto
1109 1827 1162 1869 de
1179 1826 1514 1869 Bacchanalibus
1530 1826 1641 1868 facto
1658 1826 1857 1881 scriptum

410 1896 473 1934 est
487 1892 824 1947 ubeifacilumed
837 1895 1026 1950 qnoscz'er
1043 1895 1186 1949 potisz't
1199 1927 1211 1947 ‚
1232 1906 1316 1935 non
1328 1895 1437 1950 potis
1452 1894 1528 1935 siet
1543 1909 1555 1934 :
1575 1897 1616 1935 et
1634 1893 1731 1935 huic
1745 1892 1856 1934 simi-

409 1959 467 2000 lia
496 1963 592 2000 sunt
616 1961 786 2014 potz‘ssec
814 1959 856 2001 in
886 1961 1139 2014 praeterito,
1162 1960 1274 2014 quod
1305 1972 1533 2014 numquam
1568 1959 1762 2001 scribitur
1786 1974 1857 2014 po·

410 2035 552 2079 cesset,
577 2030 618 2068 et
638 2027 794 2081 potisse
824 2025 983 2069 infinite
1013 2027 1192 2082 positum
1224 2040 1250 2069 a
1278 2027 1465 2081 Lucilio,
1487 2026 1524 2068 si
1553 2025 1677 2067 Nonii
1708 2024 1857 2067 codici-

410 2093 487 2135 bus
518 2096 682 2149 constat
702 2091 806 2134 fides
836 2107 876 2147 p.
897 2093 992 2148 445,
1010 2094 1062 2136 31
1085 2127 1095 2137 .
1126 2094 1179 2136 ab
1211 2094 1274 2135 his
1296 2093 1467 2136 diversa
1496 2096 1591 2135 sunt
1615 2093 1726 2148 potis
1745 2107 1856 2146 sum,

404 2162 515 2215 potis
545 2176 617 2213 es,
642 2160 752 2214 potis
783 2168 840 2201 est
859 2192 870 2213 ,
896 2161 1015 2215 potin
1045 2169 1102 2202 est
1119 2194 1130 2214 7
1157 2162 1266 2216 potis
1301 2169 1395 2202 suut
1413 2192 1424 2213 ‚
1447 2160 1562 2216 pdtis
1592 2160 1651 2200 sis
1680 2159 1725 2200 in
1754 2159 1857 2200 Poe-

410 2227 509 2267 nulo
541 2226 680 2268 Plauti
700 2240 755 2276 ιν,
773 2227 810 2280 2,
827 2226 881 2268 53
898 2259 908 2280 ,
926 2227 1030 2282 poti'
1059 2228 1142 2268 sint
1171 2226 1285 2281 apud
1312 2227 1542 2268 Varronem
1571 2237 1710 2267 rerum
1737 2223 1857 2266 rusti-

410 2305 551 2334 carum
581 2293 687 2335 libro
708 2307 750 2347 11,
768 2293 806 2346 2,
827 2293 847 2333 1
867 2325 876 2346 ,
894 2294 1004 2348 potis
1030 2294 1130 2335 siem
1159 2294 1203 2334 in
1225 2293 1456 2335 Mercatore
1475 2307 1519 2347 11,
1537 2293 1575 2346 2,
1591 2291 1646 2334 59
1664 2306 1673 2333 ε
1695 2290 1770 2333 sed
1782 2305 1856 2346 po-
1903 2328 1908 2333 ,

410 2361 462 2401 tis
493 2376 578 2402 esse
607 2364 649 2402 et
669 2362 783 2416 potis
814 2368 915 2402 esset
945 2363 1016 2400 aut
1047 2372 1272 2413 numquam
1301 2359 1385 2412 legi
1415 2363 1488 2401 aut
1515 2372 1599 2400 non
1627 2356 1822 2400 memini.

522 2426 616 2468 884.
647 2440 772 2467 PUER
801 2440 929 2467 HAUT
967 2439 1265 2471 QUAMQUAM:
1287 2439 1382 2465 ΝΛΜ
1418 2439 1594 2467 SAEPE.
1616 2425 1727 2466 Nam
1755 2435 1856 2476 qua-

411 2495 588 2536 dratus:
619 2493 802 2547 oblongo
840 2497 881 2535 et
915 2492 1014 2534 olim
1048 2493 1264 2547 impressis
1301 2492 1449 2534 abest.
1480 2492 1622 2545 itaque
1652 2490 1857 2532 Antonius

410 2561 530 2603 Marii
561 2560 676 2602 haud
702 2561 763 2602 ita
794 2575 1033 2615 quanquam
1051 2590 1060 2606 ,
1090 2559 1293 2601 Marullus
1324 2558 1438 2600 haud
1466 2573 1701 2614 quaquam,
1730 2557 1856 2612 quin.

410 2627 488 2670 sed
519 2641 762 2674 QUAQUAM
792 2630 890 2668 ante
919 2626 1143 2667 Marullum
1174 2625 1396 2680 impressi.

522 2694 618 2737 885.
648 2707 923 2734 LAETANTIA
955 2706 1175 2738 QUAERET
1195 2725 1202 2733 .
1225 2692 1428 2735 Marullus
1453 2704 1755 2744 LACTANT1A‚
1779 2689 1858 2732 for-

411 2765 524 2804 tasse
552 2774 637 2803 non
672 2761 860 2815 primus.
891 2759 1003 2802 idem
1038 2759 1197 2814 primus
1232 2760 1428 2814 quaerit5
1457 2757 1569 2812 quod
1604 2770 1688 2798 non
1724 2769 1857 2810 aeque

412 2832 568 2869 certum
600 2826 706 2869 duco
725 2859 734 2881 ,
756 2826 856 2881 quia
876 2826 1015 2868 futuro
1046 2831 1233 2881 tempore
1253 2826 1356 2868 satis
1386 2829 1484 2880 apte
1506 2824 1655 2866 dicitur
1681 2822 1725 2864 id
1745 2822 1858 2876 quod

412 2894 519 2935 forte
548 2894 777 2948 aliquando
808 2894 1050 2947 contingat,
1073 2906 1156 2934 non
1186 2905 1377 2947 semper.

525 2961 618 3002 888.
648 2974 846 3001 pomum
890 2973 1016 3000 Anvo
1053 2973 1304 3001 rLonENTA
1349 2971 1591 3000 mvEN’rAs
1628 2956 1829 2999 Omen
1847 2985 1856 2996 .
