2040 3328
883 263 950 306 III
1578 261 1655 303 177

178 379 291 424 dimit
304 379 493 422 celeriter
507 394 551 421 se
566 377 688 433 illos,
706 387 752 421 ut
766 378 912 435 scrofa
923 392 1099 434 porcos,
1118 375 1391 419 disiecturum
1409 407 1420 418 .
1440 374 1659 417 Vitruvius

177 448 222 491 in
237 448 343 504 1v,7‚
354 447 383 490 3
398 446 725 502 habeantspirae
735 461 878 489 earum
888 445 1100 502 plinthum
1116 444 1178 487 ad
1190 445 1395 487 circinum
1412 443 1542 485 altam
1557 459 1660 485 suae

177 514 476 559 crassitudinis
497 514 679 557 dimidia
691 523 819 571 parte
835 547 845 566 ‚
868 522 1003 556 torum
1023 514 1198 568 insuper
1216 529 1308 555 cum
1325 511 1536 569 apophysi
1546 527 1660 553 cras-

176 600 270 627 sum
291 591 492 640 quantum
508 583 700 639 plinthus
718 615 728 626 .
743 581 973 624 Frontinus
995 580 1049 623 de
1070 581 1378 623 controversiis
1393 593 1594 634 agrorum
1616 594 1659 636 p.

176 652 246 707 39,
266 652 319 694 19
349 667 443 693 cum
474 667 572 708 erqo
596 666 814 708 possessor
843 650 1049 692 invenerit
1078 650 1299 691 terminum
1328 650 1375 691 in
1400 650 1661 705 possessione

176 736 256 763 sua
275 719 402 762 aliter
409 719 650 776 formatum
670 728 744 762 aut
765 719 889 761 aliter
904 718 1089 774 positum
1121 733 1248 773 quam
1277 718 1407 759 ceteri
1432 719 1512 775 qui
1535 719 1581 760 in
1612 734 1662 760 ea

171 789 434 846 possessione
464 797 562 830 sunt
575 820 587 842 7
615 796 690 830 aut
718 803 801 830 non
831 787 1082 843 inscriptum
1111 794 1158 827 ut
1187 784 1373 827 adsolet.
1397 789 1584 828 ceterum
1615 786 1661 828 in

175 855 390 912 quadrato
421 869 572 900 versus
603 855 823 910 proximus
845 854 956 909 616,
992 853 1066 908 qui
1098 853 1246 896 debuit
1274 853 1438 908 primus
1467 854 1660 896 laterculi

176 937 273 969 esse
290 957 301 979 ‚
332 924 516 979 scriptus
545 936 631 966 non
662 926 806 966 extat:
837 921 1020 965 eundem
1049 922 1252 977 ignorant
1280 921 1492 964 schedae.

291 993 388 1036 616.
431 1006 520 1033 sm)
550 1005 661 1034 urus
693 990 910 1033 Summus
941 1005 998 1032 m·
1029 1005 1204 1032 cmz'ns
1234 1003 1542 1031 REGIONIBUS
1574 1003 1660 1031 οΜ-

175 1075 322 1104 mnus
352 1074 551 1102 numm·
569 1092 578 1102 .
595 1059 676 1102 Hic
697 1058 992 1102 Wakefieldus
1014 1058 1228 1102 ‘Omnibus
1246 1075 1259 1100 .·
1279 1059 1307 1102 i.
1330 1072 1367 1101 e.
1388 1057 1631 1101 hominibus
1650 1073 1660 1100 ε

175 1143 261 1185 quo
292 1129 396 1184 quid
417 1128 615 1184 planius,
647 1131 722 1170 aut
742 1128 962 1183 scriptoris
984 1127 1114 1170 menti
1135 1127 1459 1171 convenientius
1474 1126 1515 1169 ‘R'
1545 1126 1661 1169 haud

174 1198 267 1242 vidi
298 1198 440 1252 magis
459 1230 469 1239 .
493 1195 725 1239 Lambinus
756 1197 890 1239 omnis
920 1196 1135 1250 inhaeret,
1167 1209 1254 1238 non
1286 1195 1422 1249 bene,
1455 1195 1660 1250 quoniam

173 1266 411 1322 praecessit
441 1265 581 1307 animi
603 1280 720 1307 mens
749 1265 1053 1321 consiliumque
1069 1297 1079 1307 .
1095 1264 1199 1307 mihi
1220 1264 1404 1307 maxime
1434 1263 1661 1319 probabile

173 1334 346 1378 videtur
373 1336 544 1388 poetam
575 1332 798 1388 Scripsisse
829 1342 867 1375 et
887 1335 1010 1376 certis
1030 1333 1261 1391 reqionibu’
1285 1345 1534 1373 PECTORIS
1566 1333 1660 1376 hae-

172 1412 236 1447 ret
257 1435 266 1445 .
282 1402 346 1445 ita
366 1413 494 1445 versu
516 1400 599 1443 140
619 1400 754 1457 quue
775 1402 901 1444 situm
921 1400 1061 1444 media
1089 1403 1258 1458 re'qz'one
1287 1402 1333 1443 in
1358 1402 1541 1457 pectoris
1570 1402 1662 1444 hae-

172 1480 267 1514 ret.
298 1470 401 1512 item
431 1470 478 1512 in
506 1483 551 1520 11,
574 1468 657 1511 279
695 1477 830 1512 tamen
869 1486 956 1512 esse
993 1472 1040 1513 in
1067 1478 1238 1527 pectore
1273 1478 1414 1512 nostro
1445 1469 1661 1521 Quiddam

173 1539 287 1596 quod
313 1547 460 1582 contra
484 1554 684 1595 puynare
713 1538 956 1595 obstareque
981 1539 1142 1594 possit.

286 1608 383 1651 618.
412 1621 604 1648 numi-A
636 1620 826 1652 comum
849 1638 858 1647 .
882 1606 1104 1649 Corrector
1125 1606 1301 1660 oblongi
1324 1619 1542 1648 Remum
1561 1639 1572 1650 .

285 1675 383 1719 620.
405 1676 582 1722 A‘rQun
598 1689 657 1715 TA
678 1688 990 1717 Munrmoms
1007 1689 1248 1717 Puni-ons
1271 1690 1506 1718 ARTUBUS
1530 1689 1659 1719 usse,

171 1744 272 1788 Itali
303 1748 346 1787 et
375 1743 479 1786 olim
509 1743 706 1798 impressi
728 1744 866 1800 Atque
896 1758 978 1785 1rA
1000 1776 1010 1786 .
1033 1747 1122 1786 tum
1153 1744 1251 1787 Itali
1283 1750 1325 1787 et
1345 1745 1552 1787 Marullus
1574 1760 1661 1801 pro

174 1814 271 1856 totis
301 1813 502 1866 artubus,
534 1811 651 1866 quod
681 1811 783 1866 quid
815 1816 929 1854 esset
959 1812 1099 1855 adhuc
1119 1826 1244 1855 nemo
1277 1813 1495 1869 explicare
1524 1812 1662 1868 potuit

171 1885 344 1937 praeter
375 1879 718 1935 Wakefieldum‚
743 1880 811 1922 cui
842 1880 949 1922 nihil
981 1880 1133 1922 durum
1165 1885 1261 1924 est.
1285 1882 1347 1924 rei
1380 1882 1580 1924 convenit
1600 1882 1661 1923 ita

171 1948 431 1992 multimodis
465 1962 744 1989 PERFEc'ns
784 1949 958 1990 artubus
974 1981 985 2003 ,
1027 1949 1310 1991 Membrorum
1350 1959 1396 1991 ut
1430 1965 1660 2006 numquam

174 2019 328 2061 eoeistat
352 2025 652 2073 praeposterus
683 2015 784 2058 ordo
803 2048 812 2056 .
829 2016 874 2058 in
895 2017 1135 2071 posteriore
1155 2030 1284 2060 versu
1306 2017 1541 2072 quadratus
1572 2029 1660 2059 non

173 2084 304 2127 habet
331 2093 378 2126 ut
406 2084 746 2126 coniunctionem
763 2116 773 2126 .

288 2153 384 2195 623.
418 2152 734 2194 memssus
757 2166 935 2193 SOLITA
955 2167 1122 2200 NEQUE
1143 2168 1332 2197 INSIGNI
1354 2169 1554 2196 GIGNIER
1575 2169 1659 2196 AL-

175 2235 272 2263 eon
294 2253 302 2262 .
326 2221 405 2263 Hic
426 2234 446 2263 s
467 2220 612 2262 littera
632 2220 774 2262 alieno
805 2221 900 2262 loco
930 2222 1075 2275 posita
1105 2226 1169 2264 est
1199 2236 1249 2265 eo
1281 2222 1408 2265 modo
1440 2236 1566 2277 quem
1597 2227 1658 2267 at-

172 2289 252 2344 tigi
273 2289 330 2332 ad
352 2289 508 2332 librum
529 2303 573 2343 11,
596 2287 705 2331 275:
728 2303 779 2343 T,
811 2288 926 2343 quod
947 2290 1010 2331 illi
1031 2289 1134 2332 addi
1158 2291 1331 2346 debuit,
1355 2291 1509 2347 periit:
1532 2291 1660 2335 debet

173 2358 286 2400 enim
308 2370 403 2400 esse
433 2357 618 2400 solitasr
638 2373 770 2413 neque
789 2359 835 2400 in
856 2371 960 2398 IGNI
982 2390 992 2400 .
1015 2364 1226 2402 corrector
1256 2359 1454 2414 quadrati
1487 2364 1528 2402 et
1558 2360 1660 2402 olim

171 2426 372 2482 impressi
404 2427 450 2468 in
480 2426 577 2482 iyni
589 2457 598 2480 ‚
621 2425 746 2467 solita
776 2434 836 2467 est
855 2425 1092 2482 Marullus,
1117 2431 1346 2483 utrumque
1376 2428 1462 2470 iam
1494 2427 1624 2472 Itali.

287 2493 384 2536 624.
417 2508 462 2534 SI
491 2506 744 2534 MonrAnls
775 2507 974 2536 NATURA
1004 2509 1261 2536 ANIMAEST
1280 2529 1289 2538 .
1313 2495 1535 2539 Corrector
1557 2509 1660 2550 qua-

174 2561 288 2603 drati
319 2566 362 2604 et
392 2562 522 2604 ceteri
552 2563 594 2604 si
616 2576 918 2604 mironi-Ans
943 2595 950 2603 .
974 2563 1212 2606 Brixiensis
1235 2564 1367 2606 editio
1389 2566 1556 2607 animai
1573 2573 1657 2619 est,

173 2628 432 2672 Veronensis
453 2643 700 2671 AmuArsr
719 2664 729 2686 ,
746 2644 924 2685 quorum
946 2630 1028 2674 hoc
1049 2631 1184 2674 altero
1205 2632 1351 2675 verius
1374 2645 1469 2675 esse
1492 2631 1659 2675 ostendi

174 2696 231 2739 ad
263 2709 436 2740 versum
466 2698 551 2740 374
569 2730 578 2739 .

289 2765 387 2808 626.
418 2778 654 2807 snssmus
684 2779 889 2807 Aucrrm
917 2800 927 2810 ,
957 2766 1180 2811 Corrector
1217 2766 1417 2822 quadrati
1454 2771 1496 2809 et
1532 2767 1661 2810 ceteri

174 2847 411 2876 AucTAM.

290 2902 387 2944 628.
418 2915 602 2942 AN1MAS
631 2914 931 2943 AcHERUNTE
962 2916 1159 2944 VAcARE
1183 2937 1191 2946 .
1218 2902 1440 2945 Corrector
1460 2902 1662 2958 quadrati

173 2986 359 3026 vayare,
390 2970 536 3024 itaque
568 2970 614 3012 in
645 2983 702 3026 ιν,
729 2970 807 3012 127
832 2969 1096 3025 quadratus,
1129 2970 1200 3012 ubi
1234 2971 1447 3025 oblongus
1478 2971 1659 3027 vayari.

174 3036 255 3080 hoc
291 3042 468 3092 uterque
498 3038 541 3079 in
572 3052 599 3094 1,
627 3038 732 3081 1061
767 3052 822 3094 1v,
850 3039 929 3081 129
953 3038 1064 3093 724,
1097 3039 1197 3080 item
1229 3038 1465 3093 quadratus
1496 3053 1552 3095 1v‚
1574 3039 1660 3094 53,

1298 3107 1350 3148 12
