2040 3328
942 213 1003 255 VI
1629 217 1710 259 391

232 342 260 371 a
295 328 487 371 Varrone
524 326 811 381 significatum
850 339 946 370 esse
966 342 975 368 ε
1006 340 1110 381 ergo
1150 327 1254 370 nihil
1290 330 1446 371 certius
1483 333 1548 371 est
1585 342 1713 384 quam

231 394 501 438 scribendum
538 408 634 438 esse
664 395 936 452 Epimenides
974 411 1088 438 meus
1104 395 1399 450 {quamquam
1431 397 1619 439 Victorio
1656 398 1711 440 ad

230 464 466 506 Varronem
498 462 814 506 emendandum
835 476 921 505 non
951 462 1110 518 profuit
1129 464 1306 506 satiram
1337 465 1427 507 eius
1450 477 1560 520 quae
1581 465 1711 507 Sema-

225 532 362 588 ,qe-9322?
388 531 593 586 inscripta
624 531 705 574 fuit
731 531 974 573 memoriter
1006 531 1264 584 contulisse,
1287 531 1331 572 in
1362 532 1495 575 variis
1522 533 1711 576 lectioni-

229 600 308 643 bus
327 613 444 655 xx1V,
464 599 486 640 1
506 631 514 640 .
538 599 615 643 sed
636 600 681 641 in
702 599 1038 642 Lucretii'versu
1061 598 1352 653 quaerendum
1375 603 1439 642 est
1459 600 1587 642 etiam
1609 601 1711 655 quid

229 667 284 711 sit
313 677 461 725 suapte
479 701 488 709 .
510 667 555 710 id
586 681 665 723 pro
696 676 839 724 sponte
871 667 955 709 dici
986 667 1197 709 somnium
1229 671 1294 709 est
1319 667 1459 710 Isaaci
1481 668 1623 710 Vossii
1654 669 1711 710 ad

229 736 444 779 Catullum
474 750 515 792 p.
542 736 622 787 113
641 769 650 787 ,
674 736 739 778 cui
771 747 884 789 quae
915 736 1106 790 aliquam
1136 736 1321 790 speciem
1355 736 1583 778 conciliare
1613 750 1709 792 pos-

227 808 327 847 sunt
366 818 452 847 non
488 804 656 846 attulit.
678 803 842 847 scilicet
871 804 1027 846 Accius
1066 803 1110 845 in
1142 803 1428 858 Nyctegersia
1464 804 1574 847 dixit
1603 805 1710 847 Illos

227 881 374 929 suapte
395 872 567 915 induxit
587 873 723 915 virtus
741 888 753 914 :
774 881 818 914 tu
841 871 1007 913 laudem
1029 872 1199 914 illorum
1223 872 1337 914 levas
1353 905 1363 926 ,
1386 873 1503 927 apud
1522 873 1709 915 Nonium

226 954 267 996 p.
285 941 381 994 336,
400 941 481 996 303
503 940 618 996 quod
640 945 782 983 tamen
804 939 922 983 facili
945 951 1079 994 opera
1100 939 1156 981 ad
1178 944 1322 982 notum
1344 940 1547 995 loquendi
1572 954 1708 995 genus

227 1009 374 1052 reduci
396 1013 538 1064 potest
557 1009 646 1064 sic,
678 1010 733 1052 Va·
754 1009 851 1051 illos
881 1017 1030 1064 suapte
1047 1039 1056 1049 .
1080 1007 1181 1050 item
1203 1008 1338 1051 Varro
1372 1008 1426 1051 de
1456 1009 1608 1063 lingua
1628 1010 1708 1052 La-

225 1077 316 1120 tina
341 1091 367 1118 v
387 1091 429 1132 p.
449 1077 526 1119 111
549 1077 715 1120 Deinde
738 1085 888 1133 postea
919 1092 1045 1132 quam
1077 1075 1290 1119 desierunt
1319 1093 1406 1120 esse
1436 1079 1618 1120 contenti
1642 1079 1708 1120 his

225 1161 332 1202 quae
362 1154 510 1202 suapte
547 1153 702 1187 ‘natura
720 1145 894 1201 ferebat
931 1145 1022 1187 sine
1056 1146 1153 1201 {qne
1173 1177 1184 1198 ,
1215 1146 1262 1187 in
1297 1161 1377 1201 quo
1408 1154 1527 1188 erant
1549 1162 1678 1201 poma
1694 1163 1708 1201 ,-

223 1213 297 1256 ubi
317 1217 432 1256 tacet
453 1213 686 1267 Miillerus,
709 1212 788 1255 sed
818 1222 966 1269 suapte
997 1221 1138 1268 sponte
1159 1212 1318 1267 legitur
1347 1213 1391 1254 in
1411 1227 1553 1256 rerum
1584 1215 1705 1256 rusti-

189 1318 210 1336 ,
224 1293 368 1324 carum
385 1295 446 1337 111,
464 1281 503 1336 7,
524 1281 545 1322 1
565 1314 574 1337 ,
598 1285 639 1324 et
656 1281 772 1336 apud
788 1279 1069 1323 Columellam
1087 1281 1131 1322 in
1151 1295 1208 1334 IX,
1226 1282 1261 1333 1,
1276 1282 1301 1323 6
1318 1282 1422 1323 cibis
1439 1298 1542 1337 quos
1558 1292 1706 1339 suapte

222 1358 381 1392 natura
411 1358 526 1392 terra
542 1351 682 1407 yzynv’t
700 1382 709 1392 .
731 1363 832 1392 nam
854 1348 970 1405 quod
1001 1349 1119 1404 apud
1142 1348 1380 1392 Charisium
1402 1353 1518 1392 extat
1538 1364 1578 1405 p.
1601 1351 1703 1406 195,

222 1417 418 1461 Seorsum
441 1450 450 1461 .
483 1418 584 1461 Caco
615 1434 772 1472 senex,
805 1418 963 1474 Suapte
998 1419 1112 1460 natio
1148 1434 1228 1459 sua
1263 1427 1462 1475 separata
1491 1435 1702 1473 seorsum,

221 1485 268 1528 id
289 1498 375 1528 non
395 1490 497 1541 puto
519 1499 779 1542 quemquam
800 1486 1051 1540 intellegere
1072 1498 1201 1540 posse
1220 1518 1229 1527 .
1252 1485 1470 1529 diversum
1491 1490 1556 1529 est
1576 1503 1706 1543 sapsa

220 1570 288 1597 res
317 1553 435 1610 apud
463 1554 637 1597 Festum
668 1568 708 1610 p.
727 1554 824 1610 325,
843 1555 924 1610 29,
947 1558 1062 1596 recto
1094 1567 1224 1609 casu3
1248 1554 1363 1609 quod
1404 1558 1469 1597 est
1499 1567 1552 1597 ea
1580 1555 1704 1610 ipsa,

221 1626 263 1666 et
291 1622 490 1665 scribitur
520 1638 642 1679 eapse
672 1623 717 1664 in
732 1623 878 1665 Plauti
908 1622 1154 1665 Cistellaria
1172 1637 1200 1677 1,
1218 1622 1256 1676 23
1278 1623 1326 1664 17
1361 1626 1402 1665 et
1432 1623 1478 1665 in
1507 1622 1704 1665 Rudente

220 1705 264 1747 11,
281 1691 321 1746 5,
339 1691 392 1733 21
411 1724 421 1746 ,
445 1707 539 1734 ease
568 1691 611 1732 in
633 1690 768 1733 Milite
788 1705 832 1746 11,
855 1692 890 1745 1,
911 1691 966 1734 63
984 1723 993 1732 .
1015 1699 1163 1747 suapte
1193 1691 1321 1745 igitur
1341 1691 1386 1733 in
1418 1690 1497 1733 hoc
1518 1691 1703 1733 Lucretii

220 1772 349 1803 versu
371 1792 382 1815 ,
414 1760 612 1815 quamvis
648 1772 799 1815 parum
838 1760 1063 1815 explorata
1108 1763 1194 1801 tam
1233 1760 1326 1802 miri
1366 1774 1469 1803 usus
1507 1762 1702 1816 origine,

219 1828 351 1871 Accio
383 1831 424 1871 et
455 1828 648 1871 Varrone
679 1828 927 1871 auctoribus
949 1828 1133 1871 fortasse
1161 1829 1433 1870 tolerandum
1465 1843 1560 1872 esse
1591 1829 1703 1871 dicc-

221 1909 337 1951 rem,
360 1897 398 1939 si
429 1897 597 1951 reliqua
627 1896 830 1951 expedita
861 1900 1029 1939 essent.
1053 1896 1133 1938 hoc
1163 1900 1306 1938 tamen
1337 1900 1555 1952 tamquam
1587 1911 1703 1940 mon-

221 1969 354 2007 strum
374 1964 607 2007 Lambinus
638 1969 684 2006 ut
704 1967 981 2020 procuraret,
1005 1964 1177 2020 scripsit
1208 1980 1311 2021 opus
1339 1965 1469 2021 efficit
1498 1967 1595 2022 ipsa
1625 1982 1704 2007 sua

219 2033 293 2087 vi5
312 2033 355 2074 in
375 2045 460 2087 quo
482 2037 666 2088 apparet
687 2045 784 2075 eum
814 2033 895 2075 arti
917 2045 1003 2074 non
1023 2033 1163 2086 magis
1191 2034 1574 2086 quamAvantium
1597 2035 1702 2077 satis

221 2101 402 2144 fecisse.
425 2105 467 2143 et
497 2105 589 2143 erat
618 2105 760 2144 tamen
799 2114 868 2144 res
900 2100 1109 2143 facillima
1147 2114 1233 2143 non
1265 2101 1393 2143 modo
1431 2102 1578 2144 sedem
1610 2102 1702 2145 vitii

220 2181 506 2224 cognoscere,
528 2170 607 2213 sed
640 2170 767 2213 etiam
803 2171 943 2225 ipsam
981 2170 1206 2212 veritatem
1238 2169 1442 2224 adsequi.
1466 2174 1531 2212 est
1561 2175 1702 2213 autem

220 2236 496 2280 scribendum
526 2237 613 2281 Sed
649 2247 805 2281 natura
844 2239 926 2280 loci
954 2252 1002 2278 vr
1032 2251 1144 2279 usus
1176 2251 1374 2279 ermom
1405 2239 1502 2294 ipsa
1531 2247 1702 2295 suapte.

220 2304 275 2348 de
305 2306 399 2348 ibus
430 2305 535 2348 satis
567 2305 725 2349 dictum
767 2310 832 2349 est
862 2306 918 2348 ad
956 2306 1110 2348 librum
1141 2320 1198 2359 1v,
1216 2306 1327 2350 934.
1350 2307 1397 2348 υἱ
1429 2319 1522 2348 cum
1556 2316 1592 2350 ec
1622 2323 1703 2363 quo

219 2374 435 2416 colliditur
471 2374 515 2415 in
546 2374 692 2429 11,549
714 2389 722 2416 :
745 2387 884 2430 neque
925 2389 1020 2418 esse
1056 2388 1130 2417 cur
1146 2404 1148 2406 ψ
1166 2375 1211 2416 id
1250 2387 1344 2417 cum
1381 2375 1503 2418 brevi
1534 2375 1704 2430 syllaba

217 2455 304 2484 non
334 2440 434 2498 fiat,
457 2442 547 2484 dixi
580 2442 636 2486 ad
668 2442 824 2484 librum
854 2457 881 2497 1,
903 2443 1038 2486 1091.

334 2510 430 2554 757.
468 2511 836 2562 QUADRIPE'DES
874 2524 1079 2557 QUOQUE
1117 2525 1212 2557 Quo
1255 2525 1402 2553 snum,
1440 2525 1501 2552 Ac
1539 2525 1703 2551 vsssm-

219 2591 302 2619 GIA
346 2593 536 2621 PRIMUM
581 2580 926 2635 INTULERINT,
959 2593 1208 2621 GRAVITER
1254 2594 1329 2620 VIS
1377 2593 1540 2621 COGAT
1587 2593 1701 2620 CON-

219 2660 404 2687 CIDERE
441 2649 834 2703 IPSA7MAN113US
871 2662 931 2689 UT
970 2663 1014 2689 SI
1051 2662 1158 2689 SINT
1195 2663 1329 2689 DIVIS
1359 2661 1589 2689 MACTATA
1621 2661 1702 2687 RE-

217 2727 377 2754 ΡΕΝΤΕ
394 2747 404 2756 .
426 2715 547 2758 Hunc
585 2716 813 2758 immanem
854 2717 1180 2770 soloecismum,
1205 2715 1489 2772 quadripedes
1522 2723 1703 2757 mactata

217 2783 302 2824 sim
321 2815 332 2836 ,
364 2783 617 2838 interpretes
653 2784 893 2826 castissimo
930 2785 1175 2826 Latinitatis
1221 2784 1383 2826 auctori
1431 2783 1703 2838 impudenter

218 2850 494 2906 adscribunt,
518 2851 674 2906 quibus
706 2851 812 2893 satis
851 2855 916 2894 est
954 2851 1069 2906 quod
1100 2850 1383 2907 quadripedes
1414 2851 1499 2893 alio
1530 2851 1703 2893 nomine

218 2919 427 2961 animalia
475 2919 544 2961 vel
591 2919 775 2961 iumenta
818 2920 964 2962 vocari
1010 2924 1190 2974 possunt
1217 2950 1226 2960 .
1265 2918 1346 2960 hoc
1390 2919 1540 2961 vitium
1586 2919 1701 2960 nullo

217 2986 304 3029 alio
335 2985 463 3033 modo
497 2985 581 3028 elui
611 2999 740 3041 posse
761 2990 862 3041 puto
886 3021 894 3042 ,
927 2987 1012 3030 nisi
1033 2990 1079 3029 ut
1108 2987 1345 3030 scribamus
1366 2987 1567 3030 Manibus
1599 2996 1643 3029 ut
1664 2988 1707 3029 sz'
