2040 3328
946 220 989 263 II
1646 225 1701 267 99

227 346 409 392 corpora
439 338 482 376 et
511 332 688 376 laedunt
719 346 896 390 sensus,
935 350 1136 377 venenum
1165 337 1354 378 sensibus
1385 337 1477 378 sive
1507 352 1702 378 sensuum

227 415 322 446 esse
352 401 550 444 dicuntur
567 434 576 443 .
594 401 657 443 sic
686 401 730 443 in
761 402 871 444 libro
902 417 957 456 vr,
976 403 1061 446 974
1089 404 1284 460 Denique
1313 405 1603 446 amaracinum
1620 404 1700 460 fu-

221 471 331 528 qitat
359 486 432 512 sus
463 478 500 512 et
529 471 642 512 timet
663 486 779 513 omne
808 471 1038 527 Unyentum
1056 487 1069 513 :
1098 487 1196 513 nam
1218 473 1437 528 saetiqeris
1457 473 1583 514 subus
1605 488 1702 514 acre

225 546 489 582 venenumst.
511 537 648 579 Varro
680 551 821 580 rerum
851 539 1103 581 rusticarum
1134 538 1244 582 libro
1275 555 1302 594 1,
1325 541 1364 595 2,
1390 541 1442 583 19
1474 541 1563 583 eius
1593 541 1701 583 enim

224 606 404 649 salivam
435 621 522 648 esse
537 605 733 661 fructuis
763 622 963 649 venenum
984 639 994 648 .
1024 607 1092 662 45,
1115 608 1142 650 2
1179 623 1380 650 venenum
1417 609 1526 650 enim
1559 608 1700 664 qelum

224 672 444 715 radicibus
475 673 636 715 tenellis
665 674 740 715 sub
772 682 911 728 terra,
944 683 981 717 et
1009 691 1142 731 supra
1171 676 1368 731 virqultis
1385 708 1393 718 .
1418 675 1487 727 51,
1509 676 1529 717 l
1561 677 1702 732 itaque

225 757 400 783 amurca
429 741 560 784 solent
584 741 845 798 perfundere
861 757 874 784 .·
905 758 954 785 ea
980 743 1088 785 enim
1109 743 1329 786 herbarum
1361 753 1398 786 et
1414 744 1702 800 formicarum

226 817 264 852 et
292 809 506 866 talparum
534 825 736 851 venenum
759 841 767 851 .

338 877 435 920 465.
466 891 642 918 munus
672 891 911 919 MIRABILE
941 893 1103 920 DEBET
1122 911 1131 922 .
1155 880 1239 921 Aut
1268 878 1394 934 periit
1423 879 1492 921 1110
1520 893 1700 936 versus,

224 946 344 989 velut
373 945 408 987 si
442 945 551 988 hune
580 944 792 999 fingamus
824 960 877 989 ex
907 947 1016 990 libro
1039 962 1077 1002 v,
1095 948 1176 990 487
1196 981 1205 1003 ,
1228 947 1358 1001 Esse,
1392 947 1506 1003 quod
1534 964 1701 1004 expres-

227 1031 300 1057 sus
320 1014 456 1057 terrai
472 1030 644 1070 corpore
658 1015 910 1070 primumst:
939 1020 1039 1070 aut,
1063 1015 1178 1070 quod.
1199 1015 1342 1059 verius
1363 1020 1465 1071 puto
1484 1049 1493 1070 ,
1517 1015 1702 1058 seriben-

226 1082 327 1125 dum
358 1085 422 1125 est
451 1081 646 1124 mirabile
675 1095 890 1124 HABEBIS
913 1115 922 1125 .
946 1097 1072 1139 quem
1103 1082 1335 1126 admodum
1368 1083 1438 1126 hic
1468 1083 1582 1126 debet
1597 1117 1608 1138 ‚
1642 1084 1702 1126 ita

226 1151 271 1194 in
302 1165 330 1206 1,
353 1150 435 1193 758
466 1149 590 1192 habes
621 1149 824 1205 scriptum
862 1156 926 1194 est
963 1165 1040 1207 pro
1077 1153 1245 1195 habebis
1267 1185 1277 1196 .
1305 1152 1443 1194 minus
1474 1151 1583 1194 bene
1614 1151 1701 1194 Ma-

227 1219 360 1262 rullus
391 1227 450 1261 est
479 1218 650 1260 minime
678 1219 872 1262 mirabile
902 1220 1136 1263 habendum
1155 1253 1164 1262 .

339 1287 436 1330 466.
468 1287 582 1329 NAM
612 1301 746 1334 Quoi>
785 1302 1038 1329 FLUVIDUS
1070 1302 1186 1342 Es'r,
1227 1303 1252 1329 E
1290 1302 1501 1330 anmus
1537 1301 1700 1334 ATQUE

226 1369 479 1398 nu'rUNms
503 1355 599 1397 Esr
618 1388 628 1411 ,
650 1370 675 1397 Ε
698 1370 906 1398 anfflus
927 1369 1095 1402 ATQUE
1115 1370 1343 1398 nuruum
1370 1370 1596 1397 ADMlxrA
1615 1370 1701 1398 Do-

225 1438 370 1466 10316
402 1423 668 1468 CORPORA.
692 1423 804 1467 Olim
834 1425 1029 1480 impressi
1061 1428 1103 1466 et
1122 1424 1329 1467 Marullus
1360 1424 1473 1467 unde
1488 1424 1702 1480 fluvidum

225 1501 284 1535 est
313 1492 574 1547 sumpserint
602 1492 757 1546 ignoro
780 1525 789 1535 .
813 1493 951 1535 Ennio
981 1492 1155 1547 quidem
1182 1505 1431 1535 eoncessum
1454 1491 1534 1534 fuit
1564 1496 1609 1534 ut
1640 1491 1700 1534 di-

227 1565 343 1604 06161
371 1561 486 1604 Dum
515 1560 683 1616 quidem
713 1577 822 1603 unus
852 1562 969 1604 homo
985 1594 996 1615 ,
1028 1561 1232 1604 Romanu’
1270 1569 1389 1618 toqa,
1420 1576 1546 1616 super
1576 1561 1700 1603 escit.

227 1628 302 1672 ubi
323 1628 649 1683 Lindemanpus
680 1629 737 1671 ad
760 1629 932 1671 Festum
962 1643 1004 1684 p.
1027 1629 1110 1672 673
1141 1627 1208 1671 ‘In
1240 1628 1408 1685 quidem
1437 1628 1587 1670 ultima
1615 1642 1702 1670 11011

227 1696 410 1739 eliditur'
443 1697 610 1751 inquit,
643 1696 707 1739 ‘ut
737 1710 868 1753 saepe
889 1696 1004 1753 apud
1027 1697 1211 1739 Ennium
1229 1697 1249 1739 .’
1283 1696 1343 1738 ita
1373 1695 1527 1739 divites
1558 1696 1702 1739 locun-

225 1768 319 1820 tur,
336 1763 409 1819 qui
430 1763 653 1807 thesauros
675 1778 775 1807 suos
792 1766 943 1808 nolunt
962 1765 1183 1808 recludere
1199 1797 1209 1808 .
1227 1765 1327 1807 mihi
1349 1778 1457 1807 unus
1478 1777 1531 1807 ex
1553 1763 1703 1807 eodem

227 1845 386 1887 genere
407 1845 557 1875 versus
578 1833 704 1876 Ennii
730 1833 938 1889 innotuit,
970 1834 1182 1890 Insiqnita
1199 1833 1302 1889 fere
1332 1842 1416 1875 tum
1446 1833 1564 1874 milia
1593 1833 1703 1875 mili-

227 1909 312 1942 tum
328 1909 415 1943 octo
431 1916 444 1942 .·
465 1901 594 1943 ceteri
614 1904 768 1955 poetae
788 1899 894 1942 nihil
915 1901 1010 1942 eius
1025 1900 1141 1942 modi
1157 1900 1442 1955 admiserunt,
1464 1899 1568 1955 quid
1589 1900 1703 1955 quod

226 1981 282 2010 ne
312 1980 366 2010 ex
396 1967 532 2010 altero
563 1968 733 2023 quidem
755 1967 895 2010 hiatus
916 1980 1075 2021 genere
1096 1969 1208 2010 ullus
1231 1967 1356 2009 Ennii
1378 1980 1526 2010 versus
1557 1971 1702 2023 extat3

229 2035 295 2078 eui
326 2035 520 2090 plerique
541 2036 749 2078 Lucilium
771 2036 815 2077 in
844 2036 991 2090 primis
1022 2035 1236 2078 studuisse
1266 2047 1352 2076 non
1383 2038 1495 2077 recte
1526 2035 1703 2090 opinan-

228 2106 324 2145 tur:
355 2116 454 2145 nam
485 2102 610 2146 huius
641 2104 669 2145 ii
701 2117 850 2147 versus
882 2116 990 2158 quos
1020 2102 1150 2146 habet
1180 2101 1421 2158 Porphyrio
1451 2102 1508 2145 ad
1538 2103 1704 2146 Horatii

228 2183 473 2213 sermonum
492 2185 520 2226 1,
537 2171 576 2226 3,
597 2171 678 2213 124
699 2171 892 2226 intellegi
908 2185 992 2214 non
1008 2175 1212 2227 possunt,
1230 2170 1439 2213 nisiinter
1460 2171 1584 2213 etiaim
1604 2172 1704 2215 haec

228 2237 472 2281 infuloimus
489 2240 567 2294 qui
578 2252 811 2294 pronomen
830 2255 839 2295 ς
870 2255 952 2282 non
983 2239 1084 2282 olum
1110 2240 1234 2282 etiam
1255 2239 1336 2294 qui
1351 2237 1450 2280 haec
1471 2240 1611 2281 omnia
1632 2240 1703 2282 ka-

230 2307 336 2349 bebit
354 2339 366 2360 ‚
397 2306 624 2349 Formosus
661 2307 777 2351 dives
808 2308 913 2350 liber
943 2323 1020 2350 rem
1049 2308 1156 2355 solu’
1194 2307 1393 2349 vocetur?
1422 2318 1559 2360 neque
1589 2308 1704 2363 apud

229 2374 416 2420 Nonium
436 2389 476 2430 p.
498 2375 591 2430 161,
612 2375 662 2418 17
685 2376 812 2418 scribi
833 2375 961 2419 debet
981 2375 1196 2432 Infama'm
1218 2374 1497 2428 inhonestam,
1529 2375 1604 2417 sed
1632 2376 1703 2417 In-

223 2442 393 2498 fumam
422 2451 640 2500 eye-statem
669 2452 910 2500 turpemque
931 2444 1067 2486 odisse
1077 2443 1286 2500 popinam
1300 2474 1311 2495 ,
1334 2442 1406 2484 ubi
1428 2441 1526 2484 libri
1547 2442 1705 2485 habent

228 2510 444 2566 Infamam
465 2511 677 2554 honestam
689 2528 705 2566 ,·
724 2524 862 2568 neque
883 2511 1042 2554 ibidem
1064 2525 1106 2567 p.
1124 2510 1219 2565 398,
1237 2510 1292 2552 33
1310 2508 1499 2553 Samiam
1519 2511 1583 2552 ibi
1595 2542 1604 2564 ,
1627 2509 1704 2553 sed

229 2576 312 2620 1100
326 2577 454 2620 1110ᾶο
471 2609 482 2633 ,
498 2579 626 2622 Hanc
647 2580 724 2622 ubi
740 2579 829 2622 vult
851 2579 959 2622 male
981 2580 1130 2622 habere
1144 2612 1155 2634 ,
1173 2578 1324 2620 ulcisci
1332 2593 1413 2634 pro
1428 2577 1579 2620 scelere
1595 2579 1702 2632 eius,

233 2645 396 2687 Testam
421 2648 546 2688 sumit
565 2647 683 2690 homo
703 2647 893 2691 Samiam
913 2648 1000 2690 sibi
1009 2680 1020 2701 ‚
1043 2645 1278 2702 ‘anoplzele’
1299 2645 1461 2700 inquit,
1489 2644 1706 2687 Praecidit

230 2712 389 2755 caulem
406 2745 416 2766 ,
439 2714 633 2770 testisque
653 2731 740 2756 una
759 2724 948 2770 amputat
968 2715 1085 2757 ambo
1100 2747 1111 2767 ,
1134 2726 1227 2755 011111
1248 2713 1293 2754 111
1314 2712 1433 2754 libris
1454 2712 1508 2753 sit
1527 2713 1705 2755 samiam

230 2780 297 2822 ibi
327 2780 547 2823 anunotelo
575 2782 744 2837 inquit.
772 2781 852 2824 1100
881 2786 1024 2824 tamen
1054 2781 1189 2823 altero
1220 2791 1378 2834 genere
1408 2778 1622 2821 Tibullum
1654 2792 1705 2821 ac

230 2847 501 2902 Propertium
530 2860 632 2890 usos
663 2861 759 2891 esse
789 2862 875 2891 non
906 2862 1015 2903 nego
1037 2863 1046 2890 ε
1068 2860 1206 2903 neque
1237 2846 1282 2888 id
1312 2859 1339 2888 a
1359 2846 1555 2889 Martiale
1587 2846 1705 2889 ahiu-

232 2914 462 2958 dieandum
478 2919 543 2958 est
559 2948 569 2971 ,
597 2916 668 2970 qui
685 2916 855 2971 scripsit
869 2916 913 2958 in
930 2931 990 2968 111,
1008 2917 1034 2959 3
1057 2917 1147 2959 Aut
1161 2915 1286 2971 aperi
1293 2914 1460 2971 faciem
1475 2947 1486 2969 ‚
1509 2924 1581 2958 aut
1597 2917 1704 2958 tuni-

233 2992 328 3026 cata
359 2983 486 3025 lava:
523 2983 600 3026 sed
638 2983 753 3039 apud
789 2983 1001 3026 Catullum
1033 2985 1101 3039 97,
1127 2984 1152 3026 2
1189 2982 1287 3025 Itali
1327 2985 1438 3024 recte
1468 2999 1518 3025 ne
1554 2983 1704 3026 addito

1379 3050 1438 3093 7³<
