2040 3328
875 235 940 277 ΠΙ
1573 238 1650 281 181

158 369 249 410 pus
269 359 366 394 eunt
379 367 395 406 ,-
421 348 535 405 quod
556 348 660 392 mihi
693 348 861 392 videtur
881 362 1030 393 verum
1049 382 1060 392 .
1083 349 1144 393 ita
1166 363 1297 406 supra
1313 351 1395 394 667
1413 352 1542 394 simul
1560 368 1651 394 cum

169 420 353 476 Corpore
369 451 380 461 .

282 486 378 530 710.
410 500 539 534 QUAE
570 500 695 528 TUNc
725 501 892 528 PERIIT
909 519 918 527 .
936 486 1007 530 Sic
1027 486 1228 530 Vossiani
1251 491 1292 530 et
1314 488 1522 532 Marullus
1537 520 1546 530 .
1565 489 1652 531 An-

166 554 306 597 tonius
337 554 462 598 Marii
495 553 608 598 filius
639 564 736 597 tune
759 555 920 612 peritae
943 587 952 598 .
976 554 1077 597 olim
1107 555 1306 611 impressi
1338 570 1436 598 TUM
1459 558 1622 614 peritae
1638 591 1650 613 ,

165 623 276 666 bene
305 623 516 679 alterum,
553 623 735 666 alterum
766 635 916 666 secus.

280 691 375 734 718.
407 691 476 734 Εἰ·
505 705 697 733 NULLAS
727 705 907 733 PAR‘rxs
931 722 942 732 .
963 691 1168 746 Impressi
1201 691 1274 734 UT
1297 723 1306 732 .

279 759 377 808 719.
409 773 593 803 vmmm
610 792 620 802 .
637 759 736 802 Itali
758 771 1070 801 v1scssnn.ex
1087 759 1296 814 proximis
1314 760 1481 803 Nonius
1497 761 1647 817 p.103‚

165 829 192 871 9
221 828 353 870 utitur
382 828 457 870 illo
487 840 642 884 versu,
674 828 794 870 Eaeos
824 836 861 870 et
891 827 1146 883 exsanyuz‘s.

280 896 376 939 723.
407 910 465 937 ΕΤ
494 909 695 937 vaAsr
724 909 955 938 CORPORA
988 908 1146 936 POSSE
1176 909 1367 938 VENIRE
1389 929 1398 939 .
1423 896 1647 952 oblongus

163 980 335 1022 corpore
351 996 360 1006 .
379 969 591 1008 corrector
612 963 810 1019 quadrati
842 967 884 1006 et
914 963 1013 1006 Itali
1035 964 1190 1021 privas
1220 979 1268 1005 m
1299 981 1478 1022 corpora
1499 998 1508 1007 .
1531 965 1648 1021 apud

163 1033 351 1076 Nonium
383 1047 425 1089 p.
451 1033 545 1088 159,
562 1032 617 1075 28
654 1041 691 1075 et
722 1033 872 1089 privas
908 1033 954 1075 in
995 1047 1135 1075 eorum
1157 1048 1286 1089 posse
1315 1035 1457 1076 venire
1487 1066 1497 1076 .
1529 1033 1646 1089 apud

164 1100 346 1144 eundem
376 1105 442 1144 est
471 1100 624 1143 invadi
648 1113 726 1156 pro
757 1101 981 1143 insinuari
989 1117 1004 1155 ,-
1033 1113 1118 1155 quo
1150 1101 1346 1156 exemplo
1368 1100 1522 1144 Lucilii
1553 1114 1647 1144 ver-

163 1182 237 1211 sus
272 1169 317 1211 in
357 1168 548 1212 eiusdem
587 1168 718 1211 Nonii
748 1168 858 1211 libro
890 1183 931 1224 p.
957 1168 1050 1224 125,
1072 1168 1125 1211 10
1155 1169 1316 1211 relatus
1346 1168 1643 1213 emendandus

162 1240 228 1279 est
243 1269 254 1289 ,
275 1251 395 1279 suam
417 1238 525 1279 enim
546 1237 768 1280 insinuare
789 1237 989 1280 innubere
1010 1246 1175 1279 censent
1190 1253 1203 1279 .·
1234 1238 1500 1293 exemplaria
1530 1238 1645 1281 enim

161 1304 319 1347 habent
348 1320 469 1347 suam
499 1305 608 1347 enim
637 1304 838 1348 invadere
868 1314 992 1361 atque
1022 1305 1222 1348 innubere
1252 1314 1417 1348 censent
1437 1337 1447 1348 .

275 1371 370 1415 725.
402 1385 500 1413 Hoc
531 1386 699 1414 TAMEN
729 1387 817 1414 EST
858 1373 954 1415 726.
987 1373 1058 1416 UT
1090 1386 1434 1419 QUAERENDUM
1463 1388 1645 1416 vaA-

161 1454 253 1482 run
270 1473 279 1482 .
299 1440 367 1482 Ita
386 1444 564 1495 uterque
585 1440 721 1484 codex
743 1445 784 1484 et
799 1441 1037 1484 Brixiensis
1054 1441 1185 1483 editio
1205 1441 1402 1485 versibus
1423 1443 1538 1485 male
1558 1442 1643 1486 dis-

159 1509 301 1552 tinctis
317 1540 328 1551 .
345 1508 542 1552 similiter
557 1508 772 1552 Mediceus
788 1509 967 1564 Vergilii
989 1509 1127 1552 codex
1144 1509 1296 1565 ecloga
1310 1524 1368 1565 1x,
1386 1510 1439 1552 27
1458 1523 1485 1553 a
1504 1510 1645 1566 prima

159 1590 289 1620 manu
317 1577 363 1619 in
392 1576 477 1621 fine
506 1591 656 1621 versus
687 1586 884 1635 superent
911 1577 1032 1621 modo
1063 1579 1271 1635 Mantua,
1304 1591 1356 1622 ac
1386 1583 1476 1622 tum
1506 1579 1549 1621 in
1583 1579 1643 1622 al-

159 1644 293 1687 terius
326 1645 538 1703 principio
568 1647 702 1690 Nobis
732 1646 913 1688 Mantua
942 1662 989 1688 ve
1018 1647 1168 1690 misere
1199 1678 1209 1688 .
1240 1647 1340 1690 hinc
1375 1647 1641 1703 praesidium

158 1718 304 1769 petere
333 1726 508 1769 possum
541 1713 830 1758 emendationi
861 1727 1012 1771 meae,
1035 1727 1122 1770 qua
1148 1715 1250 1758 olim
1278 1716 1323 1758 in
1345 1716 1557 1772 Propertii
1578 1731 1641 1772 111,

157 1780 226 1836 34,
247 1781 302 1824 39
323 1781 475 1838 scripsi
497 1816 506 1838 ,
529 1783 647 1838 quod
669 1796 723 1825 ne
743 1795 857 1825 nunc
883 1782 1059 1837 quidem
1079 1787 1196 1826 muto
1214 1817 1224 1837 ,
1246 1785 1344 1827 Non
1363 1801 1521 1842 mayna
1541 1785 1642 1827 Am-

153 1849 385 1906 phiarae'ae
415 1859 596 1907 prosunt
635 1851 716 1894 tibi
746 1851 854 1907 fata
896 1851 1142 1908 Quaderqae
1180 1861 1254 1895 aut
1290 1852 1484 1909 Capanei
1514 1861 1643 1909 qrata

157 1918 286 1961 ruina
306 1918 429 1961 Iovi:
457 1918 555 1961 libri
588 1919 702 1962 enim
722 1918 884 1962 habent
903 1920 1001 1962 Non
1022 1920 1309 1977 Amphiareae
1325 1929 1506 1976 prosunt
1528 1919 1640 1977 (pro-

157 1987 260 2043 sint)
301 1987 381 2029 tibi
402 1987 510 2043 fata
539 1987 776 2044 quadrzyae
805 1987 895 2030 Aut
924 1987 1119 2045 Capanei
1145 1986 1326 2045 [maqm]
1355 1996 1484 2045 qrata
1512 1989 1642 2031 ruina

156 2055 255 2097 Iovi
268 2086 278 2097 .
295 2054 377 2097 hoc
403 2054 503 2097 ideo
531 2054 599 2097 hic
628 2054 906 2110 repetendum
936 2055 1066 2111 duxi,
1089 2055 1206 2110 quod
1226 2055 1528 2110 Hertzbergius
1559 2056 1641 2100 lec-

157 2126 291 2165 torem
323 2122 462 2178 fallit,
494 2135 588 2165 cum
624 2123 705 2165 tibi
735 2136 763 2165 a
792 2123 1103 2166 correctoribus
1140 2123 1334 2166 additum
1365 2123 1494 2180 dicit,
1526 2123 1641 2180 quod

156 2190 254 2233 libri
285 2203 433 2233 omnes
463 2190 696 2233 exhibent.

271 2258 367 2302 732.
404 2258 675 2301 Somnum-E
711 2273 966 2301 vomrAN‘r
997 2273 1181 2301 Mossnxs
1218 2274 1458 2308 ALGOQUE
1487 2275 1640 2304 FAME-

157 2341 254 2374 Qun
285 2359 295 2370 .
327 2326 551 2382 Oblongus
580 2328 841 2371 Sollz'cz'catae
873 2361 883 2371 .
913 2342 1149 2375 ALGUQUE
1181 2324 1344 2384 primus
1374 2329 1636 2386 Lambinus,

155 2395 271 2451 quod
301 2396 440 2451 ipsum
473 2395 644 2439 codices
666 2396 797 2438 Nonii
825 2410 866 2452 p.
890 2396 1030 2451 72,13
1059 2396 1220 2441 habere
1249 2401 1403 2454 postea
1433 2412 1487 2442 ex
1517 2399 1638 2442 Iunio

155 2463 434 2519 Merceroque
464 2465 691 2520 apparuit.

270 2532 366 2575 733.
398 2546 560 2573 vxrns
591 2546 779 2574 Aurum
808 2564 817 2574 .
848 2532 919 2575 Sic
950 2532 1091 2588 prima
1121 2546 1251 2577 manu
1282 2535 1524 2590 oblongus,
1556 2535 1639 2578 nisi

157 2599 311 2655 fallor3
342 2613 370 2643 a
398 2604 635 2643 correctore
666 2610 703 2644 et
718 2601 842 2658 fine.-
872 2601 1109 2656 quadratus
1140 2603 1294 2658 atfine.

270 2668 366 2710 734.
397 2682 632 2710 CONTAGE
662 2683 914 2710 runem-un
942 2683 1060 2711 mus
1093 2701 1102 2711 .
1132 2669 1199 2712 Ita
1229 2671 1455 2726 scripsisse
1485 2671 1639 2714 Lucre-

156 2734 258 2777 tium
288 2748 374 2778 non
405 2739 469 2779 est
495 2736 588 2779 veri
619 2736 782 2791 simile,
812 2738 1015 2792 quoniam
1036 2737 1220 2780 eundem
1242 2738 1479 2782 ablativum
1514 2740 1639 2782 coni-

155 2803 250 2858 puit
268 2802 314 2844 in
334 2816 391 2858 1v,
409 2804 490 2846 311
510 2836 519 2845 .
537 2804 692 2846 rectius
713 2805 948 2848 scribemus
969 2818 1288 2847 com-Aemus
1307 2839 1317 2861 ,
1342 2819 1426 2861 quo
1448 2806 1514 2850 bis
1536 2820 1638 2851 usus

156 2874 221 2913 est
251 2870 294 2912 in
324 2885 381 2926 v1,
399 2871 484 2914 280
507 2871 616 2913 1242
634 2886 644 2913 2
664 2872 709 2914 id
739 2872 926 2915 librariis
958 2871 1238 2929 displicebat,
1262 2878 1306 2916 ut
1337 2875 1471 2918 multa
1501 2887 1555 2918 ex
1586 2888 1637 2919 eo

155 2951 340 2994 genere,
371 2938 415 2980 in
447 2938 602 2995 quibus
633 2956 653 2981 s
683 2939 826 2982 littera
857 2938 1059 2982 eliditur.
