2040 3328
442 239 525 282 310
1146 239 1183 280 V

442 364 483 404 p.
499 349 581 392 435
604 382 613 391 .
645 351 871 403 Euhenus,
903 349 1045 391 nescio
1081 360 1206 402 quam
1241 351 1379 401 recte,
1401 348 1443 389 in
1473 348 1633 403 Hygini
1664 349 1749 392 fab.
1769 349 1890 392 1334

446 417 526 459 162
541 417 623 458 242
639 448 648 458 .

555 482 648 524 745.
680 495 893 522 numurus
924 495 1135 522 romnus
1152 513 1162 523 .
1191 479 1431 531 Quadratus
1454 482 1590 536 polle.
1613 481 1726 537 apud
1755 480 1888 524 Isido-

443 562 533 591 rum
566 549 672 602 orig.
694 562 782 603 xm,
803 548 851 588 11
884 548 1199 591 Lindemannus
1230 546 1348 588 dedit
1376 555 1531 590 terrens
1560 561 1613 591 ex
1642 547 1890 604 Guelferby-

444 619 543 657 tano
574 615 719 657 codice
736 647 745 656 .

554 681 648 723 747.
678 682 833 724 anr
863 695 1039 722 meurs
1061 694 1307 727 suomi-nn
1337 694 1607 722 ennon-nus
1632 695 1756 723 nanc
1774 695 1890 722 Dun-

443 762 586 789 szus
622 762 736 789 ALGI
759 779 768 790 .
801 747 1040 799 Quadratus
1077 749 1204 790 hiems
1225 777 1234 789 .
1266 747 1419 789 deinde
1455 747 1566 789 idem
1603 749 1735 790 hanc:
1764 749 1890 790 ceteri

444 828 536 856 cum
569 814 752 868 oblongo
784 831 833 856 ac
848 847 859 868 ,
883 814 994 869 quod
1025 814 1255 867 legitimum
1276 814 1497 856 verborum
1517 813 1706 857 ordinem
1725 827 1892 870 perver-

443 882 519 924 tit.
541 895 810 922 CREPITANS
842 881 937 923 Itali
960 912 969 921 .
1001 885 1119 934 tum,
1151 874 1347 934 quoniam
1376 881 1469 936 alyi
1484 894 1568 922 non
1597 885 1734 935 potest
1762 881 1888 937 ferri,

443 948 693 990 tutissimum
725 952 788 990 est
817 947 998 989 scribere
1027 960 1189 987 ALGOR
1207 978 1218 1000 ‚
1249 959 1331 1000 quo
1366 946 1493 1001 poeta
1532 947 1575 988 in
1604 961 1664 1001 111,
1681 948 1762 990 623
1791 961 1892 991 usus

445 1019 534 1056 est.
557 1015 678 1069 ccl-qus
708 1013 938 1055 Lambinus
956 1028 966 1067 3
987 1013 1105 1055 cuius
1135 1013 1295 1055 formae
1325 1018 1470 1056 auctor
1501 1013 1640 1056 nullus
1670 1018 1783 1056 extat
1810 1014 1892 1056 nisi

444 1080 685 1122 Priscianus
701 1093 741 1134 p.
754 1080 836 1122 699
853 1111 863 1134 ,
885 1079 955 1133 qui
972 1080 1209 1134 exemplum
1224 1081 1456 1123 accusativi
1473 1080 1715 1125 Plautinum
1726 1079 1867 1123 adfert
1883 1095 1892 1123 :

445 1147 623 1189 ablativi
644 1146 773 1188 multo
793 1146 917 1200 plura
936 1150 1060 1188 sunt.
1082 1145 1372 1189 Wakefieldus
1401 1148 1502 1203 alyu
1516 1180 1528 1201 ,
1550 1147 1681 1190 verba
1701 1146 1893 1191 charisio

443 1228 484 1269 p.
503 1214 556 1255 23
587 1212 741 1255 adficta
771 1216 965 1266 secutus,
988 1225 1098 1266 quae
1127 1216 1223 1255 sunt
1251 1213 1365 1267 apud
1395 1213 1636 1256 Putschium
1665 1213 1794 1269 haec,
1820 1215 1893 1257 hoe

445 1282 546 1336 alyn
578 1278 629 1322 τὸ
667 1275 822 1335 κρύος,
846 1291 1021 1333 quorum
1057 1278 1160 1320 nihil
1194 1279 1236 1321 in
1275 1279 1419 1322 codice
1457 1293 1551 1323 esse
1581 1280 1894 1324 Lindemannus

446 1347 586 1389 docuit
616 1360 655 1401 p.
677 1347 754 1388 19.
777 1346 822 1387 in
851 1358 999 1388 versus
1025 1345 1142 1387 initio
1173 1358 1318 1388 omnes
1336 1347 1468 1389 Italos
1497 1346 1647 1390 imitati
1678 1352 1799 1402 sunt,
1821 1348 1892 1402 qui

445 1414 635 1456 fecerunt
676 1412 859 1454 Tandem
901 1413 1047 1454 bruma
1090 1413 1203 1454 nives
1247 1413 1386 1468 adfert
1422 1414 1674 1470 pigrumque
1714 1415 1893 1470 rigorem

445 1480 599 1523 Reddit
614 1496 628 1534 ,-
654 1479 766 1533 quod
794 1492 931 1533 neque
961 1479 1188 1533 intellegO,
1216 1492 1379 1533 neque,
1401 1481 1438 1521 si
1468 1480 1782 1536 intellegerem,
1803 1494 1894 1524 ver-

446 1548 543 1590 bum
574 1546 783 1601 ignaviter
804 1545 993 1587 additum
1012 1545 1235 1600 probarem
1253 1578 1263 1588 .
1283 1549 1410 1600 poeta
1429 1550 1474 1588 ut
1494 1550 1591 1589 ante
1612 1546 1719 1589 dixit
1737 1547 1778 1590 It
1797 1563 1867 1590 ver
1882 1580 1893 1602 ,

447 1622 667 1656 autumnus
697 1612 811 1666 adit,
832 1612 893 1654 ita
926 1611 994 1653 hic
1031 1611 1198 1654 videtur
1234 1613 1453 1667 scripsisse
1483 1614 1674 1655 Pssomr
1710 1615 1893 1670 hiemps.

559 1679 654 1722 750.
687 1679 789 1722 Cum
818 1692 963 1719 rnatu
991 1692 1189 1719 POSSINT
1208 1711 1217 1720 .
1239 1679 1443 1722 Marullus
1471 1693 1629 1722 muru.

559 1746 652 1789 753.
683 1759 875 1786 TERRAM
897 1759 1179 1786 SECLUDERE
1209 1759 1371 1787 Possrs
1401 1746 1621 1787 Lunum.
1643 1747 1893 1802 Lambinus,

447 1813 561 1868 quod
594 1814 707 1868 scio,
728 1813 914 1867 primuS,
937 1811 978 1854 et
1006 1811 1177 1866 quidem
1207 1812 1357 1867 tacite,
1379 1827 1512 1854 sons
1542 1814 1719 1856 Lumine
1734 1844 1744 1855 .

560 1880 655 1923 756.
686 1881 920 1921 TEMPORE
949 1892 1113 1919 EADEM
1134 1910 1143 1920 .
1174 1879 1272 1920 Mox
1302 1879 1382 1922 765
1411 1893 1601 1921 EODEM.

560 1947 655 1988 761.
685 1959 845 1992 ATQUE
874 1959 1066 1986 rmum.
1088 1945 1185 1987 Itali
1214 1950 1255 1987 et
1284 1946 1484 1988 Marullus
1513 1960 1717 1987 PERIRE.
1740 1946 1894 1990 Wake-

448 2013 595 2055 fieldus
627 2011 810 2055 absurde
831 2013 1001 2068 pareri,
1023 2011 1067 2053 id
1097 2015 1160 2054 est
1188 2012 1348 2055 creari.

561 2080 654 2123 764.
686 2079 779 2121 771.
811 2093 922 2119 com
955 2092 1256 2120 PERMBITUR
1291 2093 1479 2120 UMBRAS
1501 2111 1511 2121 .
1543 2079 1782 2131 Quadratus
1820 2084 1894 2125 οῦ.

447 2160 755 2188 PERLAmrua
791 2145 914 2200 Itali,
941 2145 1171 2188 Brixiensis
1207 2146 1371 2200 editor,
1403 2147 1604 2189 Marullus
1626 2179 1635 2188 .
1668 2147 1777 2191 hunc
1805 2162 1895 2192 ver-

450 2226 568 2267 sum,
591 2226 672 2267 quo
704 2214 796 2255 loco
827 2212 1028 2266 iteratur,
1051 2212 1280 2254 Lambinus
1310 2213 1467 2255 delevit
1495 2214 1678 2268 primus.

561 2280 654 2322 768.
687 2294 728 2319 SI
757 2293 942 2319 runem
962 2292 1087 2319 LUNA
1104 2310 1113 2319 .
1136 2279 1267 2321 Immo
1288 2281 1331 2322 si
1349 2293 1549 2334 runem,
1571 2284 1616 2322 ut
1642 2283 1754 2323 recte
1773 2282 1896 2323 Lam-

449 2347 572 2389 binus
604 2349 644 2387 et
665 2345 888 2399 Gifanius,
918 2345 1017 2399 quia
1046 2345 1113 2387 hic
1141 2348 1268 2399 poeta
1302 2358 1508 2400 nusquam
1544 2346 1709 2389 videtur
1737 2346 1896 2390 dixisse

435 2413 741 2470 fulqeofutqes
760 2442 769 2452 .
790 2424 888 2453 nam
905 2424 1039 2464 neque
1055 2424 1184 2465 supra
1198 2412 1282 2455 570
1299 2413 1566 2468 Zoeafulyenc
1581 2413 1680 2454 ferri
1695 2425 1822 2467 posse
1837 2413 1897 2455 vi-

449 2479 586 2521 dimus
605 2511 613 2532 ,
635 2490 771 2532 neque
790 2478 834 2519 in
856 2491 898 2532 11,
916 2478 967 2519 27
990 2478 1338 2534 arqentofulyet:
1359 2478 1412 2520 de
1433 2478 1528 2520 libri
1549 2482 1688 2520 autem
1708 2493 1751 2519 V1
1770 2492 1896 2523 versu

449 2547 531 2588 213
562 2547 606 2587 in
636 2545 729 2586 loco
760 2556 934 2597 agemus
952 2576 962 2586 .
984 2545 1126 2598 itaque
1146 2557 1200 2586 ne
1227 2545 1405 2600 refidqet
1434 2544 1603 2599 quidem
1632 2545 1897 2599 probandum

450 2613 673 2667 quisquam
702 2611 850 2664 ducet,
872 2610 985 2664 quod
1005 2623 1081 2665 per
1111 2623 1157 2653 sc
1177 2623 1259 2652 non
1286 2611 1564 2665 suspiciosum
1584 2615 1700 2654 extat
1726 2613 1770 2654 in
1789 2613 1896 2655 libro

448 2694 492 2734 11,
509 2679 592 2722 800
612 2711 622 2721 .
654 2681 835 2720 ceterum
861 2677 1053 2731 imperite
1073 2677 1235 2720 Seneca
1263 2678 1515 2720 naturalium
1545 2679 1834 2732 quaestionum
1851 2693 1896 2733 11,

448 2746 503 2788 56
538 2749 702 2788 veteres
743 2743 802 2785 ad
843 2744 1160 2800 szquflcandam
1197 2745 1301 2786 hanc
1337 2761 1357 2787 e
1391 2745 1567 2787 nubibus
1601 2745 1757 2787 subitae
1791 2745 1896 2787 lucis

451 2813 701 2867 eruptionem
729 2810 866 2853 media
885 2811 1047 2867 syllaba
1075 2820 1262 2867 correpta
1278 2811 1452 2867 fulyere
1473 2810 1630 2853 dixisse
1660 2811 1814 2853 refert:
1835 2810 1895 2853 di-

450 2882 602 2919 xerunt
623 2877 734 2919 enim
754 2878 814 2919 ita
835 2877 887 2920 de
909 2877 1071 2931 fulgore
1092 2891 1352 2932 quocumque
1374 2891 1465 2919 cum
1486 2881 1674 2931 veteres,
1695 2881 1782 2920 tum
1801 2876 1895 2919 doc-

450 2944 530 2986 tior
550 2943 711 2986 Seneca
742 2943 932 2987 Valerius
961 2944 1136 2986 Flaccus
1167 2945 1209 2986 in
1235 2958 1323 2999 vm,
1340 2944 1423 2986 284
1451 2953 1506 2986 tot
1519 2945 1694 3000 fulqere
1723 2942 1867 2986 taedas
1883 2974 1893 2985 .
