2040 3328
923 229 985 273 IV
1605 227 1689 272 259

210 346 301 390 veri
331 344 504 399 docuit,
526 342 629 385 inde
650 342 733 385 722
763 342 819 384 ad
850 346 989 385 motus
1020 342 1152 384 animi
1183 341 1462 398 explicandos
1490 342 1688 385 transiit.

211 414 277 456 his
297 413 380 456 826
410 411 617 454 absolutis
639 423 762 453 nemo
784 410 976 466 profecto
998 410 1223 453 miraretur
1243 443 1253 466 ‚
1276 410 1311 452 si
1334 410 1476 452 statim
1498 422 1550 452 ea
1577 422 1690 465 quae

211 481 266 524 ab
301 480 445 523 animo
476 480 642 522 initium
673 491 829 534 capere
859 479 1015 533 docet,
1044 491 1270 534 gressum,
1299 491 1523 532 somnum,
1552 477 1687 520 Vene-

210 561 326 603 rem,
349 548 591 591 subiceret.
619 560 732 590 nune
762 560 864 590 vero
895 550 995 589 ante
1026 559 1150 600 quam
1183 546 1239 589 ad
1269 547 1375 589 haec
1404 547 1485 589 877
1515 545 1691 588 acceda-

210 621 304 672 tur,
325 617 414 659 alia
435 629 488 659 ex
510 616 682 658 diverso
705 628 864 670 genere
884 614 1107 657 interiecta
1126 618 1250 665 sunt,
1273 627 1384 668 quae
1405 628 1491 657 non
1518 614 1575 656 ad
1601 614 1691 656 ani-

211 698 326 728 mum
356 684 433 728 sed
464 684 522 727 ad
552 697 703 726 sensus
736 687 778 726 et
815 683 870 726 ad
907 696 1060 738 corpus
1098 682 1342 738 pertinent:
1373 695 1474 725 nam
1508 682 1692 738 primum

212 752 446 796 822-857
486 765 638 795 sensus
672 765 758 794 non
795 765 891 794 esse
931 751 1128 794 utilitatis
1170 763 1302 793 eausa
1337 755 1502 793 creatos
1540 751 1691 806 docet,

212 820 371 864 deinde
391 821 616 864 858—876
647 820 886 862 animantes
917 819 1015 862 ideo
1046 823 1201 874 sponte
1231 817 1370 861 eibum
1400 832 1606 874 quaerere
1627 833 1692 862 os—

211 889 373 945 tendit,
395 888 511 944 quod
541 901 694 944 corpus
723 889 865 931 multis
895 888 1090 944 partibus
1122 886 1394 930 effluentibus
1426 887 1693 931 debilitatum

211 959 326 1002 vires
355 958 545 1012 recipere
567 957 753 1000 debeat.
775 957 926 999 horum
956 957 1103 1010 priora
1133 969 1262 1011 quam
1292 956 1450 998 similia
1481 956 1576 999 aliis
1607 957 1694 999 sint

212 1040 308 1070 cum
338 1029 537 1070 contextu
569 1026 769 1068 carminis
800 1038 886 1067 non
917 1025 1056 1080 aptius
1088 1025 1355 1079 coniunctis,
1385 1024 1441 1067 ad
1472 1025 1626 1067 librum
1648 1039 1691 1079 11,

216 1096 297 1139 165
317 1094 557 1150 significavi
575 1109 583 1136 :
607 1094 787 1136 alterum
814 1097 969 1148 poetae
989 1097 1078 1134 tum
1101 1093 1143 1134 in
1164 1097 1348 1134 mentem
1368 1093 1540 1135 venisse
1561 1094 1693 1135 mani-

213 1164 370 1207 festum
399 1167 464 1206 est
490 1196 500 1218 ,
533 1176 625 1204 cum
657 1175 710 1204 ea
739 1162 980 1217 scripsisset
1014 1161 1166 1215 quibus
1202 1160 1416 1215 quomodo
1456 1162 1576 1204 cibus
1605 1162 1694 1203 ani-

214 1245 328 1275 mam
364 1230 566 1274 adficeret
603 1230 800 1285 exposuit
835 1229 1068 1273 954—961
1094 1262 1103 1270 .
1135 1233 1316 1283 utraque
1351 1230 1406 1272 ab
1442 1233 1694 1283 argumento

213 1299 311 1342 libri
331 1298 471 1354 quarti
492 1299 636 1341 aliena
656 1311 743 1340 non
769 1303 890 1352 sunt,
914 1297 991 1339 sed
1021 1309 1101 1338 nec
1131 1310 1208 1339 suo
1240 1298 1334 1340 loco
1365 1298 1533 1353 posita,
1557 1311 1695 1352 neque

213 1369 277 1410 ita
295 1368 456 1423 scripta
475 1371 521 1409 ut
546 1366 623 1408 ulli
655 1366 855 1408 carminis
886 1367 998 1422 parti
1027 1371 1141 1408 reete
1170 1365 1301 1408 inseri
1331 1367 1500 1421 possint
1522 1399 1530 1407 .
1553 1366 1696 1420 itaque

214 1435 320 1490 haec
355 1448 525 1490 quoque
560 1434 645 1477 alio
682 1438 872 1490 tempore
908 1435 1144 1490 composita
1178 1436 1314 1489 sunt,
1348 1447 1442 1476 oum
1478 1438 1609 1490 poe'ta
1644 1447 1697 1477 ea

215 1517 327 1559 quae
356 1504 444 1546 iam
473 1503 711 1558 perscripta
740 1507 883 1546 essent
911 1517 997 1546 non
1027 1502 1204 1545 haberet
1233 1502 1277 1544 in
1307 1502 1505 1545 manibus
1523 1535 1532 1544 .

329 1572 426 1616 825.
471 1571 785 1613 Pnosmcnm:
825 1586 884 1613 UT
922 1585 1167 1613 possmus
1197 1604 1206 1622 ,
1243 1585 1300 1611 ΕΤ
1341 1585 1401 1612 UT
1439 1585 1695 1616 PROFERRE

215 1655 302 1684 vu
338 1642 606 1683 Pnocsnos
647 1654 825 1682 PAssUS
857 1673 866 1682 .
902 1641 1038 1682 Immo
1075 1640 1236 1682 lumina
1276 1639 1488 1682 oculorum
1524 1649 1695 1695 creata,

214 1711 465 1767 Prospicere
493 1718 539 1751 ut
567 1722 816 1750 Possumus
839 1723 847 1749 :
874 1708 934 1750 ita
964 1708 1075 1750 enim
1107 1720 1277 1763 semper
1307 1708 1555 1762 Lucretius,
1577 1712 1623 1750 ut
1653 1708 1697 1750 in

214 1778 422 1835 proximis
452 1777 667 1820 Bracchia
697 1785 783 1818 tum
813 1791 943 1832 porro
973 1775 1131 1818 validis
1167 1792 1219 1818 ecc
1257 1784 1358 1832 apta
1394 1776 1561 1818 lacertis
1590 1776 1697 1818 Esse

215 1862 447 1903 manusque
483 1845 637 1898 datas,
676 1845 728 1887 Ut
749 1844 903 1901 facere
938 1844 999 1886 ad
1032 1846 1161 1886 vitam
1191 1860 1408 1900 possemus
1444 1860 1552 1900 quae
1576 1844 1698 1900 foret

216 1931 319 1958 usus
338 1947 350 1969 ,
380 1913 453 1956 ubi
484 1913 688 1955 Marullus
719 1912 890 1954 soloeee
922 1913 1168 1968 possimus5
1199 1916 1240 1954 et
1269 1912 1349 1953 Nil
1376 1911 1469 1954 ideo
1500 1913 1698 1967 quoniam

217 1990 402 2024 natumst
435 1982 481 2023 in
518 1996 689 2037 corpore
709 2013 720 2034 ,
752 1988 797 2021 ut
830 1981 897 2022 uta·
930 1981 1152 2022 Possemus
1175 2012 1184 2022 .
1216 1979 1294 2022 sed
1332 1979 1376 2021 in
1412 1979 1492 2021 hoc
1528 1979 1582 2022 de
1613 1993 1697 2034 quo

219 2050 357 2104 agitur
377 2062 504 2092 versu
525 2053 571 2091 ut
598 2049 745 2104 priora
773 2048 1048 2103 praeteritum
1069 2052 1235 2103 tempus
1258 2081 1267 2103 ‚
1290 2048 1350 2090 ita
1370 2060 1481 2102 quae
1502 2052 1699 2090 secuntur

218 2130 423 2174 praesens
445 2118 660 2173 possimus
682 2117 885 2170 exigunt,
909 2125 945 2158 et
970 2125 1015 2157 ut
1042 2116 1240 2172 proferre
1261 2117 1354 2158 viai
1370 2117 1574 2158 Proceros
1599 2132 1698 2172 pas-

219 2202 292 2228 sus
311 2218 323 2239 7
355 2184 448 2227 ideo
470 2185 661 2242 fastzssqz‘a
683 2201 810 2242 posse
840 2184 1049 2227 Surarum
1080 2201 1129 2226 ao
1145 2185 1360 2240 feminum
1386 2184 1566 2241 pedibus
1588 2184 1698 2240 fun—

221 2253 324 2296 data
358 2253 523 2310 plicari
546 2286 554 2295 .
588 2266 692 2307 ergo
728 2253 794 2295 his
833 2252 1053 2308 proprium
1083 2252 1261 2294 verbum
1291 2251 1608 2294 attribuendum
1639 2254 1702 2295 est

221 2321 301 2364 hoc
329 2321 457 2364 modo
480 2355 490 2376 ‚
519 2330 555 2364 et
583 2330 629 2363 ut
652 2322 849 2378 proferre
880 2334 1109 2367 QUEAMUS
1136 2321 1339 2363 Proceros
1365 2337 1522 2376 passus
1536 2337 1551 2375 7·
1571 2320 1701 2375 idque

222 2402 273 2432 eo
304 2389 442 2444 magis
474 2389 588 2444 quod
620 2390 794 2446 proceri
811 2405 970 2445 passus
999 2391 1093 2431 viae
1122 2389 1229 2431 nulli
1261 2393 1390 2443 sunt,
1422 2401 1560 2442 neque
1589 2389 1701 2430 ullus

221 2458 500 2513 interpretum
521 2458 738 2512 explicare
759 2470 889 2500 ausus
911 2462 976 2500 est
997 2490 1006 2512 ‚
1029 2463 1198 2512 praeter
1221 2458 1341 2499 Pium
1359 2490 1368 2511 ‚
1391 2457 1464 2511 qui
1486 2457 1587 2499 dicit
1608 2468 1704 2498 esse

221 2541 397 2582 maqnos
423 2525 587 2582 yradus
619 2535 655 2568 et
684 2527 832 2582 spacia
861 2527 954 2568 viae
974 2557 984 2567 .
1017 2537 1146 2567 Versu
1167 2525 1247 2567 877
1280 2526 1405 2568 Nunc
1437 2525 1516 2582 qui
1527 2525 1614 2580 fiat
1642 2524 1710 2566 uti

218 2609 376 2650 passus
401 2594 598 2650 proferre
628 2610 829 2651 queamus
846 2626 855 2635 .

339 2661 435 2704 830.
478 2675 639 2703 DATAS
680 2675 917 2708 UTRAQUE
957 2675 1115 2702 PARTE
1154 2675 1420 2703 MINISTRAS
1450 2694 1459 2703 .
1497 2661 1705 2703 Marullus

225 2745 252 2771 a
269 2738 392 2786 parte
409 2761 419 2770 .
446 2730 588 2771 verius
610 2735 674 2772 est
694 2739 871 2786 utraque
891 2744 953 2770 Ex
974 2739 1099 2786 parte
1114 2763 1125 2784 ,
1146 2734 1193 2772 ut
1212 2731 1256 2771 in
1276 2744 1315 2785 V,
1333 2730 1415 2772 511
1437 2730 1509 2772 Ex
1529 2739 1706 2785 utraque

221 2797 367 2853 polum
384 2799 507 2852 parti
514 2813 707 2853 premere
728 2805 830 2840 αὲνα
848 2830 856 2838 .
880 2814 932 2840 eae
948 2806 1070 2852 parte
1087 2831 1097 2852 ,
1119 2811 1205 2840 non
1228 2815 1247 2840 e
1263 2831 1273 2852 ,
1295 2802 1341 2839 ut
1362 2797 1451 2839 dixi
1473 2797 1530 2839 ad
1551 2797 1706 2839 librum

225 2879 253 2919 1,
271 2864 355 2907 843
377 2897 387 2907 .
418 2878 556 2920 neque
581 2866 753 2920 saepius
775 2879 903 2919 quam
923 2870 987 2908 ter
1009 2897 1019 2920 ‚
1051 2865 1134 2907 nisi
1158 2865 1285 2907 fallor
1306 2898 1316 2919 ,
1349 2865 1418 2907 hic
1447 2868 1576 2920 poeta
1600 2863 1709 2906 dixit

227 2948 255 2974 a
269 2941 393 2989 parte
408 2966 419 2987 ‚
441 2933 485 2974 in
505 2947 561 2988 IV,
577 2933 661 2974 428
682 2934 832 2991 Lonqa
853 2943 988 2976 tamen
1005 2942 1127 2989 parte
1143 2934 1195 2975 ab
1209 2949 1372 2975 summa
1387 2949 1479 2975 cum
1496 2942 1580 2976 tota
1596 2932 1707 2975 vide-

227 3009 296 3042 tur
317 3034 328 3055 ‚
352 3006 392 3042 et
418 3001 460 3042 in
482 3015 521 3055 V,
539 3001 621 3043 685
643 3002 699 3043 Ec
725 3001 838 3058 quod
863 3002 914 3043 ab
935 3002 1140 3043 alterutra
1161 3001 1346 3044 decraoeit
1363 3010 1490 3057 parte
1510 3034 1522 3055 7
1543 3002 1645 3043 item
1665 3000 1710 3041 in

1357 3068 1442 3110 17³<
