2040 3328
361 223 444 266 240
1054 225 1111 266 IV

360 335 474 389 apud
495 335 678 376 Nonium
699 347 739 388 p.
756 333 850 387 453,
869 334 891 374 7
926 334 1147 376 Praeterea
1170 336 1300 390 pavit,
1331 335 1559 389 quadratus
1580 337 1805 392 Propterea

359 402 498 455 radit,
512 400 768 442 Veronensis
785 399 912 441 editio
929 400 1103 442 Praeter
1117 401 1250 455 radit,
1265 403 1361 443 Itali
1377 407 1418 444 et
1434 403 1661 445 Brixiensis
1678 403 1804 445 Prae-

359 476 419 509 ter
433 467 547 509 radit
562 468 669 508 enim
679 499 690 520 ,
708 466 908 507 Marullus
924 467 1097 508 Praeter
1112 468 1217 508 enim
1233 467 1368 509 radit.
1385 470 1610 524 Propterea
1624 471 1806 524 probant

358 533 645 575 Wakefieldus
666 538 706 575 et
727 533 928 586 Forbiger
949 566 958 588 ,
981 533 1052 587 qui
1083 534 1162 575 sibi
1192 538 1311 589 turpe
1336 547 1418 576 non
1444 540 1591 590 putant
1610 537 1804 590 ignorare

357 613 466 654 quae
496 599 736 642 Gronovius
767 600 934 655 scripsit
963 600 1006 642 in
1036 600 1373 643 observationum
1401 616 1460 655 111,
1486 603 1535 645 19
1564 616 1605 657 p.
1625 604 1720 646 606.

468 667 564 709 532.
609 667 840 710 Senium*
883 681 1120 708 EXPLETIS
1159 681 1358 713 QUOQUE
1395 682 1545 710 IANUA
1583 683 1804 711 RADITUR

356 748 465 775 oms
487 766 497 776 .
520 734 586 776 Ita
613 734 844 789 quadratus
867 749 875 775 :
908 734 1114 788 oblongus
1135 734 1294 777 reditur
1312 767 1324 788 ,
1344 734 1480 777 Italici
1499 735 1687 779 redditur
1707 770 1717 779 .
1737 737 1804 780 hic

355 801 465 844 idem
495 802 731 844 Gronovius
761 801 979 843 ‘Putarunt
1007 802 1189 857 eoepZetas
1219 818 1316 844 oras
1348 801 1430 843 dici
1458 816 1467 842 :
1498 802 1574 844 sed
1607 803 1707 856 quid
1741 809 1804 847 est

355 870 526 923 empletis
553 870 637 910 oris
666 870 837 910 ianuam
866 868 991 910 radi?
1019 869 1144 910 immo
1166 882 1344 912 vacuum
1364 873 1405 910 et
1425 868 1724 923 spiramentum
1744 871 1804 925 ip-

355 948 446 978 sum
477 936 699 990 expletur,
731 948 831 977 orae
861 939 999 977 autem
1031 936 1232 978 raduntur
1254 937 1276 977 .'
1308 936 1450 990 itaque
1479 935 1629 990 probat
1657 935 1804 991 despe-

353 1002 529 1045 rationis
568 1002 735 1056 plenum
772 1002 940 1043 Marulli
977 1003 1179 1044 auxilium
1206 1035 1215 1056 ,
1246 1003 1317 1056 qui
1353 1002 1520 1057 scripsit
1558 1006 1644 1044 toto
1681 1017 1805 1047 versu

354 1069 518 1111 adiecto
535 1069 700 1112 Scilicet
716 1069 889 1125 expletis
910 1084 1068 1124 quoque
1083 1071 1214 1111 ianua
1228 1069 1418 1112 redditur
1433 1071 1517 1112 oris
1534 1070 1683 1112 Rauca
1699 1072 1778 1113 viis
1791 1104 1803 1125 ,

353 1145 389 1178 et
409 1137 486 1178 iter
507 1135 634 1178 laedit
652 1152 737 1191 qua
757 1151 836 1177 vooe
855 1137 888 1177 it
908 1136 952 1177 in
973 1152 1102 1178 auras
1120 1169 1129 1179 .
1150 1137 1252 1179 satis
1269 1141 1360 1179 erat
1379 1149 1463 1179 una
1482 1136 1621 1178 littera
1640 1137 1806 1180 sublata

352 1215 440 1244 rem
462 1202 639 1245 eandem
660 1202 826 1246 efficere
855 1202 935 1244 hoe
963 1202 1115 1256 modo,
1138 1203 1302 1246 Scilicet
1326 1217 1532 1244 nxpnss'n
1560 1219 1718 1260 quoque
1745 1205 1804 1246 ia-

351 1286 436 1312 nua
465 1269 631 1312 raditur
660 1271 773 1312 oris.
804 1283 850 1312 os
881 1274 1019 1312 autem
1049 1271 1253 1326 empletam
1284 1275 1346 1313 est
1378 1275 1450 1313 aut
1477 1274 1607 1312 totum
1637 1271 1804 1325 plenum

351 1337 644 1391 voce·eiusque
664 1336 931 1392 primordiis,
953 1341 1027 1379 aut
1042 1337 1075 1378 si
1093 1338 1389 1390 grammaticos
1405 1338 1643 1391 sequimur,
1665 1338 1804 1380 exina-

352 1404 482 1446 nitum
505 1436 514 1445 .
537 1404 684 1446 eadem
715 1404 967 1458 ambiguitas
998 1407 1061 1445 est
1090 1404 1133 1445 in
1156 1418 1210 1457 w,
1231 1403 1363 1458 1203,
1387 1404 1613 1460 Corruptus
1633 1407 1804 1461 sanquis

352 1472 524 1527 exoptetis
553 1473 725 1513 naribus
754 1472 839 1513 ibat
860 1503 870 1513 .
892 1472 1082 1513 Donatus
1111 1470 1165 1512 ad
1197 1471 1381 1514 Terentii
1411 1471 1619 1526 Hecyram
1638 1485 1678 1526 v,
1697 1472 1734 1522 1,
1751 1471 1804 1515 29

351 1538 533 1593 Emplere
553 1554 636 1593 pro
659 1539 875 1580 eminam‘re
898 1539 1187 1580 Terentianum
1213 1547 1271 1580 est
1292 1570 1301 1580 .
1323 1551 1377 1580 ex
1398 1538 1534 1593 Capro
1556 1538 1728 1582 Servius
1749 1538 1804 1582 ad

353 1607 456 1647 Aen.
478 1619 533 1659 vi,
550 1604 631 1647 545
653 1609 694 1646 et
715 1604 875 1647 Nonius
902 1618 944 1659 p.
967 1604 1060 1659 298,
1082 1605 1130 1644 11
1154 1605 1335 1659 Explere
1354 1637 1365 1658 ,
1387 1606 1569 1647 minuere
1591 1636 1600 1646 .
1621 1605 1803 1649 Serenus

351 1672 597 1714 Samonicus
626 1675 766 1713 tamen
796 1671 851 1713 ad
877 1671 1114 1713 Lucretium
1144 1670 1372 1726 respiciens
1398 1671 1565 1726 plenum
1595 1685 1698 1715 voce
1726 1675 1804 1716 iter

350 1738 454 1780 radi
469 1738 575 1780 dixit
589 1771 599 1791 ,
617 1738 699 1780 260
714 1738 968 1793 Aeqrescunt
985 1746 1144 1780 tenerae
1151 1738 1307 1792 fauces
1324 1765 1426 1768 ———
1450 1738 1522 1779 Vel
1533 1738 1706 1780 rabidus
1722 1740 1803 1781 cla-

350 1821 438 1847 mor
465 1806 612 1861 fracto
641 1820 731 1846 cum
756 1804 874 1858 forte
909 1819 1052 1846 sonore
1082 1804 1257 1847 Plenum
1286 1804 1400 1846 radit
1428 1806 1539 1847 iter:
1567 1809 1676 1848 certe
1705 1806 1803 1847 Pla-

350 1888 446 1914 num
468 1904 478 1924 ,
508 1871 618 1925 quod
650 1870 709 1911 ibi
738 1870 865 1923 vulgo
895 1870 1081 1924 legitur,
1107 1883 1191 1912 non
1221 1871 1421 1924 intellego
1439 1905 1448 1915 .

461 1938 557 1981 552.
594 1952 648 1978 m·
679 1951 792 1978 ιΤΕΜ
821 1950 944 1978 ano
975 1950 1183 1978 mimoni:
1214 1951 1466 1980 cunin-un.
1494 1938 1697 1980 Marullus
1725 1953 1803 1979 Ln-

350 2019 478 2047 voRr.
500 2036 510 2047 .
540 2004 616 2047 sed.
647 2004 877 2046 Lambinus
906 2004 1063 2058 primus
1095 2007 1135 2045 et
1170 2017 1326 2045 anon
1362 2005 1585 2058 legendum
1621 2003 1727 2047 vidit
1763 2009 1805 2047 et

350 2071 427 2114 hos
447 2084 594 2114 versus
615 2084 690 2113 suo
711 2072 802 2113 loco
824 2071 964 2126 posuit
987 2103 997 2126 ,
1019 2070 1071 2112 de
1092 2074 1268 2124 utroque
1289 2102 1299 2125 ,
1320 2075 1366 2112 ut
1395 2071 1495 2114 dicit
1515 2103 1525 2125 ,
1548 2085 1574 2113 a
1602 2071 1803 2114 librorum

349 2143 468 2194 parte
490 2138 727 2180 admonitus
745 2153 755 2191 3
778 2138 848 2191 qui
870 2137 1017 2191 quales
1039 2137 1197 2179 fuerint
1217 2138 1459 2191 ignoramus
1482 2170 1491 2179 .
1513 2137 1803 2181 Wakefieldus

350 2219 394 2248 re
425 2219 508 2248 non
539 2218 748 2260 perpensa
777 2208 963 2247 veterem
992 2216 1190 2246 versuum
1222 2204 1411 2246 ordinem
1442 2205 1647 2247 restituit.

460 2273 557 2315 543.
594 2275 841 2312 GnAvaR
871 2285 955 2312 sun
986 2285 1224 2312 MURMURA
1254 2284 1406 2311 MUGIT
1429 2302 1439 2312 .
1470 2270 1708 2321 Quadratus
1738 2288 1802 2314 sa-

349 2355 563 2381 mur-mura
585 2370 594 2380 .
617 2339 848 2381 Brixiensis
880 2338 1006 2380 editio
1038 2342 1078 2379 et
1107 2337 1310 2379 Marullus
1340 2337 1414 2378 sub
1443 2351 1679 2378 MURMURE
1697 2372 1706 2380 .

460 2405 555 2448 544.
601 2406 667 2447 Er
710 2418 939 2446 nnvouAr
982 2418 1179 2445 RAucuM
1221 2417 1376 2444 itm-Ro
1421 2417 1530 2444 crrA
1573 2418 1803 2445 BARBARA

349 2486 582 2514 Romnum.
614 2472 711 2514 Itali
743 2478 784 2514 et
818 2472 1047 2514 Brixiensis
1078 2471 1206 2513 editio
1236 2479 1397 2513 revocat
1415 2503 1426 2524 ,
1458 2470 1713 2513 Veronensis
1742 2487 1802 2514 re-

348 2555 501 2583 versa.-
531 2538 607 2582 sed
637 2542 843 2581 corrector
873 2538 1067 2592 quadrati
1095 2538 1162 2580 vet
1187 2539 1355 2591 reboat,
1377 2536 1489 2591 quod
1518 2550 1645 2579 unum
1676 2537 1803 2580 habet

349 2606 534 2660 aliquam
570 2605 878 2660 probabilitatis
916 2605 1098 2660 speciem
1119 2637 1129 2655 ‚
1156 2604 1238 2646 nisi
1273 2603 1387 2658 quod
1425 2604 1521 2646 tuba
1549 2617 1634 2646 non
1663 2604 1802 2658 magis

348 2673 515 2716 videtur
551 2674 719 2716 reboare
758 2685 885 2727 posse
921 2684 1045 2726 quam
1083 2672 1247 2713 eithara
1282 2671 1325 2713 in
1359 2670 1464 2712 libro
1501 2684 1543 2724 11,
1573 2670 1626 2713 28
1655 2702 1664 2712 .
1701 2671 1803 2713 tuba

348 2744 486 2783 autem
507 2741 688 2782 barbara
707 2743 819 2782 recte
840 2738 1018 2792 dicitur,
1040 2738 1200 2780 scilicet
1220 2735 1372 2781 κώδων
1397 2733 1636 2794 Τυρσηνική
1652 2770 1664 2792 ‚
1684 2741 1729 2779 ut
1757 2737 1801 2779 in

348 2808 480 2850 altero
517 2806 703 2849 membro
741 2810 838 2849 sunt
866 2806 1082 2848 Heliconis
1110 2806 1230 2859 cycni
1259 2836 1269 2847 .
1299 2818 1425 2861 porro
1456 2806 1562 2848 cieri
1592 2802 1800 2858 quomodo

348 2874 449 2916 tuba
477 2874 613 2928 possit
642 2887 764 2915 nemo
795 2873 980 2927 dixerit,
1008 2871 1160 2914 nedum
1192 2882 1300 2915 retro
1321 2905 1331 2916 .
1357 2874 1530 2915 Isaacus
1550 2871 1724 2914 Vossius
1745 2868 1800 2911 ad

349 2939 555 2982 Catullum
577 2954 617 2995 p.
639 2940 721 2982 228
742 2940 992 2995 Berecyntia
1020 2939 1199 2982 barbara
1218 2972 1228 2993 ‚
1251 2953 1375 2994 quam
1405 2938 1507 2980 dicit
1537 2949 1629 2979 esse
1659 2937 1799 2978 tibiam
