2040 3328
895 202 960 245 ΙΙΙ
1586 203 1638 246 16
1649 204 1670 244 7

178 317 350 373 femina-
386 332 473 358 una
511 317 743 357 iqwem'etur
781 317 885 357 bona
905 348 912 356 .
936 317 979 358 in
1011 316 1126 358 Accii
1159 329 1314 370 versu,
1348 328 1474 369 quem
1506 316 1671 358 Nonius

191 385 254 427 illi
275 383 497 438 adiungit,
520 383 653 426 verba
673 383 913 426 traicienda
933 389 1055 438 sunt,
1076 379 1201 426 'Erat
1220 385 1326 426 istuc
1346 383 1471 426 virile
1487 415 1499 436 ‚
1521 382 1670 425 advor-

189 468 279 495 eam
296 452 425 509 ferre
442 452 670 508 fortunam
687 452 822 508 facul
836 483 846 492 .

301 519 399 563 403.
431 519 664 571 QUAMVIS
702 534 786 560 Esr
819 533 1020 561 cnm-un
1052 534 1222 560 cnzsm
1254 533 1416 560 LAcER
1446 533 1670 566 mmmm:

187 602 406 630 uniamus
423 621 432 630 .
456 587 705 640 Quadratus
727 589 832 630 cecis
849 603 862 630 :
884 588 974 630 eius
997 592 1209 630 corrector
1231 587 1432 639 Quamvis
1455 597 1668 630 emeretus.

187 660 399 700 corrector
435 656 612 710 oblongi
650 656 761 698 miro
800 655 978 698 consilio
1017 655 1118 698 fecit
1149 654 1449 712 lacer-audique
1467 686 1476 696 .
1499 655 1597 697 Itali
1629 660 1670 698 et

186 724 396 767 Marullus
427 738 794 766 cmcuucAEsm
813 755 823 766 .
846 724 890 765 in
921 723 1030 765 libro
1062 737 1118 777 1v,
1151 723 1262 777 203,
1296 723 1368 764 ubi
1401 724 1668 778 exemplaria

185 792 344 836 habent
373 792 559 846 caelum,
591 792 719 835 scribi
752 791 880 834 debet
909 792 1067 833 circum
1086 822 1094 831 .

298 860 396 904 404.
429 873 664 901 ADEMPTA
700 872 856 901 ANIMA
896 873 1082 900 CIRCUM
1119 871 1444 904 MEMBRISQUE
1476 872 1638 900 REMOT
1656 900 1665 909 ,

182 927 542 983 Ita'quadratus:
563 927 607 969 in
638 927 824 981 oblongo
845 935 1050 981 remotus,
1083 926 1183 968 olim
1216 925 1414 981 impressi
1445 931 1487 969 et
1508 927 1664 970 Marul-

181 996 250 1038 lus
271 1009 364 1039 cum
385 995 507 1038 Italis
527 997 695 1039 remotis
712 1027 721 1035 .
743 1008 854 1037 unus
883 1008 1032 1038 verum
1062 994 1172 1038 vidit
1193 997 1407 1036 corrector
1437 995 1664 1050 quadrati,

182 1063 253 1118 qui
285 1062 387 1106 fecit
414 1077 644 1106 REMOTA.

295 1130 393 1174 405.
423 1145 481 1171 m·
502 1145 780 1173 AurnssmAs
811 1144 1011 1172 vams
1044 1144 1271 1172 suscxpxr
1302 1145 1461 1173 Annas
1481 1163 1490 1172 .
1514 1131 1664 1186 Neque

181 1198 361 1242 aetheris
381 1199 623 1241 Lucretiani
653 1199 768 1241 ullae
798 1203 898 1242 sunt
927 1215 1082 1253 aurae,
1111 1211 1251 1253 neque
1282 1199 1355 1254 qui
1387 1216 1518 1242 auras
1548 1200 1662 1241 Vita-

180 1266 236 1309 Zis
264 1267 431 1323 carpit,
464 1271 510 1309 ut
540 1267 645 1309 dicit
671 1267 888 1320 Vergilius
910 1266 1017 1308 Aen.
1038 1281 1065 1322 1,
1088 1266 1199 1322 387,
1230 1267 1267 1309 is
1299 1267 1418 1309 aliud
1450 1280 1577 1322 quam
1608 1276 1662 1310 te-

178 1350 299 1377 nuem
321 1341 424 1376 αένα
443 1336 583 1391 carpit
598 1368 609 1386 ‚
641 1347 752 1390 quae
774 1338 873 1376 sunt
894 1333 1085 1376 eiusdem
1108 1334 1242 1377 verba
1272 1335 1316 1377 in
1350 1336 1583 1390 georgicon
1605 1349 1660 1391 1v,

179 1402 290 1445 311.
312 1401 457 1456 itaque
488 1407 530 1445 et
559 1402 626 1445 hic
657 1403 798 1445 aerias
828 1418 960 1444 auras
990 1401 1101 1444 dixit
1130 1403 1237 1445 Aen.
1259 1418 1300 1458 v,
1322 1404 1408 1447 520
1437 1409 1479 1446 et
1508 1404 1662 1446 Lucre-

177 1470 263 1513 tius
279 1470 550 1526 aliquotiens,
569 1483 592 1513 e
609 1483 693 1526 quo
709 1469 902 1513 Isidorus
918 1470 1080 1512 rettulit
1100 1470 1143 1512 in
1166 1471 1379 1525 originum
1396 1486 1486 1527 xm,
1509 1473 1572 1527 ll,
1595 1472 1658 1514 17.

177 1550 261 1593 quo
282 1537 328 1580 fit
347 1543 394 1582 ut
422 1538 491 1582 hic
521 1551 690 1594 quoque
721 1538 993 1582 scribendum
1023 1542 1170 1594 putem
1200 1553 1380 1581 Annus
1411 1541 1555 1582 vitalis
1586 1557 1658 1582 au-

173 1621 276 1660 ras,
307 1619 419 1662 quae
450 1607 546 1663 ipsa
576 1608 711 1651 verba
740 1608 940 1663 leguntur
970 1607 1014 1649 in
1044 1606 1154 1649 libro
1187 1621 1250 1663 v1,
1278 1609 1400 1663 1227,
1431 1609 1512 1650 nisi
1544 1607 1659 1663 quod

175 1672 234 1716 ibi
256 1675 370 1717 ab'rz's
391 1679 483 1718 est.
505 1675 549 1717 in
572 1690 610 1731 V,
632 1677 714 1720 501
738 1676 974 1731 quadratus
996 1675 1205 1718 aetherias
1225 1692 1386 1718 auras:
1418 1675 1658 1732 eodemque

175 1740 303 1784 modo
325 1741 393 1785 bis
413 1743 457 1785 in
479 1743 672 1786 Aeneide
694 1748 880 1787 erratum
902 1757 997 1786 esse
1019 1743 1120 1785 mihi
1151 1744 1434 1786 certissimum
1465 1743 1655 1797 videtur,

173 1821 313 1865 neque
349 1810 523 1854 credere
562 1824 737 1868 possum
776 1815 948 1868 poetam
987 1810 1265 1854 cultissimum
1306 1816 1394 1854 tam
1424 1813 1656 1867 improprie

171 1876 359 1920 locutum
381 1891 476 1922 esse
497 1892 626 1935 quam
647 1880 772 1923 nobis
794 1879 959 1923 librarii
980 1879 1243 1935 persuadere
1274 1881 1528 1934 voluerunt,
1563 1893 1655 1922 cum

171 1945 217 1988 in
253 1960 282 2002 1,
302 1946 386 1990 547
418 1948 682 2004 seripserunt
714 1949 758 1990 si
790 1949 970 1990 vescitur
1001 1964 1112 1990 aura
1143 1947 1371 1998 Aetheria,
1404 1948 1448 1989 in
1481 1962 1539 2002 V1,
1572 1949 1652 1993 761

167 2013 337 2070 primus
366 2014 427 2056 ad
453 2031 585 2058 auras
606 2017 830 2059 Aetherias
850 2015 961 2057 Italo
992 2016 1227 2057 commixtus
1257 2016 1464 2070 sanquine
1494 2024 1653 2072 suo-yet.

171 2081 318 2136 itaque
344 2081 411 2125 his
439 2083 548 2125 locis
578 2085 723 2127 aeriae
753 2099 887 2126 aurae
918 2083 1204 2137 conveniunt,
1236 2087 1282 2124 ut
1311 2082 1429 2138 apud
1452 2083 1654 2127 Ovidium

170 2154 341 2192 metam.
363 2164 450 2204 xiv,
476 2151 555 2194 127
584 2154 726 2195 aerias
756 2160 916 2195 evectus
947 2150 1008 2193 ad
1026 2167 1157 2192 auras
1172 2183 1183 2205 ,
1206 2150 1370 2192 scilicet
1400 2163 1454 2193 ex
1483 2152 1652 2208 inferis,

171 2221 214 2261 et
248 2217 294 2260 in
330 2232 378 2273 x,
411 2219 491 2262 178
529 2219 672 2263 discus
709 2221 851 2262 acrias
882 2220 1060 2262 libratus
1086 2220 1132 2262 in
1162 2234 1321 2261 auras·
1344 2219 1388 2260 in
1418 2221 1651 2275 georgicon

168 2300 226 2342 11,
259 2286 340 2330 291
373 2292 416 2330 et
445 2287 551 2330 Aen.
582 2302 640 2344 1v,
670 2287 755 2332 445
793 2289 935 2344 aptius
967 2300 1062 2330 esse
1093 2286 1235 2330 iudico
1267 2296 1469 2343 quantum
1501 2291 1652 2332 vertice

169 2353 228 2396 ad
245 2370 344 2397 oras
363 2354 613 2410 Aetherias,
645 2363 805 2398 tantam
825 2356 971 2399 radice
1002 2356 1048 2398 in
1073 2356 1261 2398 Tartara
1291 2355 1423 2398 tendit
1437 2373 1452 2411 ,-
1482 2356 1584 2399 item
1606 2358 1650 2399 in

168 2435 242 2477 vn,
271 2422 355 2466 557
380 2424 437 2466 Te
466 2439 593 2480 super
622 2424 830 2467 aetherias
861 2440 1006 2467 errare
1037 2424 1229 2467 licentius
1259 2439 1379 2480 oras,
1410 2425 1455 2466 in
1486 2426 1650 2468 caelum

169 2494 389 2544 evectam,
427 2504 514 2533 non
550 2508 709 2547 auras,
749 2493 864 2548 quod
903 2492 1063 2535 habent
1098 2492 1227 2534 libri.
1257 2492 1300 2533 in
1340 2491 1485 2536 Ovidii
1521 2499 1650 2536 meta-

166 2558 332 2614 morph.
370 2573 428 2614 ιν,
462 2560 545 2604 700
581 2559 717 2603 codex
755 2561 957 2616 antiquus
1000 2559 1264 2615 Berneggeri
1302 2569 1340 2602 et
1375 2561 1458 2603 alis
1493 2562 1650 2603 Ate'rz'as

169 2641 299 2667 ausus
335 2627 504 2670 z'actatis
538 2628 602 2670 ire
633 2644 714 2684 per
748 2645 910 2671 auras:
944 2642 1083 2684 neque
1119 2629 1244 2671 aliter
1278 2628 1548 2670 scribendum
1585 2633 1651 2671 est

170 2691 215 2733 in
247 2706 280 2733 11
314 2693 418 2736 artis
453 2696 690 2738 amatoriae
727 2697 812 2751 593
849 2701 894 2738 at
930 2703 1098 2739 metam.
1130 2710 1170 2751 v,
1210 2696 1292 2739 511
1326 2697 1521 2738 curribus
1551 2712 1649 2738 oras

168 2759 275 2802 Emit
314 2762 362 2803 in
401 2762 637 2804 aetherias:
672 2763 736 2806 vbi
768 2789 823 2795 —
864 2765 976 2807 Ante
1010 2765 1147 2807 Iovem
1184 2765 1319 2806 stetit.
1358 2763 1492 2805 Statio
1529 2763 1649 2807 licuit

167 2826 389 2883 inproprie
419 2829 562 2883 loqui:
603 2830 798 2885 Iuppiter
835 2835 899 2873 est
929 2831 1000 2885 qui
1033 2831 1087 2874 de
1118 2831 1284 2886 Oedipo
1316 2830 1419 2872 dicit
1447 2832 1647 2875 Proiecit-

167 2911 247 2951 que
283 2895 393 2938 diem
427 2913 501 2939 nec
538 2898 625 2939 iam
661 2899 845 2954 amplius
882 2899 1044 2942 aethere
1079 2908 1219 2941 ‘nostro
1266 2899 1479 2954 Vescitur,
1511 2900 1646 2945 Theb.

166 2976 199 3018 1,
231 2963 314 3006 237
333 2996 343 3005 .
367 2964 443 3006 sed
489 2964 605 3021 apud
637 2964 858 3008 Manilium
895 2966 940 3007 in
970 2981 1005 3022 1,
1040 2967 1120 3010 149
1151 2979 1245 3009 cum
1277 2963 1471 3011 Bentleii)
1502 2982 1644 3013 neces-
