2040 3328
897 244 962 287 III
1589 243 1671 284 173

305 360 401 403 531.
441 359 724 402 Somou-un
759 372 923 405 ATQUE
959 371 1113 399 Ammo
1150 372 1283 399 HAEC
1320 369 1547 403 QUONIAM
1583 370 1670 396 NA-

191 441 319 470 TURA
349 459 357 468 .
382 426 564 469 Fallitur
586 426 809 480 Handius‚
842 439 937 469 cum
969 426 1050 469 hoc
1079 439 1164 468 uno
1195 439 1324 469 versu
1355 425 1461 468 satis
1492 423 1669 480 probari

190 495 294 538 dicit
322 495 495 538 licuisse
525 495 662 550 poe‘tis
695 504 818 552 atque
840 495 1179 538 coniunctionem
1201 494 1409 548 traicere,
1433 493 1476 534 in
1499 492 1669 535 Tursel-

189 564 265 606 lini
287 567 401 606 tomo
422 579 438 604 1
457 578 498 619 p.
520 564 605 606 512
628 596 636 605 .
659 577 758 606 nam
790 576 929 618 neque
960 562 1201 605 coniunctio
1233 562 1328 617 ipsa
1358 574 1498 615 neque
1530 562 1670 603 animo

189 632 416 687 quicquam
448 631 612 674 confert
643 631 699 673 ad
730 631 1011 686 sententiam,
1034 643 1145 685 quae
1167 630 1284 672 nulla
1315 634 1379 672 est
1409 629 1492 672 nisi
1524 628 1669 671 scribi-

189 713 283 743 mus
304 700 523 743 Scinditur
553 713 712 746 USQUE
744 714 877 741 ADEo
899 701 998 742 haec
1029 699 1227 754 quoniam
1257 706 1415 740 natura
1433 731 1443 740 .
1461 697 1514 741 de
1545 707 1670 754 atque

178 769 364 812 vtraiecto
396 769 607 811 curiosius
638 781 765 822 quam
796 767 994 810 Handius
1025 767 1115 821 egit
1144 766 1357 822 Hauptius
1395 767 1437 808 in
1470 766 1669 810 observa-

187 836 373 880 tionibus
404 851 445 892 p.
467 837 523 880 45
538 837 594 879 46
610 836 664 878 47
679 835 734 878 48
750 835 806 879 52
825 868 833 877 .

300 906 397 949 535.
437 919 624 947 sussum
658 918 910 946 monemur
946 917 1167 945 usmarus
1201 937 1209 947 .
1245 904 1373 947 Recte
1405 903 1667 947 Veronensis

187 973 319 1017 editio
351 978 392 1016 et
423 973 630 1016 Marullus
660 986 920 1015 DEDUCERE
939 1005 948 1014 .

299 1042 396 1086 538.
418 1057 470 1083 NI
489 1055 651 1083 mmm
666 1056 726 1083 UT
747 1055 958 1083 Drxmus
976 1073 986 1084 .
1002 1041 1052 1083 In
1070 1040 1289 1096 impressis
1307 1040 1503 1083 additum
1520 1055 1665 1084 ANTE.

186 1111 247 1154 ita
276 1111 362 1154 iam
394 1111 604 1153 Antonius
634 1110 756 1153 Marii
788 1109 899 1152 filius
917 1142 926 1151 .

299 1179 397 1223 544.
419 1193 542 1219 PERE
555 1193 613 1220 AT
634 1193 743 1220 msp
754 1193 812 1220 m:
823 1192 876 1219 SE
896 1192 989 1219 PER
1009 1191 1170 1220 AURAS
1190 1211 1198 1222 .
1222 1177 1445 1220 Corrector
1466 1177 1667 1232 quadrati

186 1252 228 1291 et
257 1247 356 1290 Itali
388 1261 662 1289 DISPERSA.

297 1316 395 1359 545.
428 1329 753 1357 ossnnrnscAT
775 1348 784 1357 .
814 1314 940 1370 Apud
962 1315 1146 1357 Nonium
1167 1327 1207 1370 p.
1232 1315 1298 1369 77,
1322 1315 1378 1356 32
1407 1316 1632 1358 obrutiscac
1655 1347 1664 1356 .

183 1384 364 1428 alterum
394 1399 419 1425 B
449 1385 610 1441 primus
631 1382 800 1426 addidit
822 1372 1025 1426 Marullus
1049 1416 1058 1426 .
1082 1382 1182 1425 hinc
1203 1382 1451 1426 Lactantius
1473 1383 1570 1426 inst.
1594 1398 1666 1438 vn,

182 1452 240 1495 24
267 1453 365 1496 Non
391 1455 499 1496 enim
527 1453 672 1496 anima
704 1468 875 1509 corpore
910 1451 1121 1508 deficiente
1149 1451 1225 1494 sed
1249 1468 1400 1508 corpus
1427 1453 1571 1494 anima
1600 1451 1667 1495 de-

182 1521 347 1565 cedente
377 1521 582 1564 brutescit
604 1553 614 1562 .

295 1589 392 1634 548.
424 1603 651 1636 Locooun
683 1589 811 1631 Fun
841 1603 1004 1630 MANET
1024 1621 1032 1630 .
1051 1588 1186 1644 Turpi
1208 1588 1484 1643 neglegentia
1515 1601 1663 1631 omnes

183 1659 376 1716 locoque,
408 1672 503 1701 cum
533 1662 727 1714 apertum
759 1659 814 1701 sit
844 1659 904 1700 ita
935 1656 1205 1701 scribendum
1237 1669 1362 1711 esse,
1384 1657 1441 1698 Εε
1467 1657 1665 1713 quoniam

181 1743 295 1770 mens
331 1730 396 1770 est
430 1727 609 1770 hominis
642 1744 749 1784 pars
785 1743 896 1782 una,
940 1727 1026 1769 loco
1057 1739 1186 1772 QUAE
1217 1725 1333 1768 Fiaea
1361 1734 1499 1768 manet
1529 1733 1638 1767 certo
1654 1758 1665 1778 ,

180 1796 291 1839 velut
321 1811 448 1838 aures
478 1804 603 1852 atque
624 1796 740 1838 oculi
754 1799 853 1838 sunt
876 1826 886 1837 .
909 1796 951 1837 in
973 1809 1030 1850 1v‚
1049 1795 1130 1837 231
1154 1793 1430 1836 membranae
1451 1792 1635 1849 eademq.
1653 1809 1667 1846 ,-

179 1862 294 1918 quod
326 1863 538 1907 Avantius
569 1864 783 1906 correxit.

292 1930 390 1974 551.
421 1945 584 1973 MANUS
607 1945 768 1978 ATQUE
791 1945 984 1973 ocnnus
1005 1945 1232 1971 NARESVE
1254 1943 1482 1972 SEORSUM
1499 1962 1508 1972 .
1530 1929 1664 1971 Immo

179 2013 277 2041 Aur
325 2000 470 2043 oculus
501 2031 511 2042 .
550 1999 611 2042 sic
641 1999 756 2041 infra
795 2001 878 2042 616
920 2002 966 2043 in
1011 2001 1146 2056 capite
1198 2003 1272 2041 aut
1305 1998 1489 2056 pedibus
1533 1997 1667 2039 mani-

179 2067 310 2110 busve
330 2098 340 2108 .

292 2134 390 2178 553.
412 2135 508 2178 San
530 2149 690 2176 TAMEN
712 2150 758 2176 IN
780 2149 944 2178 PARvo
966 2149 1255 2177 LINGUNTUR
1275 2148 1508 2176 TEMPORE
1530 2149 1662 2177 TALI.

178 2203 230 2246 In
249 2202 317 2246 his
337 2203 411 2258 qui
432 2202 519 2247 Sed
542 2212 677 2246 tamen
700 2204 810 2247 ferre
840 2204 990 2247 nolunt
1020 2203 1207 2259 imperiti
1238 2208 1364 2246 sunt:
1396 2216 1496 2245 nam
1527 2212 1664 2245 tamen

176 2273 224 2314 in
247 2287 384 2329 parvo
415 2280 594 2328 tempore
625 2276 690 2315 est
721 2272 811 2314 fere
839 2274 884 2314 in
912 2281 1091 2329 tempore
1119 2273 1311 2328 quamvis
1325 2287 1462 2328 parvo
1485 2304 1495 2314 .
1516 2270 1593 2313 sed
1620 2271 1662 2312 in

176 2339 262 2384 fine
283 2340 461 2383 Isaacus
485 2338 663 2383 Vossius
685 2341 922 2384 rectissime
946 2341 1036 2383 tabi
1049 2373 1060 2394 ‚
1090 2340 1204 2396 quod
1227 2340 1440 2383 sententia
1461 2339 1539 2382 sibi
1567 2352 1662 2394 pos-

177 2409 285 2452 tulat
300 2441 310 2451 .
327 2408 388 2451 ita
410 2421 510 2450 mox
526 2408 607 2451 581
633 2410 738 2465 quin
759 2410 804 2451 in
829 2418 959 2452 taetro
983 2409 1164 2451 tabescat
1184 2409 1335 2463 odore,
1358 2411 1402 2450 et
1427 2420 1559 2464 supra
1579 2407 1662 2450 343

175 2475 263 2520 Sed
271 2477 446 2533 penitus
457 2485 642 2533 pereunt
661 2477 856 2520 convulsi
871 2492 1029 2532 conque
1046 2486 1293 2534 putrescunt
1315 2510 1323 2518 .
1353 2476 1406 2519 de
1436 2476 1569 2519 verbo
1600 2479 1661 2518 ta-

175 2557 273 2587 men
303 2556 463 2599 anceps
494 2545 698 2588 iudicium
730 2548 795 2588 est
829 2580 837 2588 .
870 2544 1049 2587 Vossius
1081 2546 1219 2588 voluit
1255 2546 1503 2602 liquuntur,
1535 2558 1660 2599 quem

176 2611 407 2655 admodum
423 2610 606 2656 Ovidius
627 2613 736 2656 dixit
755 2612 810 2655 de
827 2613 1019 2666 Aglauro
1042 2613 1193 2657 invida
1213 2614 1406 2670 lentaque
1422 2613 1662 2655 miserrima

178 2680 268 2722 tabe
290 2680 519 2736 Liquitu‘r,
550 2680 751 2736 idemque
783 2681 838 2723 de
869 2680 1052 2724 Hercule
1083 2699 1291 2739 caecaque
1321 2680 1518 2723 medullis
1552 2680 1662 2721 Tabe

177 2747 418 2805 liquefactis*
436 2780 446 2790 .
467 2748 530 2789 ita
550 2761 653 2791 vero
677 2749 721 2791 id
744 2747 860 2804 quod
882 2749 981 2792 libri
999 2750 1147 2806 scripti
1165 2750 1368 2793 exhibent
1383 2747 1511 2791 valde
1526 2748 1660 2789 inmu-

175 2815 352 2858 tandum
368 2818 433 2857 est
449 2829 458 2856 :
477 2815 604 2858 debet
631 2817 742 2860 enim
769 2817 899 2860 scribi
922 2818 967 2859 in
979 2833 1114 2874 parvo
1133 2819 1319 2861 licuntur
1335 2817 1428 2859 sive
1446 2816 1660 2871 liquontur

176 2894 354 2941 tempore
371 2883 461 2925 tabe
475 2915 487 2937 ,
515 2895 610 2924 cum
630 2884 801 2927 codices
824 2884 1012 2927 habeant
1027 2886 1247 2942 linquatur
1264 2889 1305 2927 et
1323 2885 1425 2927 tali.
1450 2895 1549 2925 nam
1575 2883 1666 2925 tabi

175 2951 366 2997 ablativo
397 2963 499 2992 casu
528 2963 654 2993 nemo
684 2952 823 3007 dixit,
851 2966 991 3008 neque
1023 2953 1067 2995 id
1097 2966 1278 3012 usquam
1311 2952 1469 3006 legitur
1500 2951 1583 2993 nisi
1614 2951 1658 2992 in

175 3020 371 3064 sutilibus
402 3019 660 3074 quibusdam
691 3020 876 3063 Lucretii
911 3019 1175 3063 editionibus
1206 3021 1314 3063 libro
1346 3034 1372 3072 1,
1391 3019 1501 3062 806.
1525 3031 1656 3073 quare
