2040 3328
937 237 998 280 IV
1627 238 1710 282 253

225 366 362 409 neque
384 351 647 407 Propertium
679 350 724 393 in
753 366 813 406 111,
832 350 970 406 24,51
994 350 1215 407 scripsisse
1242 350 1290 393 12·
1316 351 1395 393 tibi
1421 367 1496 393 nos
1527 352 1708 405 erimus,

224 420 594 478 neque'Ovidium
624 421 669 463 in
699 419 1100 476 metamorphoseon
1121 432 1212 474 vm,
1236 418 1318 461 726
1351 418 1466 462 Cura
1496 418 1617 461 deum
1643 421 1716 476 pii

225 499 351 545 sunt,
381 489 496 545 quod
533 490 572 532 ei
612 489 804 532 homines
842 488 1027 544 imperiti
1063 486 1344 538 adscribunt,
1377 499 1471 529 cum
1507 487 1550 529 in
1586 487 1711 530 bonis

226 557 542 614 exemplaribus
578 562 692 602 recte
729 559 899 612 legatur
930 557 1045 600 Cura
1075 555 1197 598 deum
1228 555 1279 598 dz'
1303 557 1387 598 sint
1407 589 1418 610 ,
1449 555 1493 598 id
1525 560 1589 599 est
1619 556 1711 599 Sint

224 626 347 669 nobis
379 625 556 669 deorum
592 627 687 670 loco
719 639 827 682 quos
857 625 939 682 ipsi
971 624 1042 667 dei
1074 637 1154 667 sua
1183 636 1287 666 cura
1316 623 1480 679 dignati
1513 629 1641 680 sunt,
1675 634 1712 668 et

224 695 304 751 qui
327 695 489 738 coluere
519 695 711 738 colantur
729 728 738 738 .

338 763 434 806 681.
467 762 673 806 UNGULA
711 777 807 811 Quo
847 776 1059 805 Tunnm‘r
1097 775 1318 803 GRESSUM
1354 775 1598 803 PROMISSA
1629 776 1709 804 cA-

223 844 322 872 mm
352 845 428 872 V1s
459 832 621 874 Ducu·
650 865 659 874 .
691 832 762 876 Sic
796 836 974 886 uterque
1011 831 1148 874 codex
1176 863 1186 874 .
1215 844 1458 872 PERMISSA
1494 831 1710 874 Iohannes

223 899 477 943 Fredericus
499 900 742 944 Gronovius
760 934 770 957 ,
793 901 866 956 qui
887 900 932 943 id
954 900 1115 956 optime
1135 903 1276 942 tuetur
1296 900 1340 942 in
1362 899 1708 943 observationum

222 968 335 1024 11,13
355 983 398 1025 p.
415 969 497 1012 317
515 1002 524 1012 .
547 982 623 1026 pro
646 969 781 1013 altero
803 973 969 1025 pugnat
989 968 1194 1011 Heinsius
1216 967 1259 1010 in
1281 967 1544 1011 adversariis
1566 982 1606 1024 p.
1626 968 1710 1011 374

223 1036 281 1080 ad
301 1037 450 1080 Silium
471 1052 531 1094 111,
548 1038 634 1081 534
657 1052 666 1080 :
693 1038 982 1098 sed·animata
1003 1041 1045 1080 et
1066 1037 1241 1091 agentia
1269 1049 1357 1078 non
1388 1036 1586 1079 videntur
1609 1053 1710 1093 pro-

222 1107 336 1149 mitti
361 1110 435 1148 aut
464 1123 507 1149 se
527 1107 774 1163 promittere
796 1140 805 1150 .
827 1109 1055 1162 praeterea
1084 1104 1182 1147 huic
1212 1105 1450 1148 sententiae
1476 1121 1556 1162 quo
1578 1105 1711 1148 tetulit

211 1189 411 1230 yressum
450 1175 681 1230 convenit,
713 1188 799 1217 non
829 1176 917 1231 'quo
954 1187 1131 1228 cumque
1169 1174 1310 1216 tulerit
1337 1190 1351 1229 ‚·
1384 1187 1518 1228 quare
1543 1173 1710 1216 ·rectius

223 1241 455 1286 scribemus
487 1259 567 1299 quo
598 1243 740 1286 tulerit
767 1259 958 1300 yressum
990 1243 1136 1284 D101'r
1156 1275 1165 1284 .

338 1311 434 1355 696.
470 1324 732 1353 nnnononn
762 1324 1049 1352 vmmwrun.
1081 1309 1305 1354 Corrector
1345 1310 1521 1365 oblongi
1559 1324 1710 1352 anno-

221 1391 373 1420 Lnnn.

337 1447 434 1491 698.
465 1461 581 1489 Essn
614 1462 842 1490 cnnArAM
864 1480 874 1491 .
906 1447 1002 1491 Itali
1034 1461 1291 1490 CREATUM.

338 1516 588 1560 706-721.
627 1517 733 1559 Nnc
772 1530 936 1558 TAMEN
966 1530 1062 1558 Hoc
1099 1530 1266 1558 sons.
1299 1516 1379 1560 Hic
1414 1515 1528 1559 idem
1567 1517 1710 1560 obser-

221 1598 325 1629 vare
361 1585 460 1628 licet
495 1585 609 1640 quod
648 1598 776 1628 versu
810 1585 890 1628 129
921 1584 1107 1628 vidimus
1135 1617 1145 1627 .
1178 1598 1276 1628 nam
1314 1584 1358 1627 hi
1390 1598 1540 1628 versus
1571 1599 1711 1642 neque

221 1657 322 1710 apto
353 1654 446 1697 loco
477 1654 608 1710 positi
639 1658 738 1696 sunt
760 1686 769 1709 ,
791 1666 929 1708 neque
959 1657 1140 1708 possunt
1169 1653 1212 1696 in
1243 1667 1398 1709 suum,
1421 1653 1501 1696 hoc
1523 1658 1588 1697 est
1614 1658 1712 1710 post

220 1722 336 1778 686,
359 1722 481 1766 traici
506 1755 514 1764 .
545 1722 666 1765 cuius
697 1722 758 1764 rei
791 1734 902 1776 quae
930 1734 1063 1765 causa
1092 1722 1148 1764 sit
1178 1721 1263 1765 iam
1294 1723 1400 1766 satis
1432 1727 1580 1778 patere
1602 1723 1710 1765 exis-

221 1789 324 1832 timo
343 1821 353 1832 .

336 1858 431 1901 710.
472 1857 581 1909 QUM
616 1871 767 1899 ΕΤΙΑΜ
806 1872 1003 1900 GALLUM
1039 1872 1236 1900 NOCTEM
1266 1872 1709 1901 nxpnormnnrmus

218 1939 330 1968 Ans
353 1958 362 1968 .
385 1925 630 1977 Quadratus
651 1927 741 1979 ραν
771 1929 895 1970 etiam
922 1930 964 1969 et
992 1926 1335 1984 emplendentibus
1358 1961 1366 1969 .
1395 1931 1607 1971 corrector
1637 1926 1709 1969 ob-

219 1993 341 2049 longi
372 1993 501 2046 Qum
532 1995 655 2037 etiam
691 1999 732 2037 et
770 2009 1220 2037 EXPLAUDENTIBUS
1248 2029 1257 2037 .
1290 1995 1592 2053 dz'spludamur
1627 1994 1709 2038 lec-

220 2065 310 2104 tum
341 2066 405 2105 est
435 2061 550 2118 apud
580 2062 816 2106 Varronem
848 2062 902 2106 de
933 2077 980 2107 re
1009 2064 1170 2107 rustica
1188 2078 1232 2119 11,
1249 2064 1289 2119 5,
1308 2064 1333 2107 8
1356 2096 1366 2118 ,
1389 2063 1711 2120 displordamur

222 2142 316 2186 cap.
338 2131 377 2184 9,
398 2130 453 2174 4.

336 2198 432 2240 712.
464 2199 649 2241 RApmx

221 2265 303 2310 ‘cui
333 2267 534 2310 assentiri
565 2281 651 2311 non
682 2282 855 2324 possum
880 2302 889 2325 ‚
931 2269 1069 2324 inquit
1098 2268 1308 2324 Forbiger
1336 2302 1345 2311 .
1378 2268 1564 2311 debebat
1599 2269 1709 2312 scire

221 2335 359 2378 leones
379 2335 556 2391 rapidos
576 2337 729 2380 Latine
756 2337 839 2380 dici
871 2350 958 2380 non
989 2350 1119 2393 posse
1143 2350 1272 2380 :nam
1304 2337 1377 2380 vix
1409 2336 1614 2380 credibile
1646 2342 1710 2380 est

220 2403 349 2446 etiam
385 2416 497 2446 nunc
526 2405 757 2460 magistros
790 2419 884 2449 esse
915 2406 989 2460 qui
1019 2409 1066 2448 ut
1095 2405 1196 2448 olim
1227 2418 1383 2462 pueros
1421 2404 1605 2448 doceant
1638 2421 1708 2447 ra-

214 2471 368 2528 pidum
398 2475 440 2514 et
470 2473 680 2530 trepidum
710 2487 803 2532 non·
826 2487 922 2517 esse
954 2474 1135 2517 celerem
1157 2478 1198 2517 et
1218 2477 1505 2529 commotum,
1535 2472 1612 2516 sed
1643 2485 1708 2515 ra-

219 2552 371 2595 pacem
402 2544 443 2583 et
474 2540 793 2584 tremibundum
811 2574 821 2585 .

335 2608 430 2652 719.
461 2623 875 2653 Pnrmrnmrmus
906 2625 1048 2653 ILUS.
1081 2611 1304 2654 Corrector
1334 2609 1532 2666 quadrati
1564 2614 1606 2654 et
1641 2622 1707 2653 co-

222 2674 338 2718 dices
368 2675 566 2731 impressi
597 2692 676 2718 ιω,
688 2693 758 2720 1s.

336 2743 433 2787 721.
472 2759 537 2785 NE
576 2758 784 2787 Possmr
823 2761 887 2788 nx
927 2761 1052 2788 ULLA
1085 2781 1094 2789 .
1139 2748 1409 2792 Correctores
1447 2750 1614 2789 veteres
1655 2761 1708 2788 em

220 2825 348 2853 ULLA
371 2844 380 2853 .
413 2811 648 2866 quadratus
679 2829 762 2856 ‘non
782 2816 980 2870 possint.

336 2879 431 2922 727.
477 2883 815 2927 BRATTEAQUE
852 2895 978 2924 Auru
1009 2915 1018 2924 .
1058 2882 1301 2933 Quadratus
1340 2883 1581 2938 bratieaque
1612 2915 1621 2923 .
1662 2881 1707 2924 in

220 2948 437 2991 Aeneidos
459 2948 621 3004 V1,209
652 2948 868 2992 Mediceus
901 2953 942 2992 et
971 2949 1189 2992 Romanus
1221 2951 1410 3005 brattea,
1441 2963 1548 3005 quos
1578 2950 1708 3004 Wag-

219 3029 347 3060 nerus
369 3030 452 3059 non
475 3017 640 3060 curavit
661 3049 671 3071 ,
694 3030 836 3071 neque
866 3017 990 3060 aliter
1011 3017 1276 3073 exemplaria
1298 3017 1509 3062 Martialis
1531 3033 1620 3072 vm,
1638 3018 1705 3072 33,

893 2269 901 2287 5

802 2214 990 2242 LEONES
1013 2232 1022 2241 .
1045 2201 1175 2243 Recte
1195 2215 1367 2242 RABIDI
1388 2199 1707 2243 Wakefieldus.
1775 2238 1778 2241 .
