2040 3328
827 219 996 246 EMENDA
1002 219 1071 246 TIO
1635 209 1655 248 1
1665 210 1684 249 1

206 333 291 363 non
322 318 450 362 facile
477 330 658 373 usquam
679 321 812 363 multo
837 333 966 374 quam
987 333 1068 374 ego
1091 320 1272 363 dixerim
1293 322 1390 377 plus
1422 322 1687 365 auctoritatis

205 389 348 432 inesse
371 387 690 443 exemplaribus
711 389 869 431 nostris
887 389 1194 444 antiquissimis
1212 422 1221 444 ,
1245 394 1345 444 aut,
1367 391 1404 433 si
1427 390 1572 433 studia
1592 404 1688 433 mea

205 456 454 500 examinare
471 456 628 508 velint,
648 456 799 500 eadem
817 457 1082 513 exemplaria
1098 457 1238 501 denuo
1255 463 1352 514 post
1368 472 1435 501 me
1448 459 1685 513 excutiant,

205 525 282 569 sed
304 538 399 568 cum
421 537 524 567 cura
545 529 586 566 et
607 524 772 568 intenta
793 526 1013 569 oculorum
1035 526 1128 569 acie
1146 559 1155 580 ,
1178 540 1233 569 ne
1256 527 1365 570 forte
1387 527 1527 583 prima
1558 541 1687 570 manu

205 594 367 649 scripta
397 605 492 636 esse
523 596 673 648 putent
701 606 813 647 quae
834 594 919 637 sint
940 598 1251 649 correctorum,
1284 610 1394 639 neve
1414 596 1539 651 plura
1560 609 1686 650 quam

204 665 243 707 is
275 660 401 719 quem
433 664 585 704 notare
617 662 829 704 voluerint
858 675 1061 717 peccasse
1093 668 1340 717 arguantur.

319 732 470 785 Itaque
507 730 757 773 recensendi
797 743 972 773 munere
1012 731 1074 773 ita
1112 731 1280 774 functus
1320 746 1437 787 sum,
1477 739 1521 776 ut
1556 734 1686 789 quod·

205 812 386 855 cumque
419 799 577 842 bonum
609 802 652 841 et
672 812 820 842 verum
853 803 966 842 esset
996 803 1070 841 aut
1100 801 1144 842 in
1175 803 1355 854 utroque
1385 805 1459 843 aut
1488 803 1533 844 in
1565 803 1687 845 alter-

205 874 299 912 utro
323 867 471 911 codice
490 900 498 922 ,
521 867 565 909 id
587 867 681 910 sine
702 867 789 909 ullo
812 866 1093 910 dubitationis
1115 867 1275 910 indicio
1299 869 1543 912 exhiberem
1562 904 1570 925 ,
1596 884 1688 913 ver-

203 951 327 981 suum
356 939 498 979 autem
530 935 723 978 ordinem
756 949 878 990 eum,
907 949 991 991 quo
1022 941 1166 979 essent
1195 950 1223 979 a
1253 938 1468 981 veteribus
1499 939 1687 982 librariis

204 1005 380 1062 scripti,
402 1004 590 1047 numeris
622 1004 833 1059 appositis
864 1005 1102 1048 indicarem
1122 1021 1130 1046 :
1154 1005 1497 1050 emendationem
1529 1008 1593 1050 his
1623 1021 1687 1050 rc—

205 1075 286 1118 bus
316 1073 525 1117 contineri
556 1072 788 1115 arbitratus
819 1086 940 1128 sum,
977 1074 1161 1128 primum
1191 1079 1236 1117 ut
1266 1088 1416 1118 versus
1448 1089 1474 1118 a
1503 1075 1687 1118 librariis

203 1142 371 1187 traiecti
400 1142 444 1184 in
476 1154 598 1183 suum
630 1141 768 1183 locum
800 1140 1131 1197 reducerentur3
1163 1143 1278 1197 quod
1309 1143 1380 1185 ubi
1412 1145 1581 1199 evenit,
1613 1158 1687 1186 nu-

204 1211 309 1256 meri
341 1223 437 1254 sese
467 1209 653 1251 naturali
675 1209 824 1252 ordine
847 1210 1046 1265 excipere
1067 1224 1154 1253 non
1174 1216 1403 1267 potuerunt
1422 1227 1432 1266 3
1455 1211 1609 1254 deinde
1641 1216 1687 1253 ut

203 1282 300 1336 ipsa
330 1290 530 1323 versuum
562 1277 802 1332 vocabula,
829 1278 902 1320 ubi
933 1279 1002 1321 vel
1022 1280 1237 1333 perissent
1257 1282 1326 1323 vel
1357 1280 1594 1335 depravata
1625 1293 1691 1322 es=

202 1352 328 1403 sent,
358 1349 564 1402 quantum
586 1345 676 1388 fieri
697 1351 872 1401 posset,
903 1347 1268 1403 reciperarentur,
1296 1349 1356 1390 ita
1376 1354 1517 1391 tamen
1539 1351 1584 1389 ut
1604 1348 1687 1390 sin-

203 1418 308 1474 gula
338 1415 395 1459 ad
426 1414 621 1457 codicum
641 1414 768 1457 fidem
789 1416 951 1470 scripta
973 1428 1066 1457 cum
1087 1416 1270 1470 singulis
1291 1417 1686 1459 commentariorum

203 1484 427 1544 particulis
450 1482 790 1539 praefigerentur
808 1517 817 1538 ,
841 1489 927 1527 tum
949 1485 991 1526 in
1013 1485 1107 1528 imis
1129 1486 1300 1540 paginis
1322 1485 1556 1527 carminum
1589 1498 1686 1527 enu-

203 1557 497 1599 morarentur.

316 1621 502 1678 Operam
532 1633 635 1663 vcro
668 1622 901 1664 maximam
932 1635 1113 1678 eamque
1135 1623 1239 1666 satis
1263 1622 1530 1666 fastidiosam
1561 1622 1685 1677 posui

205 1694 250 1736 in
281 1691 419 1748 primo
453 1689 767 1732 emendationis
800 1691 1004 1745 cuiusque
1035 1695 1210 1733 auctore
1232 1691 1534 1745 investigando
1555 1705 1564 1732 z
1585 1703 1683 1732 nam

206 1762 301 1817 quis
333 1772 544 1815 quemque
576 1761 744 1800 secutus
776 1763 914 1814 esset,
946 1759 1096 1815 quisve
1126 1760 1210 1802 alio
1242 1765 1434 1815 tempore
1465 1759 1577 1802 idem
1609 1773 1685 1814 per

202 1844 251 1874 se
271 1829 478 1882 vidisset,
509 1840 592 1869 non
614 1839 746 1882 saepe
768 1828 914 1870 curavi
933 1861 941 1882 ,
966 1828 1050 1870 nisi
1071 1829 1114 1869 in
1135 1828 1468 1871 mirabilioribus
1488 1861 1496 1869 .
1525 1840 1627 1881 ergo
1649 1827 1684 1869 si

202 1897 375 1954 quando
407 1896 680 1939 librariorum
701 1909 852 1939 manus
875 1910 901 1938 a
922 1910 1024 1940 vero
1046 1896 1273 1939 aberrasse
1295 1897 1559 1952 apparebat,
1587 1901 1685 1938 ante

204 1967 353 2011 omnia
383 1965 581 2020 quaesivi
612 1964 819 2019 numquid
854 1965 1005 2007 melius
1042 1964 1232 2007 adferret
1267 1974 1542 2007 correctorum
1581 1968 1683 2006 ante·-

202 2036 433 2093 qm'ssimus
450 2067 460 2088 ‚
483 2034 557 2088 qui
578 2033 754 2076 saeculo
776 2046 889 2074 nono
914 2033 1102 2075 codicem
1126 2033 1358 2088 oblongum
1382 2034 1682 2088 interpolavit.

201 2118 228 2147 a
258 2116 343 2159 quo
376 2103 412 2145 si
443 2102 551 2144 nihil
580 2102 852 2154 rettuleram,
875 2101 1008 2143 multo
1031 2101 1156 2156 plura
1178 2101 1292 2144 bona
1313 2107 1354 2145 et
1374 2103 1420 2145 in
1441 2103 1507 2144 his
1540 2102 1683 2156 exqui-

175 2172 407 2216 -Sitissima
447 2184 532 2214 non
572 2183 713 2227 pauca
742 2169 1030 2225 praebuerunt
1061 2179 1309 2212 correctores
1347 2170 1552 2226 quadrati
1571 2202 1579 2211 .
1618 2170 1683 2211 his

205 2244 350 2285 aetate
370 2253 450 2296 par
472 2243 514 2283 et
535 2240 580 2282 in
602 2238 860 2282 emendandi
884 2237 1025 2280 officio
1057 2238 1187 2293 paulo
1220 2238 1479 2281 constantior
1510 2242 1574 2280 est
1595 2238 1682 2279 An-

201 2311 340 2353 tonius
370 2309 512 2351 Marii
538 2308 607 2352 vel
636 2307 776 2363 potius
815 2306 942 2349 huius
980 2310 1128 2348 auctor
1158 2307 1322 2361 Italus,
1354 2307 1425 2361 qui
1457 2305 1684 2349 manifesta

201 2379 309 2423 vitia
339 2378 512 2421 sustulit
533 2378 756 2419 innumera
776 2391 783 2417 :
808 2375 966 2418 habent
988 2375 1116 2417 etiam
1138 2375 1315 2430 propria
1336 2375 1548 2429 quaedam
1571 2375 1683 2416 bona

201 2449 300 2492 olim
317 2447 518 2504 impressi
536 2478 544 2487 .
562 2445 641 2488 sed
663 2444 851 2486 omnium
874 2443 1016 2486 studia
1038 2456 1132 2485 cum
1154 2444 1327 2497 ingenio
1351 2448 1437 2486 tum
1457 2443 1683 2498 diligentia

200 2517 328 2571 longe
365 2514 587 2571 superavit
622 2512 834 2555 Michahel
871 2512 1113 2566 Marullus,
1155 2516 1249 2553 ortu
1280 2512 1497 2566 Graecus,
1530 2511 1607 2554 sed
1640 2511 1682 2552 in

200 2585 322 2641 poesi
352 2584 508 2627 Latina
538 2583 747 2635 eximius,
789 2581 862 2635 qui
895 2593 989 2623 cum
1020 2594 1067 2622 se
1098 2580 1196 2622 totis
1229 2580 1391 2622 viribus
1423 2581 1466 2621 in
1498 2580 1681 2621 Lucretii

200 2653 421 2707 ingenium
450 2656 492 2695 et
519 2657 655 2695 artem
683 2650 968 2703 insinuasset,
993 2649 1036 2691 in
1059 2650 1149 2691 eius
1173 2649 1431 2691 carminibus
1453 2647 1681 2691 emendan-

201 2720 268 2763 dis
298 2721 430 2762 multo
462 2720 557 2775 plus
589 2718 802 2775 praestitit
838 2730 966 2771 quam
1003 2722 1099 2772 post
1131 2731 1224 2759 eum
1257 2717 1325 2759 vel
1356 2716 1568 2758 doctiores
1587 2747 1596 2757 .
1626 2714 1680 2756 ab

201 2788 326 2831 huius
356 2801 493 2843 prope
524 2789 770 2830 Volaterras
802 2787 846 2828 in
879 2785 1035 2828 Cecina
1066 2785 1192 2828 fluvio
1232 2785 1403 2827 interitu
1434 2797 1548 2826 anno
1580 2783 1681 2825 duo-

201 2857 368 2900 decimo
399 2852 549 2898 Petrus
582 2854 801 2899 Candidus
830 2853 1071 2896 Lucretium
1109 2853 1164 2896 ab
1205 2867 1254 2896 eo
1295 2853 1565 2894 emendatum
1597 2852 1681 2894 edi-

201 2924 290 2980 dit,
313 2925 567 2980 impressum
589 2922 834 2966 Florentiae
862 2922 1100 2976 sumptibus
1133 2921 1321 2976 Philippi
1350 2920 1536 2963 Giuntae
1567 2933 1680 2962 anno

204 2993 313 3037 1512
352 3005 498 3035 mense
534 2992 707 3045 Martio,
746 2990 864 3031 cuius
902 2989 1101 3032 editionis
1140 2989 1359 3044 exemplar
1397 2989 1450 3030 ab
1490 2987 1681 3030 Iohanne
