2040 3328
410 255 463 298 28
1122 257 1142 297 Ι

410 366 565 419 litium,
589 367 678 407 Zite's
700 375 834 408 emunt
847 398 858 419 ,
890 369 931 407 et
950 366 992 406 in
1013 365 1204 407 Rudente
1225 378 1268 404 1v
1286 398 1296 419 ,
1317 365 1344 406 4
1361 398 1370 420 ,
1393 367 1418 408 9
1439 367 1558 408 Hdut
1572 367 1726 422 pudet.
1748 369 1858 410 nihil

409 448 487 489 ayo
504 442 631 474 tecum
648 465 656 474 .
680 436 774 489 ‹257-90
789 434 862 474 aba·
877 434 971 474 hinc
986 434 1045 473 sis
1061 464 1069 472 .
1092 435 1243 486 qua'eso
1257 464 1267 485 ,
1289 433 1490 487 responde
1503 449 1627 476 senex
1645 467 1652 473 .
1676 433 1854 477 Ovidius

410 500 453 541 in
474 499 652 541 tristium
670 514 720 554 v,
747 500 822 554 14,
843 499 895 539 41
920 502 960 539 et
980 511 1032 539 ex
1053 498 1185 539 Ponto
1206 498 1311 539 libro
1328 512 1400 553 111,
1426 499 1446 539 1
1466 531 1475 554 ,
1501 499 1731 542 113-Morte
1750 501 1858 542 nihil

410 583 512 622 opus
542 576 598 608 est
612 599 623 619 ,
655 567 698 608 in
727 565 1120 619 metamorphoseon
1149 578 1234 618 vn,
1267 564 1349 606 644
1378 565 1430 606 In
1459 567 1621 620 superis
1650 568 1740 621 opis
1769 583 1854 609 esse

410 634 517 675 nihil
532 665 540 674 .
563 643 604 674 at
624 634 668 674 in
688 632 859 674 aedibus
888 633 1052 688 inqens.
1076 631 1251 674 eundem
1282 631 1325 672 in
1346 645 1399 686 x,
1426 630 1509 673 520
1525 632 1739 686 Scripsisse
1768 645 1856 675 sus-

410 701 527 754 picor
547 700 702 755 Estque
721 700 830 740 m'lcz'l
848 701 970 740 annis
996 699 1200 740 velocius:
1221 711 1247 739 a
1277 697 1579 740 correctoribus
1610 699 1725 740 venit
1753 699 1856 741 illud

409 767 464 807 Ει
479 767 586 808 nihil
599 775 656 808 est
671 799 681 819 ,
704 766 817 819 quod
834 765 973 808 Ovidii
994 778 1108 806 more
1128 765 1441 818 pronuntiatum
1463 764 1587 806 nimis
1609 765 1751 806 tardos
1772 764 1856 806 effi-

410 833 465 874 cit
479 846 674 875 numeros
691 866 701 887 ,
724 834 779 874 Et
794 834 857 874 nil
872 842 929 874 est
944 834 1066 874 annis
1083 832 1259 873 velocius
1277 861 1286 871 .
1309 831 1487 873 eandem
1503 831 1712 884 syllabam
1728 833 1857 874 mani-

411 900 517 942 festo
539 900 770 954 corripiunt
790 899 1003 953 Catullus,
1031 898 1256 952 Horatius,
1283 898 1501 952 Tibullus,
1532 898 1798 952 Propertius,
1820 899 1857 940 is

411 966 481 1020 qui
503 967 669 1021 scripsit
689 967 910 1020 epistulam
931 966 1064 1006 Herus
1087 964 1244 1018 (170),
1267 965 1452 1018 Seneca,
1475 964 1679 1006 Martialis
1697 997 1706 1018 ,
1729 965 1858 1007 Silius

410 1034 538 1075 semel
559 1034 600 1074 in
621 1047 735 1086 xvn,
770 1032 847 1073 188
865 1063 874 1071 .
897 1032 1008 1073 idem
1029 1031 1156 1072 Silius
1187 1029 1400 1084 disyllabo
1430 1031 1559 1072 semel
1588 1034 1685 1072 ante
1714 1043 1858 1073 consc—

409 1104 578 1141 nantem
599 1113 698 1141 usus
720 1103 807 1152 est,
840 1098 964 1139 Bella
985 1098 1092 1138 m'lzil
1110 1098 1217 1138 vitae
1231 1129 1242 1150 ,
1263 1110 1319 1136 xv
1341 1128 1350 1150 ,
1381 1095 1490 1148 465,
1523 1095 1650 1138 ceteri
1672 1109 1778 1150 quos
1799 1096 1858 1138 di-

409 1165 607 1221 syllabon
628 1165 784 1206 habere
813 1164 901 1205 dixi
916 1164 1119 1218 (Manilio
1147 1163 1347 1217 excepto)
1376 1162 1444 1204 vel
1466 1162 1658 1216 saepius:
1680 1162 1798 1203 multi
1817 1162 1860 1203 in

410 1231 631 1286 disyllabo
666 1231 774 1273 hanc
803 1231 1043 1283 ambiguam
1064 1231 1269 1271 rationem
1298 1228 1428 1270 secuti
1459 1232 1555 1269 sunt
1583 1228 1744 1282 solam,
1782 1229 1859 1270 Te-

409 1299 566 1340 rentius
588 1299 770 1340 comicus
788 1330 797 1352 ,
821 1298 954 1339 Varro
975 1298 1019 1338 in
1040 1296 1230 1339 versibus
1247 1329 1256 1350 ,
1280 1295 1493 1348 Vergilius
1515 1327 1524 1349 ,
1545 1295 1664 1348 isque
1685 1294 1748 1336 bis
1769 1298 1858 1336 tan-

410 1370 495 1406 tum
519 1365 618 1416 (ecl.
641 1365 689 1419 2,
713 1365 738 1406 6
760 1365 863 1406 Aen.
885 1378 938 1418 11,
961 1363 1087 1417 287),
1110 1362 1347 1421 Phaedrus,
1369 1362 1586 1416 Lucanus,
1609 1361 1861 1415 Calpurnius

411 1432 563 1485 semel,
590 1430 779 1473 Valerius
797 1431 972 1472 Flaccus
988 1430 1052 1472 bis
1068 1431 1152 1484 (v1,
1180 1429 1262 1471 488
1278 1442 1361 1482 vn,
1385 1428 1506 1482 388),
1531 1427 1714 1482 Statius,
1743 1429 1862 1470 Iuve—

411 1499 541 1541 nalis.
559 1499 689 1540 nihilo
705 1499 835 1540 tribus
853 1498 1028 1552 syllabis
1045 1497 1251 1539 Catullum
1266 1495 1363 1549 (28,
1384 1495 1434 1536 12
1450 1495 1502 1536 61
1520 1526 1529 1548 ,
1550 1494 1648 1548 197)
1663 1494 1863 1536 extulisse

412 1570 600 1610 constat:
622 1565 863 1619 disyllabon
885 1565 982 1606 fecit
1002 1564 1114 1606 idem
1131 1563 1316 1606 Catullus
1339 1562 1406 1613 (97
1427 1593 1436 1615 ,
1459 1561 1503 1614 3)
1525 1574 1618 1602 cum
1638 1561 1833 1603 Lucretio
1851 1592 1862 1614 ,

411 1634 609 1686 Horatio,
631 1633 811 1687 Priapeo
830 1631 1011 1674 carmine
1027 1631 1081 1672 53
1099 1645 1108 1671 :
1131 1630 1183 1671 de
1201 1628 1371 1682 ceteris,
1393 1632 1595 1682 quantum
1610 1627 1719 1682 scio,
1741 1640 1863 1682 prop-

411 1705 474 1743 ter
503 1704 728 1742 metrorum
759 1699 1076 1751 ambiguitatem
1106 1695 1208 1738 nihil
1237 1694 1450 1737 adfirmari
1479 1698 1647 1749 potest.
1668 1695 1862 1736 Lucretio

411 1772 579 1821 tamen,
610 1767 711 1820 quia
729 1767 840 1808 m‘lzil
859 1764 1140 1819 disyllabum,
1173 1766 1218 1803 ut
1238 1761 1354 1815 dixi,
1385 1774 1469 1803 non
1490 1761 1640 1815 habet,
1671 1761 1803 1803 nilum
1824 1764 1865 1802 et

410 1835 496 1876 m'lo
523 1834 616 1876 sola
644 1833 824 1888 probata
854 1831 983 1874 fuisse
1015 1830 1220 1872 existimo.

527 1901 618 1943 168.
650 1913 768 1940 cous
779 1913 819 1939 1s
830 1913 884 1939 TE
896 1912 953 1938 RE
975 1912 1001 1938 D
1015 1911 1168 1937 ERTA.
1191 1895 1260 1937 Sic
1276 1895 1510 1948 oblongus:
1533 1894 1644 1936 idem
1661 1907 1687 1936 a
1703 1907 1861 1937 correc-

413 1972 502 2011 tore
533 1981 717 2009 cnRrA.
741 1965 973 2020 quadratus
1004 1973 1133 2006 terta.

527 2036 618 2077 176.
650 2048 740 2075 suo
772 2047 857 2079 qu
886 2045 1116 2072 TEMPORE
1135 2062 1144 2072 .
1168 2030 1265 2072 Itali
1295 2043 1439 2075 QUIA.

528 2103 619 2144 177.
652 2114 781 2147 ouon
825 2113 1030 2144 eunoun
1076 2110 1298 2138 oncxru.
1330 2095 1568 2147 Quadratus
1606 2098 1647 2138 et
1682 2093 1864 2137 schedae

414 2186 488 2211 ora
517 2178 641 2211 cantu
657 2202 667 2223 ,
701 2171 910 2210 corrector
939 2164 1110 2217 oblongi
1141 2177 1394 2204 CREATUR.

530 2237 620 2278 186.
651 2250 711 2277 Ex
747 2246 1036 2275 INFANTIBUS
1079 2244 1253 2270 PARVIS
1272 2262 1282 2272 .
1304 2230 1380 2271 His
1424 2228 1685 2282 grammatici
1721 2240 1864 2270 omnes

415 2317 491 2358 pro
514 2304 706 2357 exemplo
729 2304 925 2354 utuntur,
954 2298 1162 2340 Maximus
1185 2297 1421 2338 Victorinus
1443 2310 1484 2350 p.
1507 2295 1639 2349 1963,
1663 2294 1864 2337 Claudius

415 2369 623 2412 Sacerdos
652 2383 695 2423 p.
718 2369 798 2422 26,
830 2365 1058 2409 Diomedes
1088 2366 1206 2418 (post
1235 2362 1530 2415 Sacerdotem,
1567 2361 1682 2403 cuius
1712 2373 1865 2402 nomen
1895 2406 1900 2413 ,

416 2437 458 2478 in
498 2436 689 2490 exemplo
727 2435 847 2490 ponit
877 2447 917 2488 p.
939 2432 1040 2486 303)
1068 2445 1108 2486 p.
1130 2430 1214 2471 424
1251 2430 1438 2472 tribuens
1469 2428 1672 2482 Lucillio,
1703 2427 1864 2469 Probus

415 2517 454 2557 p.
475 2502 581 2544 1438
598 2535 608 2557 ,
630 2502 853 2556 Pompeius
872 2500 967 2554 (qui
987 2512 1033 2541 se
1049 2498 1238 2539 Maurum
1259 2496 1358 2538 dicit
1378 2509 1416 2550 p.
1435 2495 1542 2548 246)
1560 2509 1600 2549 p.
1623 2495 1678 2536 30
1695 2525 1704 2536 .
1726 2494 1802 2536 sed
1822 2493 1865 2535 hi

417 2582 562 2611 omnes
591 2582 675 2610 uno
707 2582 779 2610 ore
810 2570 1017 2610 testantur
1045 2568 1215 2619 poetam
1244 2579 1264 2604 s
1293 2563 1474 2604 litteram
1500 2561 1745 2615 scripsisse:
1768 2561 1865 2602 scri-

419 2637 476 2678 bit
497 2636 709 2692 infantibu
730 2634 892 2676 Probus
911 2647 919 2674 :
941 2634 1000 2675 sic
1031 2632 1137 2674 enim
1152 2663 1163 2684 ,
1194 2629 1355 2684 inquit,
1386 2645 1527 2671 vem-us
1547 2627 1697 2670 scandi
1704 2636 1867 2683 potest,-

417 2715 541 2756 quem
572 2701 798 2744 admodum
820 2701 964 2744 Cicero
987 2699 1031 2740 in
1063 2701 1228 2740 oratore
1252 2696 1328 2738 161
1360 2698 1420 2738 ita
1450 2696 1556 2738 enim
1577 2695 1710 2748 inquit
1731 2695 1866 2749 loque-

418 2771 581 2822 bamur,
603 2769 680 2824 qui
696 2777 754 2810 est
774 2768 937 2809 omnibu
949 2767 1149 2822 princeps
1160 2796 1170 2817 ,
1193 2778 1273 2805 non
1293 2763 1478 2805 omnibus
1494 2763 1691 2818 princeps
1699 2793 1710 2814 ,
1732 2769 1768 2803 et
1781 2761 1868 2802 vita

418 2836 497 2878 illa
526 2836 657 2890 dz‘gmu
688 2836 880 2890 locoque,
911 2849 992 2875 non
1021 2832 1173 2887 dqunus
1191 2863 1199 2872 .
1221 2830 1264 2871 in
1293 2829 1477 2871 Lucretii
1504 2827 1756 2871 carminibus
1778 2827 1866 2870 bre-

419 2902 537 2944 viore
567 2901 775 2955 scriptura
803 2914 925 2943 nemo
956 2913 1057 2942 usus
1089 2903 1151 2940 est
1182 2901 1278 2940 ante
1301 2896 1577 2950 Lambinum,
1608 2907 1744 2948 neque
1774 2906 1865 2935 eam

419 2972 564 3011 vetera
594 2968 853 3022 exemplaria
873 2967 1042 3021 saepius
1063 2979 1188 3019 quam
1210 2965 1275 3006 bis
1297 2966 1597 3006 conservarunt
1626 2966 1666 3003 et
1696 2959 1866 3015 quidem
