2040 3328
387 206 472 247 248
1082 206 1138 247 IV

383 315 583 358 Claudius
604 315 812 359 Sacerdos
842 316 886 356 in
915 315 1023 356 libro
1052 315 1187 369 primo
1219 316 1331 370 p.44
1351 349 1360 369 ‚
1382 317 1451 358 ubi
1484 318 1537 359 de
1567 316 1830 372 synecdoche

382 383 470 436 agit
486 415 495 435 ‚
514 383 616 425 haec
632 384 758 425 habet
774 415 783 437 ‚
806 383 889 424 Per
905 381 952 423 id
966 381 1079 437 quod
1092 381 1244 423 dicitur
1260 382 1369 424 illud
1382 384 1492 438 quod
1505 385 1690 440 sequitur
1706 416 1715 425 .
1738 384 1830 426 Rex

382 450 525 490 ambas
540 451 651 491 ultra
658 450 826 505 fossam
846 449 1020 490 retinere
1036 449 1164 504 eoepit
1179 463 1192 490 .·
1212 449 1456 491 subauditur
1472 451 1577 492 enim
1592 467 1739 492 manus
1755 481 1764 491 .
1787 450 1831 492 in

383 515 462 557 hoc
492 528 644 569 versu,
667 528 790 569 quem
821 515 945 556 Ennii
976 527 1070 556 esse
1099 518 1199 570 puto
1222 547 1232 569 ‚
1253 515 1602 559 Vindobonenses
1632 521 1743 559 recte
1773 517 1830 559 fe-

383 587 528 623 cerunt
547 583 688 623 ambas
707 615 718 636 ,
744 595 835 624 cum
865 582 909 623 in
939 581 1082 623 codice
1112 586 1224 623 esset
1253 596 1398 623 amus:
1427 582 1502 624 sed
1530 584 1703 626 retinere
1731 584 1831 626 mihi

383 649 604 689 obscurum
632 652 720 702 est,
746 649 858 702 quod
878 648 950 691 vix
979 648 1115 702 potuit
1144 647 1259 690 aliud
1290 660 1383 690 esse
1413 661 1538 702 quam
1561 649 1831 705 protendere:

383 714 460 756 hoc
481 718 619 756 autem
650 714 834 758 admisso
866 714 1079 758 evanescit
1107 714 1356 770 trisyllabon
1377 747 1386 756 .
1408 714 1603 757 Plautina
1622 716 1831 770 quaedam

382 781 504 823 huius
535 782 743 836 trisyllabi
775 782 971 836 exempla
990 781 1240 824 Ritschelius
1270 780 1324 824 ad
1350 781 1638 824 Trinummum
1657 796 1697 837 p.
1713 797 1833 824 Lxxv1

382 861 494 889 vana
523 848 663 902 specie
694 848 842 891 fallere
872 848 1045 890 statuit.
1067 848 1177 890 idem
1207 851 1347 890 tamen
1377 847 1490 902 quod
1519 848 1627 890 hanc
1655 849 1832 891 formam

383 915 588 956 rationem
615 914 770 957 habere
791 918 943 968 negat,
965 914 1066 955 mihi
1086 928 1168 956 non
1189 914 1415 969 persuadet
1434 929 1443 956 :
1465 927 1560 956 nam
1582 914 1635 957 ab
1657 916 1832 972 apiendo

382 986 426 1022 ut
456 981 500 1023 fit
529 982 676 1036 copula
691 1014 701 1035 7
731 982 791 1023 ita
811 988 970 1036 eoiTpere
990 982 1168 1036 coepisse
1188 988 1368 1036 co'e‘pcum
1383 1013 1394 1034 ‚
1423 993 1446 1022 e
1477 981 1626 1035 quibus
1656 983 1832 1038 coepisse

381 1062 465 1090 non
495 1049 630 1089 minus
661 1052 771 1090 recte
801 1061 927 1101 quam
957 1050 1096 1089 cetera
1122 1045 1310 1088 contrahi
1341 1047 1473 1101 potuit
1493 1061 1543 1090 eo
1565 1048 1689 1090 modo
1710 1061 1834 1102 quem

382 1115 425 1156 in
456 1117 647 1157 coemisse
677 1115 913 1156 notavimus
943 1114 1051 1155 libro
1072 1127 1115 1167 11,
1137 1113 1267 1155 1061.
1296 1114 1349 1155 ab
1380 1126 1430 1156 eo
1461 1119 1599 1157 autem
1629 1114 1743 1170 quod.
1772 1120 1835 1158 est

382 1191 526 1237 aptare
556 1181 647 1223 Afri
679 1180 866 1223 fecerunt
894 1189 1087 1236 cooptare
1106 1212 1117 1233 ‚
1146 1193 1229 1221 non
1259 1184 1420 1222 veteres
1438 1213 1447 1223 .

494 1248 589 1290 622.
620 1262 874 1289 MANANTES
905 1260 1129 1288 CORPORA
1160 1260 1267 1287 smel
1288 1278 1297 1289 .
1329 1248 1532 1291 Marullus
1561 1261 1832 1290 MANANTIS.

382 1315 509 1369 paulo
541 1318 638 1356 ante
667 1331 764 1356 rare
794 1315 1000 1368 oblongus
1023 1346 1032 1368 ,
1054 1329 1153 1356 raro
1183 1313 1410 1368 quadratus
1428 1346 1437 1355 .

495 1382 588 1426 624.
635 1382 824 1424 UMmAl
867 1394 1054 1422 LmGUA
1095 1394 1281 1422 cmcmu
1320 1394 1566 1422 SUDANTIA
1606 1395 1799 1423 TEMPLA
1822 1414 1832 1425 .

373 1450 478 1494 ,Itali
495 1449 625 1491 UMID
636 1463 662 1490 A
677 1462 881 1490 LINGUAI
899 1480 907 1490 .
925 1449 1002 1491 sed
1018 1448 1096 1489 hoc
1111 1447 1213 1490 satis
1229 1451 1293 1490 est
1310 1462 1319 1489 ε
1336 1447 1479 1490 umida
1494 1448 1664 1502 linguae
1680 1449 1836 1504 templa

384 1517 532 1558 eadem
554 1517 750 1558 sudantia
770 1517 812 1557 in
834 1530 916 1558 uno
933 1515 1165 1568 eodemque
1181 1514 1384 1557 orationis
1406 1515 1590 1564 membro
1607 1515 1730 1557 nimis
1749 1529 1834 1558 mo-

382 1584 486 1625 leste
517 1582 711 1624 dicuntur
733 1615 740 1624 .
761 1583 890 1636 longe
921 1582 1058 1637 aptius
1088 1581 1191 1624 haec
1222 1581 1278 1623 ad
1304 1581 1393 1623 suci
1414 1582 1663 1636 corpuscula
1682 1582 1835 1626 refere-

382 1663 474 1691 mus
497 1682 505 1704 ‚
532 1649 682 1691 Umida
713 1650 879 1705 Zinquaz'
905 1650 1058 1691 circum
1088 1662 1317 1688 SIDENTxA
1347 1649 1498 1703 templa
1520 1679 1528 1688 .
1551 1649 1761 1692 Arnobius
1791 1649 1834 1692 in

383 1731 424 1771 11,
446 1730 487 1770 p.
502 1716 557 1758 46
584 1715 798 1758 radiorum
820 1724 855 1757 et
876 1716 979 1756 lucis
1000 1716 1218 1757 intentione
1238 1714 1451 1756 videamus
1465 1747 1476 1768 ‚
1499 1730 1554 1756 an
1573 1731 1711 1758 rerum
1735 1716 1835 1758 ima-

382 1784 502 1836 gines
523 1783 712 1825 advolent
733 1791 768 1824 et
787 1783 938 1824 nostris
958 1782 1003 1823 in
1019 1782 1193 1838 pupulis
1213 1780 1352 1823 sidant
1372 1795 1382 1835 3
1410 1789 1544 1823 utrum
1565 1797 1690 1837 sapor
1709 1784 1752 1824 in
1773 1798 1835 1824 re-

383 1852 456 1891 bus
471 1851 525 1891 sit
540 1865 594 1891 an
610 1849 752 1904 palati
762 1849 1071 1904 eoutayionibus
1078 1849 1163 1903 fiat
1179 1880 1188 1889 .
1211 1847 1323 1890 infra
1336 1847 1443 1891 1092
1459 1847 1511 1890 de
1529 1847 1620 1890 cibo
1636 1852 1676 1890 et
1692 1862 1836 1892 umore

384 1918 498 1967 Quae
528 1918 724 1971 quoniam
753 1924 884 1958 certas
911 1925 1083 1970 possunt
1113 1914 1296 1957 obsidere
1319 1916 1458 1970 partis
1479 1946 1487 1955 .
1515 1915 1700 1957 Lucilius
1721 1915 1835 1970 apud.

384 1983 565 2025 Nonium
586 1997 625 2037 p.
642 1983 737 2037 458,
751 1983 775 2024 8
797 1981 918 2033 Quod
934 1983 976 2023 si
991 1982 1110 2024 nulla
1125 1990 1257 2037 potest
1275 1981 1423 2023 mulier
1443 1990 1525 2023 tam
1545 1997 1713 2037 corpore
1733 1982 1837 2025 duro

383 2051 487 2092 Esse
503 2083 513 2103 ‚
536 2060 670 2091 tamen
691 2059 825 2091 tenero
845 2057 1009 2091 maneat
1029 2049 1131 2104 quin
1147 2048 1260 2103 (libri
1277 2048 1373 2104 que)
1389 2051 1499 2090 sucu’
1517 2049 1666 2090 lacerto
1682 2049 1737 2090 Ec
1751 2065 1835 2091 ma-

382 2133 489 2159 nans
519 2118 616 2158 uber
647 2116 763 2171 (libri
793 2132 941 2158 munus
971 2115 1112 2169 uberi)
1144 2115 1320 2156 lactanti
1345 2116 1390 2157 in
1418 2116 1576 2157 sumine
1605 2115 1715 2157 sidat
1732 2147 1742 2158 .

496 2183 591 2226 631.
622 2197 807 2223 mmmm
838 2196 1016 2223 possus
1037 2214 1047 2224 .
1076 2182 1173 2224 Itali
1203 2195 1368 2222 Possm
1388 2214 1398 2224 .
1612 2232 1615 2235 Δ

453 2272 459 2279 ·
496 2250 589 2292 632.
628 2264 683 2290 ET
719 2264 967 2291 STOMACHI
997 2263 1189 2290 UM1DUM
1220 2262 1436 2289 SERVARE
1467 2262 1689 2290 TENOREM
1711 2280 1719 2290 .
1751 2249 1835 2290 Ma-

384 2317 515 2358 rullus
547 2318 772 2358 humectum
792 2317 934 2370 „satis
964 2316 1101 2371 bene,
1130 2316 1211 2358 nisi
1241 2315 1387 2357 melius
1411 2319 1522 2358 esset
1550 2329 1808 2357 munuum
1825 2347 1834 2357 .

495 2383 590 2426 633.
622 2384 760 2425 NUNC
790 2396 917 2423 AL11s
948 2397 1090 2425 ALms
1117 2397 1199 2429 QUI
1229 2396 1300 2422 sn*
1322 2396 1457 2423 emus
1479 2397 1536 2423 ur
1557 2395 1834 2437 vmnAMus,

386 2452 670 2493 ExpnmAM.
701 2450 885 2491 Primum
915 2450 982 2492 hic
1001 2453 1074 2491 aut
1092 2449 1327 2505 Empediam
1348 2461 1472 2503 super
1502 2453 1565 2492 est
1586 2482 1595 2504 ,
1623 2453 1695 2491 aut
1715 2458 1759 2491 ut
1778 2451 1835 2492 vi-

385 2521 554 2560 deamus
573 2551 584 2572 ,
606 2521 647 2559 et
666 2513 854 2559 molestis
876 2517 1125 2570 ambagibus
1145 2516 1218 2558 vix
1238 2515 1469 2569 explicatur
1489 2516 1622 2558 oratio
1645 2547 1655 2558 .
1683 2514 1838 2558 deinde

383 2584 612 2627 verendum
633 2588 696 2627 est
714 2597 767 2626 ne
796 2584 901 2626 haec
929 2583 1051 2624 nimis
1071 2583 1255 2625 breviter
1276 2582 1490 2624 enuntiata
1509 2582 1592 2624 sint
1609 2614 1619 2631 ‚
1647 2583 1725 2638 qui
1739 2583 1838 2625 αἷὶίε

384 2652 495 2692 alius
515 2652 629 2692 cibus
658 2652 739 2692 sic:
769 2654 879 2692 certe
909 2650 951 2691 in
973 2663 1028 2705 v1,
1047 2650 1127 2691 773
1144 2682 1154 2700 ‚
1180 2649 1251 2691 ubi
1281 2662 1357 2691 nos
1388 2648 1442 2691 ad.
1474 2649 1582 2692 hunc
1610 2650 1746 2692 locum
1775 2663 1837 2692 re-

385 2717 539 2772 mittit,
568 2717 696 2759 multo
717 2718 882 2772 plenius
904 2716 1011 2758 dixit
1041 2718 1096 2758 Et
1125 2717 1258 2772 mayz's
1288 2732 1372 2758 esse
1401 2716 1499 2758 aliis
1520 2716 1630 2758 alias
1650 2717 1836 2758 animan-

386 2784 493 2825 tibus
523 2793 643 2839 aptas
663 2785 746 2826 Res
776 2783 835 2825 ad
861 2785 967 2826 vitai
991 2785 1192 2826 rationem
1222 2782 1470 2825 ostendimus
1500 2791 1593 2825 ante
1613 2814 1622 2824 .
1644 2781 1836 2824 manifes-

386 2853 472 2890 tum
504 2855 567 2892 est
597 2851 760 2904 utrique
790 2851 894 2893 vitio
925 2864 1051 2892 unam
1082 2849 1343 2903 eandemque
1368 2849 1617 2891 medicinam
1639 2848 1835 2891 abhiben-

386 2915 483 2957 dam
514 2930 632 2959 esse:
660 2930 737 2959 nec
767 2917 865 2958 mihi
896 2917 1061 2959 videtur
1090 2917 1313 2971 quicquam
1341 2916 1521 2959 inveniri
1551 2928 1700 2970 posse,
1724 2913 1835 2970 quod.
