2040 3328
947 247 986 290 V
1628 247 1712 291 295

231 365 404 409 caerula
418 397 429 419 ‚
445 363 629 406 nondum
651 363 828 419 Coynita
849 370 1040 404 terrenae
1055 394 1066 415 ‚
1083 369 1320 417 pontonque
1339 361 1504 404 intrare
1524 371 1714 418 neqamt,

230 433 306 476 Ad
324 433 507 490 puppim
537 432 685 474 sacrc'ze
714 431 879 474 cithara
909 430 1095 473 eliciente
1122 429 1295 472 carinae
1315 429 1562 473 Adductum·
1589 438 1716 473 cantu

229 502 341 544 venit
366 517 484 543 mare
507 531 516 541 .
548 499 620 542 ubi
651 499 694 541 in
724 499 846 542 libris
878 502 942 542 est
967 506 1176 555 pontoque
1205 498 1367 541 intrare
1398 506 1624 555 nequirent.

344 568 442 612 509.
480 568 710 610 Mornms
747 580 1042 609 Asrnomm.
1076 565 1196 617 Quae
1235 566 1347 609 hunc
1386 580 1555 610 versum
1593 579 1716 622 praev

230 636 411 692 cedunt,
434 635 488 679 iis
518 636 721 679 continuo
754 634 1051 679 subiciendum
1082 637 1148 676 est
1180 634 1396 690 Terraque
1425 644 1471 677 ut
1500 636 1545 678 in
1575 635 1716 678 media

229 710 271 749 et
300 709 443 748 cetera
461 704 573 757 534,
596 718 735 761 neque
765 705 872 747 haec
898 703 953 746 de
982 702 1168 745 motibus
1199 706 1409 744 astrorum
1441 706 1572 758 poeta
1602 703 1716 746 infra

227 786 356 818 versu
378 773 462 816 774
482 776 524 816 et
553 773 760 829 proximis
782 774 1084 816 commemorat
1102 803 1111 812 .
1133 770 1281 827 itaque
1301 774 1485 827 apparet
1514 771 1583 813 hic
1614 784 1715 827 quo-

228 855 312 897 que
341 841 384 883 in
412 841 581 884 schedis
613 840 812 884 carminis
843 838 1125 896 disponendis
1155 851 1183 881 a
1212 839 1350 894 primo
1373 838 1565 893 editore,
1588 852 1715 894 quem

229 908 279 961 Q.
317 909 566 953 Ciceronem
604 908 738 952 fuisse
775 921 906 964 supra
941 907 1062 963 dixi,
1094 911 1319 962 peccatum
1356 920 1452 950 esse
1474 939 1484 950 .
1514 911 1715 963 poterant

228 982 371 1022 autem
402 977 509 1021 haec
538 977 668 1034 paulo
699 977 840 1033 aptius
870 981 970 1033 post
997 989 1168 1019 versum
1199 976 1285 1019 563
1315 975 1547 1019 collocari.

342 1046 440 1090 513.
471 1047 592 1089 lum:
622 1059 778 1087 Anum
814 1059 969 1088 SUPRA
1005 1058 1196 1086 monne
1233 1058 1396 1091 ATQUE
1433 1058 1714 1087 ηψπ-1111011110

228 1129 395 1157 nomm
417 1147 427 1158 .
458 1115 538 1158 Hic
567 1117 642 1158 aer
672 1130 752 1172 quo
773 1114 963 1158 intendat
993 1127 1130 1169 neque
1161 1112 1455 1170 superioribus
1476 1113 1715 1156 continetur

228 1196 367 1240 neque
397 1183 450 1226 iis
480 1195 592 1238 quae
621 1187 822 1226 secuntur
844 1215 854 1226 .
884 1195 985 1225 nam
1012 1195 1140 1225 versu
1171 1182 1366 1238 proximo
1389 1181 1627 1225 cavendum
1650 1184 1715 1223 est

227 1266 281 1295 ne
301 1251 409 1294 illud
426 1252 516 1304 Quo
537 1250 773 1295 referamus
790 1251 847 1294 ad
864 1251 1003 1295 eodem
1018 1283 1029 1305 ‚
1052 1251 1142 1303 Quo
1159 1249 1363 1294 volvenda
1382 1251 1539 1293 micant
1554 1250 1720 1293 aeterni

226 1319 371 1364 sidera
389 1319 567 1363 mundi:
586 1332 726 1375 neque
748 1320 859 1363 enim
882 1319 1028 1363 sidera
1058 1335 1139 1376 quo
1170 1322 1212 1362 et
1240 1318 1285 1361 in
1306 1331 1432 1374 quem
1464 1319 1604 1362 locum
1625 1317 1714 1361 vol-

226 1393 381 1434 vantur
411 1387 554 1431 dicere
583 1388 846 1445 poterimus,
870 1392 911 1431 et
942 1400 993 1431 eo
1024 1401 1154 1431 versu
1184 1387 1386 1435 absoluta
1415 1390 1563 1430 aerum
1584 1399 1714 1443 expo-

227 1458 383 1501 sitione
414 1470 523 1513 opus
554 1461 619 1500 est
655 1456 711 1500 ad
748 1455 1021 1500 efficiendum
1050 1456 1095 1499 id
1126 1456 1243 1511 quod
1274 1455 1521 1511 quaeritur,
1550 1454 1714 1498 scilicet

228 1542 272 1570 eo
307 1525 400 1569 fieri
432 1529 479 1568 ut
507 1525 654 1569 sidera
683 1526 943 1569 volvantur.
975 1525 1056 1568 1100
1085 1529 1228 1568 autem
1258 1537 1385 1568 versu
1415 1523 1501 1568 514
1535 1523 1580 1566 in
1617 1523 1712 1566 loco

225 1607 306 1637 suo
337 1594 554 1650 reposito,
583 1594 664 1637 hoc
704 1599 769 1638 est
807 1598 906 1650 post
934 1594 1047 1650 516,
1075 1597 1256 1650 apparet
1291 1592 1412 1635 illum
1449 1591 1715 1650 superiorem

226 1667 371 1707 aerem
387 1662 600 1707 intendere
619 1676 854 1704 nnonstm
875 1666 917 1705 et
937 1661 1167 1718 sphaeram
1184 1662 1302 1705 illam
1319 1661 1425 1704 caeli
1443 1660 1685 1717 deprimere
1704 1673 1713 1704 ε

226 1732 336 1775 alter
365 1731 510 1787 enim,
541 1731 616 1786 qui
647 1731 792 1774 subter
823 1734 918 1787 est,
952 1731 1134 1775 eundem
1168 1731 1277 1775 caeli
1308 1730 1455 1773 orbem
1492 1729 1715 1772 subvehere

227 1804 269 1843 et
298 1799 344 1843 in
373 1800 506 1843 altum
536 1800 688 1843 tollere
719 1799 874 1843 dicitur
891 1833 901 1844 .

339 1868 438 1912 515.
476 1868 582 1910 Aur
613 1882 774 1924 ,Anum
814 1882 1034 1924 surrex,
1067 1882 1260 1910 com-BA
1297 1881 1413 1915 QUIS
1454 1880 1714 1909 sussvmxAr

227 1951 392 1979 omnm
414 1970 423 1979 .
445 1936 642 1982 Andreas
664 1938 909 1992 Naugerius
930 1939 1011 1980 Ast
1032 1938 1166 1980 alium
1187 1941 1229 1980 et
1249 1939 1328 1994 qui
1343 1937 1566 1990 subvehat,
1589 1948 1715 1991 quem

230 2005 361 2048 ceteri
382 2008 581 2048 secuntur
599 2037 609 2048 .
631 2005 868 2048 debuerunt
887 2006 1048 2060 ingrati
1070 2006 1263 2049 homines
1279 2009 1496 2049 auctorem
1512 2004 1716 2060 optimum

230 2073 410 2117 laudare
439 2074 652 2130 primum,
682 2073 841 2117 deinde
871 2074 925 2117 ab
957 2087 1008 2118 eo
1039 2075 1234 2130 accipere
1265 2088 1381 2121 QUI:
1411 2072 1489 2116 sed
1518 2082 1584 2115 ast
1618 2085 1715 2116 con-

226 2142 442 2185 iunctione
471 2141 715 2186 Lucretium
745 2155 869 2185 usum
904 2156 991 2186 non
1022 2156 1117 2186 esse
1153 2142 1219 2186 his
1255 2143 1379 2185 annis
1415 2142 1617 2185 trecentis
1652 2142 1714 2184 in-

226 2211 375 2267 tellegi
405 2211 575 2267 potuit.
610 2223 749 2266 neque
782 2224 835 2254 ea
865 2211 1107 2255 coniunctio
1138 2212 1236 2255 huic
1266 2212 1360 2254 loco
1392 2209 1716 2254 accommodata

227 2284 292 2324 est
309 2313 318 2336 ‚
343 2279 422 2323 Sed
445 2293 539 2322 cum
571 2280 856 2336 praecesserit
875 2281 948 2323 Ex
967 2289 1146 2337 utraque
1159 2281 1287 2337 parti
1303 2283 1345 2323 et
1364 2279 1472 2323 Inde
1493 2279 1626 2322 alium
1646 2295 1714 2322 su-

215 2365 308 2406 pra
322 2349 463 2405 fluere
476 2382 487 2403 ‚
508 2348 754 2391 necessario
777 2348 897 2403 sequi
919 2348 1046 2392 debet
1066 2348 1192 2391 Hmc
1224 2352 1298 2392 aut
1318 2352 1432 2391 certe
1453 2347 1560 2391 Inde
1580 2348 1715 2390 alium

225 2426 369 2474 supter
390 2449 399 2458 .
427 2416 471 2459 in
500 2415 581 2459 hoc
612 2429 771 2471 genere
801 2417 923 2460 nulla
952 2417 1188 2461 litterarum
1219 2416 1513 2460 similitudinis
1545 2421 1586 2459 et
1607 2419 1715 2459 cete-

225 2497 367 2528 rorum
390 2484 688 2541 artificiorum,
712 2485 756 2527 in
777 2485 931 2540 quibus
953 2486 1034 2529 sibi
1066 2486 1262 2542 plerique
1291 2486 1489 2542 placent,
1513 2483 1716 2527 habenda

226 2553 334 2596 ratio
366 2557 462 2608 est,
484 2566 625 2608 neque
655 2553 796 2596 dicam
825 2568 919 2595 Aur
952 2568 1005 2597 ex
1034 2569 1114 2596 mc
1137 2587 1146 2610 ,
1170 2553 1285 2609 quod
1318 2553 1554 2610 quadratus
1585 2552 1716 2597 habet

227 2633 359 2676 supra
387 2635 517 2664 versu
547 2622 658 2677 285,
681 2621 850 2665 facilius
880 2635 1008 2678 quam
1039 2637 1092 2666 ex
1122 2637 1243 2664 nmo
1275 2622 1377 2665 oriri
1407 2622 1600 2678 potuisse
1619 2654 1628 2664 .

340 2689 437 2732 516.
484 2689 554 2732 U'r
599 2704 814 2732 rnnvms
859 2705 1084 2733 VERSARE
1127 2705 1290 2733 RorAs
1314 2723 1324 2733 .
1361 2689 1490 2746 Apud
1527 2689 1716 2733 Nonium

226 2772 268 2814 p.
289 2757 354 2812 13,
379 2757 405 2798 8
435 2762 549 2801 recte
584 2759 636 2801 Ut
665 2772 881 2800 rnuvms
904 2791 913 2814 ,
941 2760 1058 2815 apud
1090 2760 1304 2803 Isidorum
1334 2758 1545 2812 originum
1571 2770 1642 2812 xx,
1663 2756 1715 2801 15

226 2826 281 2868 In
295 2826 434 2881 fluvio
456 2856 465 2865 .
488 2824 565 2867 sed
595 2825 640 2868 in
671 2826 824 2868 eodem
845 2839 973 2870 versu
1003 2828 1135 2871 iidem
1158 2841 1252 2871 cum
1273 2825 1536 2869 membranis
1557 2825 1714 2868 nostris

227 2902 399 2947 austra,
422 2906 507 2935 non
527 2893 705 2935 haustra
727 2925 737 2936 .
765 2903 912 2936 auctus
941 2894 1057 2938 infra
1087 2896 1132 2937 in
1161 2894 1243 2937 hoc
1263 2894 1373 2937 libro
1400 2894 1508 2937 1069
1530 2892 1715 2948 quadra-

226 2966 294 3005 tus
313 2994 322 3016 ,
346 2962 493 3004 aurire
513 2961 558 3003 in
581 2975 638 3013 1v,
656 2960 682 3003 3
704 2961 919 3017 oblongus
938 2995 947 3018 ,
970 2963 1085 3006 idem
1107 2964 1273 3007 eoeausit
1299 2963 1343 3006 in
1366 2977 1421 3018 VI,
1442 2961 1578 3017 1140,
1601 2962 1717 3006 aurit

226 3028 462 3088 quadratus
492 3029 535 3071 in
566 3043 622 3084 vl,
645 3029 752 3074 141.
