2040 3328
443 212 525 252 360
739 247 741 249 ,
1136 212 1193 251 VI

442 322 519 363 teri
543 323 594 363 In
624 335 864 362 summm:
896 323 1027 363 locata
1045 353 1054 362 .
1075 320 1150 362 sed
1180 324 1400 373 praeterea
1429 321 1694 364 scribendum
1726 328 1788 365 est
1817 340 1885 364 ur-

439 405 564 443 yuere
595 403 809 429 summm:
828 403 837 441 3
859 387 970 441 quod
1003 386 1127 428 Susio
1159 386 1360 428 adscribit
1390 388 1728 444 Havercampus,
1751 389 1886 432 editor

442 455 723 497 Londinensis
754 454 890 496 eidem
919 469 1124 508 superno:
1145 456 1254 494 certe
1284 469 1457 508 superne
1483 453 1720 497 Bentleius.
1742 456 1886 498 nubila

443 522 483 562 in
514 522 692 563 statione
723 520 937 562 manentia
966 519 1093 560 nullis
1124 519 1258 560 ventis
1286 523 1492 561 commota
1520 520 1606 562 alia
1634 535 1760 576 super
1790 523 1885 566 aliis

443 588 654 629 cumulata
674 601 767 630 esse
798 591 839 629 et
869 600 1046 640 superne
1077 598 1226 639 urgere
1257 585 1381 627 dicit.
1403 585 1462 627 ita
1490 590 1614 640 poeta
1642 589 1686 630 in
1715 591 1886 633 statione

442 671 607 696 manere
642 657 816 708 quater,
838 668 893 707 lv,
911 654 991 695 388
1013 652 1094 694 395
1131 667 1169 706 v,
1186 652 1267 693 478
1288 652 1395 703 517,
1426 652 1469 693 id
1506 657 1569 695 est
1602 654 1711 697 κατὰ
1743 653 1886 714 χώραν

439 720 612 775 μένειν,
635 721 734 763 item
764 720 836 761 alii
868 721 911 761 in
942 721 1112 761 statione
1138 719 1244 774 pom‘
1268 719 1336 761 vel
1361 719 1558 761 collocari
1583 721 1652 762 vel
1681 731 1789 764 stare
1818 724 1886 766 vel

438 796 634 842 paratum
665 803 750 829 esse
779 787 847 828 vel
869 786 1010 828 adesse
1040 786 1107 827 vel
1135 794 1267 827 tenere
1295 801 1442 826 ‘manus
1458 818 1468 838 ,
1490 786 1639 839 quibus
1659 787 1763 829 nihil
1785 789 1885 831 addi

442 856 579 907 potest
609 853 689 895 nisi
712 853 819 895 forte
839 869 916 894 sua
935 884 943 893 .
965 865 1048 894 non
1079 852 1181 894 satis
1202 851 1373 906 proprie
1391 884 1399 905 ,
1422 855 1468 893 ut
1487 852 1686 906 intellego
1704 886 1714 909 ‚
1733 854 1775 896 in
1795 869 1887 910 pro-

442 920 642 973 gnosticis
674 920 950 962 Germanicus
971 918 1025 960 59
1055 917 1213 959 Nubila
1248 919 1438 959 continua
1473 920 1606 974 magis
1642 921 1686 962 in
1714 923 1887 965 statione

441 987 684 1040 manebunt,
707 990 748 1028 et
769 986 967 1028 Manilius
989 1000 1048 1039 111,
1067 985 1118 1026 76
1140 985 1235 1026 Non
1263 992 1308 1025 ut
1337 985 1381 1025 iu
1400 993 1566 1026 aeterna
1591 986 1700 1028 caeli
1714 989 1887 1031 statione

441 1061 675 1094 manerent.
699 1052 775 1093 sed
805 1053 952 1107 uryeri
977 1067 1150 1106 superne
1189 1054 1252 1092 est
1282 1050 1324 1091 in
1353 1050 1460 1092 libro
1490 1051 1672 1094 Lucretii
1702 1068 1760 1109 111,
1777 1055 1886 1098 893.

441 1122 537 1172 post
565 1118 642 1159 hos
673 1122 810 1160 autem
841 1131 1014 1172 versus,
1037 1118 1337 1172 Contemplator
1367 1118 1472 1158 enim
1507 1122 1548 1159 et
1577 1122 1740 1174 cetera,
1763 1121 1887 1163 collo-

442 1185 566 1227 candi
587 1189 682 1226 sunt
712 1185 772 1226 illi
795 1185 877 1226 duo
908 1185 979 1238 qui
1002 1197 1074 1226 eos
1105 1183 1387 1238 praecedunt,
1411 1185 1453 1224 in
1483 1188 1658 1238 utroque
1678 1186 1886 1229 Vossiano

442 1251 557 1293 nulla
577 1252 717 1293 littera
737 1251 929 1293 variante
956 1251 1070 1305 (nam
1093 1251 1407 1304 Havercampus
1434 1250 1501 1292 hie
1523 1255 1567 1292 ut
1586 1251 1740 1306 ubique
1760 1252 1887 1308 fallit)

441 1319 502 1360 ita
531 1319 672 1372 scripti
692 1350 701 1372 ,
753 1360 757 1364 ,

557 1385 649 1427 187.
684 1385 775 1426 188.
806 1385 877 1426 ΝΕ
908 1398 1008 1424 τιΒῐ
1039 1398 1111 1425 sm
1131 1397 1279 1424 mrum
1301 1396 1432 1428 QUOD
1462 1397 1549 1424 Nos
1575 1398 1784 1426 mmmm:
1815 1401 1885 1428 v1-

441 1466 604 1493 DEMUS
637 1451 779 1502 QUAM
817 1466 890 1492 SIT
920 1465 1044 1492 LATA
1079 1465 1223 1492 MAGIS
1261 1464 1393 1495 QUAM
1431 1464 1616 1491 SURSUM
1645 1466 1885 1495 EXTRICTA

441 1535 555 1565 Qun)
589 1533 773 1559 Exrrmr
791 1551 800 1560 .
825 1518 934 1560 Olim
964 1518 1156 1573 impressi
1184 1517 1294 1574 quod
1313 1525 1447 1558 extant
1463 1549 1474 1570 ,
1498 1530 1583 1559 non
1612 1519 1747 1572 male,
1769 1520 1804 1561 si
1825 1521 1886 1562 in-

441 1586 676 1640 tellegimus
699 1586 751 1626 de
778 1599 949 1627 numero
967 1618 975 1639 ,
999 1589 1098 1639 quot
1117 1585 1226 1627 sint:
1248 1597 1325 1626 nec
1345 1587 1483 1625 tamen
1514 1583 1648 1626 minus
1669 1586 1887 1639 probabile

441 1653 545 1709 quid
558 1686 568 1706 ,
591 1652 633 1693 id
664 1656 726 1694 est
757 1656 984 1706 quantum.
1007 1656 1146 1693 cetera
1174 1654 1320 1705 aperta
1348 1654 1445 1691 sunt
1475 1654 1516 1691 et
1545 1664 1572 1692 a
1591 1651 1769 1694 Marullo
1800 1666 1886 1695 eor-

440 1724 580 1772 recta,
604 1720 737 1770 Quam
768 1733 875 1758 smT
907 1723 947 1760 et
972 1732 1224 1760 sxrnocrA
1242 1750 1252 1759 .
1274 1716 1348 1758 sed
1371 1716 1442 1757 illo
1465 1717 1556 1758 loco
1578 1721 1619 1758 et
1638 1718 1762 1760 nimis
1783 1720 1886 1762 dure

440 1787 620 1840 positum
644 1789 705 1827 est
736 1786 842 1826 enim
858 1818 868 1838 ,
891 1785 968 1826 hoc
997 1785 1149 1839 modo,
1173 1786 1235 1826 Ne
1257 1785 1334 1825 tibi
1359 1784 1412 1824 sit
1419 1782 1558 1838 frudi
1567 1815 1577 1836 ,
1599 1786 1887 1840 contemplator

439 1854 544 1894 enim
559 1869 573 1906 ,-
593 1864 702 1905 quae
723 1851 858 1892 minus
880 1851 1231 1906 reprehenderem
1249 1883 1259 1905 ,
1282 1850 1316 1892 si
1339 1849 1402 1891 his
1427 1849 1530 1890 nihil
1545 1850 1802 1893 interiectum
1824 1865 1886 1894 es-

439 1923 528 1962 set:
551 1923 591 1960 et
613 1932 705 1960 cum
726 1917 850 1960 modo
873 1918 926 1960 de
948 1918 1086 1960 densis
1106 1919 1280 1960 nubibus
1302 1916 1502 1969 dixisset,
1526 1915 1664 1970 inepte
1686 1917 1886 1961 subicitur

438 1990 583 2028 neutro
606 1997 758 2038 genere
782 1986 867 2026 lata
896 1988 935 2026 et
957 1994 1168 2026 eontracta.
1192 1997 1302 2039 quae
1322 1983 1589 2025 incommoda
1610 1983 1884 2039 evitabimus,

438 2053 473 2094 si
510 2052 586 2094 hos
623 2065 770 2094 versus
811 2051 1051 2093 traiciemus
1070 2067 1079 2092 :
1101 2055 1242 2093 manet
1277 2050 1478 2103 alterum,
1509 2049 1543 2091 si
1580 2062 1671 2091 cum
1707 2050 1885 2094 Marullo

438 2119 631 2160 scribitur
662 2119 747 2160 Nec
778 2119 856 2160 cibi
880 2119 935 2160 sit
950 2118 1135 2173 fraudi.

554 2186 643 2227 199.
675 2199 889 2225 mmmmm
912 2219 920 2228 .
954 2185 1050 2227 Itali
1088 2189 1128 2227 et
1164 2183 1354 2239 impressi
1392 2197 1632 2224 FREMITUS
1655 2216 1663 2224 .
1695 2185 1885 2228 Isidorus

437 2251 489 2293 de
510 2256 661 2293 natura
683 2264 819 2292 rerum
842 2252 908 2306 46,
931 2253 949 2292 1
973 2253 1049 2293 huo
1071 2261 1191 2306 acque
1212 2252 1311 2292 illuc
1332 2259 1471 2292 ventus
1479 2251 1699 2305 fremitum
1721 2260 1757 2293 ec
1775 2269 1884 2294 mur·

437 2335 558 2359 mara
588 2319 734 2359 mitat.
764 2318 910 2359 dehinc
941 2320 1175 2374 quaerentis
1206 2317 1301 2371 (sic)
1332 2318 1377 2358 vi
1403 2318 1512 2358 'oz’am
1542 2317 1766 2371 evadendi,
1788 2318 1884 2360 dum

438 2386 638 2426 sustinere
669 2401 758 2426 eam
789 2393 900 2426 terra
930 2401 1010 2426 non
1035 2385 1240 2444 potuerit,
1262 2392 1332 2425 aut
1362 2384 1495 2425 tremit
1524 2391 1595 2424 auc
1625 2382 1819 2438 dehiscit,
1841 2393 1884 2426 ut

438 2460 596 2492 ventum
627 2460 789 2506 efferat.

546 2518 639 2559 201.
672 2531 992 2558 CONVOLVUNT
1023 2531 1255 2558 Numnus.
1279 2516 1326 2556 In
1366 2515 1578 2568 impressis
1608 2529 1632 2556 E
1665 2515 1882 2559 additum:

545 2585 638 2626 205.
669 2598 867 2629 LIQU1D1
897 2598 1052 2624 cALon
1083 2596 1276 2624 AUREUS
1314 2595 1469 2623 1GNIS.
1501 2581 1624 2623 Calor
1654 2582 1768 2636 apud
1797 2583 1883 2625 Ma-

435 2650 621 2692 crobium
653 2663 815 2704 quoque
847 2651 889 2692 in
920 2665 961 2690 V1
990 2650 1352 2702 Saturnaliorum,
1382 2648 1518 2702 capite
1546 2648 1600 2701 5,
1631 2650 1740 2691 color
1769 2650 1883 2704 apud

434 2717 623 2758 Servium
655 2717 709 2758 ad
733 2717 921 2770 eclogam
943 2731 998 2771 w,
1018 2716 1070 2758 33
1090 2749 1098 2756 .
1121 2716 1175 2757 ad
1197 2729 1283 2757 rem
1304 2715 1404 2756 facit
1434 2727 1620 2768 conon,
1643 2728 1727 2756 non
1748 2716 1882 2759 calor.

545 2784 638 2825 207.
671 2783 816 2824 IGNEs
851 2797 1042 2823 HABERE
1061 2813 1069 2823 .
1092 2783 1188 2823 Itali
1221 2781 1381 2823 Imus.

544 2850 637 2891 208.
672 2851 946 2895 FLAMEUSQ.
978 2863 1270 2894 PLERUMQUE
1309 2862 1458 2888 COLos
1498 2857 1553 2888 ET
1584 2861 1881 2889 SPLENDIDU-

433 2928 565 2955 soms
584 2947 593 2957 .
618 2916 858 2966 Quadratus
898 2919 938 2958 et
977 2919 1184 2958 corrector
1227 2915 1398 2968 oblongi
1430 2915 1665 2956 Flammas
1694 2915 1880 2970 pleram-
