2040 3328
983 247 1044 290 IV
1671 245 1751 288 227
1787 285 1792 290 .

275 366 536 409 consonante
551 375 701 405 Versus
718 361 887 405 Horatii
902 361 1022 404 labat
1037 394 1048 416 ,
1079 361 1300 418 Vitamque
1314 361 1390 403 sub
1406 360 1503 403 divo
1519 368 1556 403 et
1576 359 1754 416 trepidis

273 442 375 491 aqut
390 448 404 475 .·
423 444 523 474 nam
543 432 587 474 in
607 443 735 474 versu
757 430 828 473 dio
851 439 887 473 ec
906 430 977 473 vel
998 429 1074 472 diu
1095 437 1133 472 et
1152 429 1354 472 vitiosum
1374 442 1469 472 esse
1489 427 1675 471 vidimus
1696 426 1754 470 ad

271 501 426 544 librum
447 515 507 555 111,
524 500 609 543 374
626 532 635 541 .
658 500 702 541 in
719 498 886 541 Afranii
907 498 1080 541 senario
1102 498 1188 553 (est
1208 498 1321 540 enim
1340 497 1451 540 inter
1471 497 1616 553 plures
1637 494 1754 552 apud

273 570 458 613 Nonium
478 582 520 624 p.
538 569 634 622 207,
657 567 731 622 33)
761 567 892 610 mirol·
913 579 1010 610 esse
1030 565 1222 609 Soleatus
1252 567 1498 622 intempesta
1526 574 1649 608 noctu
1678 565 1754 607 sub

272 637 368 681 divo
383 670 394 692 ‚
416 637 556 691 magis
573 637 704 679 miror
726 635 875 678 doctos
897 633 1040 677 facere
1069 633 1145 675 sub
1166 633 1236 676 dio
1252 667 1263 688 ,
1286 634 1402 688 quod
1424 633 1479 676 ab
1501 635 1636 677 altero
1668 646 1755 676 non

273 705 444 749 differt:
466 705 545 748 sed
576 703 679 759 quid
705 703 932 747 Afranium
962 701 1162 757 posuisse
1193 700 1334 744 dicam
1364 715 1451 745 non
1482 702 1649 756 habeo,
1673 701 1754 743 nisi

273 774 383 817 forte
413 774 489 816 sub
518 774 614 816 nive
631 805 640 815 .
660 772 954 829 perturbatum
975 769 1162 813 Phaedri
1184 769 1390 812 Perottini
1422 783 1592 813 versum
1613 771 1682 826 31,
1703 770 1752 811 11

270 856 358 886 non
379 855 479 885 curo
498 875 508 898 ‚
531 841 606 897 qui
626 841 687 885 ita
707 840 889 896 scriptus
911 838 1050 882 editur
1067 871 1078 893 ,
1101 839 1198 880 Nou
1214 854 1307 880 sum
1327 839 1373 881 in
1393 854 1639 896 campopar
1655 840 1735 882 tibi
1743 872 1754 893 ,

271 911 348 955 sed
369 927 462 954 sum
482 911 558 953 sub
575 909 645 953 dio
663 941 672 951 .
695 907 887 952 subdiale
902 941 913 962 ‚
938 906 1142 962 quoniam
1158 906 1357 950 subdival
1374 919 1546 962 quoque
1562 921 1657 951 esse
1675 907 1755 950 fer—

271 985 367 1035 tur,
387 979 595 1035 producte
626 976 853 1021 dicendum
885 976 1110 1030 existimo,
1134 975 1331 1030 quamvis
1362 975 1407 1018 in
1438 975 1610 1019 flamine
1630 976 1786 1025 Diali,

270 1053 359 1092 tam
390 1047 533 1091 brevis
564 1047 622 1090 sit
639 1046 810 1103 syllaba
839 1057 968 1100 quam
989 1045 1033 1087 in
1065 1044 1304 1086 consulibus
1329 1043 1540 1099 dialibus,
1563 1044 1635 1099 qui
1657 1050 1756 1086 sunt

270 1116 316 1159 in
335 1117 457 1171 ioco,
479 1120 609 1171 atque
630 1116 676 1157 in
695 1113 943 1158 nouendiali
957 1112 1164 1168 pulvere.
1186 1111 1284 1155 dius
1306 1112 1566 1157 adiectivum
1587 1126 1757 1169 semper

270 1184 521 1241 producitur
539 1217 548 1226 .
570 1184 714 1238 itaque
721 1183 884 1240 fulyur
899 1181 1018 1224 dium
1032 1214 1044 1234 ‚
1066 1180 1120 1223 de
1136 1192 1222 1234 quo
1239 1181 1482 1236 nuperrime
1497 1181 1605 1224 dixit
1620 1182 1756 1224 Theo-

271 1253 402 1296 dorus
435 1253 738 1295 Mommsenius
774 1252 818 1293 in
857 1248 1089 1292 annalibus
1127 1248 1343 1292 societatis
1373 1249 1613 1305 Lipsiensis
1650 1250 1755 1293 1849

271 1336 313 1378 p.
330 1321 441 1376 292,
465 1333 724 1376 quamquam
741 1319 940 1362 diurnum
958 1322 1048 1372 est,
1071 1322 1216 1359 tamen
1234 1317 1364 1359 etiam
1380 1317 1518 1361 divom
1534 1318 1732 1361 scribitur
1745 1352 1755 1372 ,

270 1390 435 1434 scilicet
463 1389 658 1445 lovium,
680 1400 820 1442 neque
858 1386 1012 1430 eadem
1049 1385 1288 1440 quantitate
1325 1390 1423 1428 sunt
1452 1385 1689 1443 adverbia,
1711 1391 1758 1429 ut

272 1459 370 1502 dius
401 1461 504 1513 (quo
525 1457 730 1500 Titinium
750 1469 874 1499 usum
896 1467 991 1498 esse
1013 1453 1232 1496 Charisius
1258 1452 1391 1496 refert
1419 1467 1460 1510 p.
1482 1455 1580 1507 185)
1598 1488 1608 1510 ,
1630 1456 1757 1498 iuter-

271 1526 370 1570 dius
384 1559 396 1581 ‚
418 1525 575 1569 nudius
595 1525 783 1568 tribreve
800 1556 810 1566 .
829 1522 1008 1580 perdius
1038 1521 1104 1564 his
1126 1522 1497 1566 adnumerandum
1529 1527 1631 1579 puto
1652 1539 1661 1566 :
1683 1523 1757 1567 ad-

270 1595 425 1639 iective
446 1594 602 1651 perdia
630 1607 759 1649 quam
790 1597 905 1636 recte
935 1604 1076 1646 quove
1106 1595 1284 1634 accentu
1304 1592 1542 1647 Appuleius
1573 1592 1756 1647 dixerit,

270 1663 425 1718 ignoro
443 1695 454 1706 .
472 1662 653 1720 prodius
683 1661 890 1704 Varronis
921 1659 1055 1716 (apud
1086 1660 1271 1703 Nonium
1303 1673 1344 1715 p.
1360 1659 1433 1712 47)
1466 1660 1635 1704 differt:
1656 1673 1757 1704 nam

271 1730 432 1774 accedit
446 1730 629 1788 prodius
658 1733 725 1772 est
752 1729 856 1772 illuc
869 1727 1095 1786 prodcedit
1120 1728 1306 1784 amplius
1323 1760 1332 1770 .
1354 1726 1541 1783 denique
1563 1729 1666 1772 deus
1686 1729 1757 1773 Fi-

271 1799 370 1842 dius
400 1799 463 1854 (in
485 1797 691 1841 Varronis
722 1797 777 1840 de
802 1797 957 1851 lingua
977 1796 1134 1839 Latina
1153 1810 1180 1837 v
1211 1810 1252 1851 p.
1269 1796 1324 1839 58
1346 1796 1618 1841 Florentinus
1641 1797 1761 1854 apud

270 1866 414 1911 aedem
435 1866 486 1909 de
505 1867 527 1909 i
543 1865 594 1908 de
600 1864 716 1922 fidi)
747 1878 842 1907 cum
865 1864 962 1907 dius
983 1864 1137 1907 Fidius
1164 1864 1347 1919 dicitur,
1369 1865 1391 1907 i
1406 1865 1612 1920 producte
1634 1865 1757 1909 effer-

271 1940 339 1978 tur
354 1967 366 1990 ,
388 1935 434 1977 in
453 1933 659 1977 Asinaria
679 1933 822 1975 Plauti
843 1947 872 1987 1,
893 1934 928 1987 1,
947 1932 972 1974 8
995 1932 1082 1975 Per
1103 1931 1220 1974 dium
1242 1932 1415 1975 Fidium
1446 1934 1618 1989 quaeris
1635 1965 1645 1976 .
1667 1933 1757 1976 seio

271 2002 446 2058 quidem
474 2015 560 2044 non
580 2001 722 2044 nullos
744 2014 892 2044 eorum
913 1999 984 2054 qui
1007 1999 1224 2043 Ciceronis
1247 2000 1302 2043 (16
1323 2004 1493 2044 oratore
1514 2001 1648 2044 libros
1671 2001 1758 2045 edi-

271 2071 426 2114 derunt
445 2070 491 2112 in
511 2084 556 2124 11,
573 2069 659 2112 274
688 2082 839 2112 versus
870 2067 1081 2123 quosdam
1101 2069 1296 2112 mimicos
1328 2072 1415 2111 tam
1436 2083 1642 2125 perverse
1673 2070 1758 2113 dis-

272 2139 452 2182 tinxisse
473 2170 483 2193 ,
505 2141 552 2180 ut
566 2137 888 2193 mediusfidius
902 2150 980 2192 pro
1002 2140 1242 2191 anapaesto
1260 2140 1302 2179 et
1321 2136 1495 2194 dactylo
1518 2143 1659 2182 esset:
1681 2137 1759 2181 sed

273 2207 460 2251 editores
483 2205 703 2250 Ciceronis
724 2205 919 2261 plerique
940 2205 1022 2248 sibi
1045 2209 1181 2248 metra
1200 2205 1405 2259 ignorare
1435 2210 1560 2263 turpe
1578 2220 1665 2250 non
1686 2221 1760 2263 pu-

272 2279 392 2330 tant,
414 2274 488 2329 qui
508 2274 554 2316 in
572 2287 588 2314 1
607 2273 662 2316 (16
684 2271 836 2316 officiis
861 2273 926 2329 18,
943 2274 1024 2329 60,
1047 2278 1095 2316 ut
1124 2273 1206 2316 hoc
1226 2287 1313 2316 uno
1341 2275 1539 2330 exemplo
1561 2279 1684 2331 utar,
1707 2288 1760 2318 ex

273 2343 433 2399 optimo
455 2341 726 2398 septenario,
749 2341 820 2396 qui
841 2346 906 2385 est
926 2341 1050 2384 huius
1071 2341 1216 2396 modi,
1248 2343 1328 2386 Vo's
1349 2345 1458 2386 euim
1478 2344 1647 2386 iuvenes
1669 2344 1760 2386 a'ui-

271 2428 385 2454 mum
411 2411 562 2468 ‚qeritis
581 2410 825 2453 muliebrem
841 2443 852 2464 ,
873 2410 954 2453 illa
975 2411 1101 2470 vir96
1117 2412 1229 2466 viri,
1253 2410 1450 2454 heroicos
1477 2412 1630 2467 pingui
1650 2411 1762 2467 pede

272 2479 584 2536 palimbacchio
607 2479 858 2533 distinctos,
882 2478 969 2533 ita,
991 2478 1080 2521 Πῑα
1110 2479 1259 2536 virayo
1279 2480 1389 2535 viri,
1411 2493 1493 2523 sua
1519 2484 1614 2523 arte
1644 2478 1762 2523 effin-

274 2560 377 2602 gere
406 2561 493 2590 non
523 2548 810 2591 erubescant.
842 2546 914 2590 isti
945 2546 1146 2590 versiculi
1185 2547 1345 2591 mimici
1375 2547 1438 2591 sic
1468 2547 1762 2602 distinguendi

274 2620 398 2671 sunt,
421 2615 528 2672 quid
547 2625 606 2659 est
627 2617 707 2659 tibi
723 2619 809 2658 ista
827 2615 982 2658 vtulier
998 2615 1017 2657 52
1037 2618 1148 2658 ‘dacor
1165 2651 1174 2660 .
1197 2616 1365 2659 Similis·
1380 2633 1444 2660 me
1465 2616 1563 2659 dius
1579 2615 1734 2658 Fidius
1750 2631 1763 2656 :

275 2683 472 2726 dicuntur
502 2687 645 2727 autem
666 2697 694 2727 a
715 2684 769 2726 M.
792 2683 935 2726 Tullio
964 2683 1223 2726 subabsurdi
1233 2716 1244 2738 ‚
1267 2683 1371 2738 quia
1390 2682 1626 2726 similitudo
1648 2683 1762 2738 oris,

275 2764 387 2806 quae
417 2751 460 2794 in
490 2765 638 2795 sorore
668 2752 808 2795 locum
838 2751 1000 2805 habet,
1028 2751 1210 2794 ridicule
1241 2752 1284 2793 in
1324 2765 1459 2794 uxore
1489 2751 1763 2807 agnoscitur.

389 2819 485 2862 212.
533 2832 692 2860 cAnno
738 2833 1027 2860 STELLANTE
1079 2833 1265 2861 SERENA
1315 2819 1504 2862 SrnmtA
1548 2833 1764 2861 RESPON-

274 2901 402 2929 Dnu'r
437 2902 486 2929 IN
522 2901 657 2934 AQUA
695 2900 972 2928 nAmANTrA
1009 2901 1169 2929 uuum
1187 2922 1198 2934 .
1227 2888 1388 2929 Durum
1426 2887 1597 2930 dicendi
1628 2900 1765 2942 genus

275 2968 416 3010 neque
466 2955 767 2998 Lucretianum
788 2988 798 3011 ,
838 2955 982 2998 sidera
1030 2957 1076 2998 iu
1128 2972 1242 3012 aqua
1290 2955 1542 3012 respondent
1589 2955 1765 3010 mundi,

277 3024 434 3066 omisso
466 3023 678 3067 sideribus
709 3022 885 3066 dativo:
908 3036 1007 3066 nam
1039 3023 1183 3066 sidera
1203 3022 1357 3065 muudi
1382 3028 1427 3065 ut
1456 3024 1766 3078 coniungamus

1411 3091 1497 3133 15*
