<?xml version="1.0" encoding="UTF-8"?>
<!DOCTYPE html PUBLIC "-//W3C//DTD XHTML 1.0 Transitional//EN"
    "http://www.w3.org/TR/xhtml1/DTD/xhtml1-transitional.dtd">
<html xmlns="http://www.w3.org/1999/xhtml" xml:lang="en" lang="en">
 <head>
  <title>
</title>
<meta http-equiv="Content-Type" content="text/html;charset=utf-8" />
  <meta name='ocr-system' content='tesseract 3.04.00' />
  <meta name='ocr-capabilities' content='ocr_page ocr_carea ocr_par ocr_line ocrx_word'/>
</head>
<body>
  <div class='ocr_page' id='page_1' title='image "./intlucretiicarid00lachuoft_0199.png"; bbox 0 0 2040 3328; ppageno 0'>
   <div class='ocr_carea' id='block_1_1' title="bbox 924 260 1696 302">
    <p class='ocr_par' dir='ltr' id='par_1_1' title="bbox 924 260 1696 302">
     <span class='ocr_line' id='line_1_1' title="bbox 924 260 1696 302; baseline 0 0"><span class='ocrx_word' id='word_1_1' title='bbox 924 260 990 302; x_wconf 95' lang='lat' dir='ltr'><strong><em>III</em></strong></span> <span class='ocrx_word' id='word_1_2' title='bbox 1617 260 1696 302; x_wconf 81' lang='lat'><strong><em>195</em></strong></span> 
     </span>
    </p>
   </div>
   <div class='ocr_carea' id='block_1_2' title="bbox 216 373 1703 3142">
    <p class='ocr_par' dir='ltr' id='par_1_2' title="bbox 216 373 1703 1168">
     <span class='ocr_line' id='line_1_2' title="bbox 218 373 1699 429; baseline -0.001 -12"><span class='ocrx_word' id='word_1_3' title='bbox 218 374 331 417; x_wconf 79' lang='lat' dir='ltr'><strong><em>culta</em></strong></span> <span class='ocrx_word' id='word_1_4' title='bbox 347 406 357 415; x_wconf 90' lang='lat'><em>.</em></span> <span class='ocrx_word' id='word_1_5' title='bbox 379 373 480 428; x_wconf 90' lang='lat' dir='ltr'><strong><em>quin</em></strong></span> <span class='ocrx_word' id='word_1_6' title='bbox 511 374 606 429; x_wconf 89' lang='lat' dir='ltr'><strong><em>ipse</em></strong></span> <span class='ocrx_word' id='word_1_7' title='bbox 626 373 805 416; x_wconf 89' lang='lat' dir='ltr'><strong><em>Plautus</em></strong></span> <span class='ocrx_word' id='word_1_8' title='bbox 837 373 916 416; x_wconf 89' lang='lat' dir='ltr'><strong><em>hoc</em></strong></span> <span class='ocrx_word' id='word_1_9' title='bbox 942 373 1070 416; x_wconf 89' lang='lat' dir='ltr'><strong><em>modo</em></strong></span> <span class='ocrx_word' id='word_1_10' title='bbox 1091 373 1211 416; x_wconf 85' lang='lat' dir='ltr'>hiare</span> <span class='ocrx_word' id='word_1_11' title='bbox 1242 377 1384 415; x_wconf 89' lang='lat' dir='ltr'><strong><em>amat.</em></strong></span> <span class='ocrx_word' id='word_1_12' title='bbox 1406 373 1450 415; x_wconf 90' lang='lat' dir='ltr'><strong><em>in</em></strong></span> <span class='ocrx_word' id='word_1_13' title='bbox 1472 373 1699 415; x_wconf 86' lang='lat' dir='ltr'>Aulularia</span> 
     </span>
     <span class='ocr_line' id='line_1_3' title="bbox 218 441 1700 499; baseline 0 -15"><span class='ocrx_word' id='word_1_14' title='bbox 218 442 326 498; x_wconf 87' lang='lat' dir='ltr'><strong><em>prol.</em></strong></span> <span class='ocrx_word' id='word_1_15' title='bbox 341 441 369 484; x_wconf 97' lang='lat'>5</span> <span class='ocrx_word' id='word_1_16' title='bbox 390 442 521 484; x_wconf 78' lang='lat' dir='ltr'><strong><em>Patri</em></strong></span> <span class='ocrx_word' id='word_1_17' title='bbox 547 458 706 498; x_wconf 87' lang='lat' dir='ltr'><strong><em>avoque</em></strong></span> <span class='ocrx_word' id='word_1_18' title='bbox 736 443 822 484; x_wconf 90' lang='lat' dir='ltr'><strong><em>iam</em></strong></span> <span class='ocrx_word' id='word_1_19' title='bbox 851 443 978 485; x_wconf 79' lang='lat' dir='ltr'><strong><em>huius</em></strong></span> <span class='ocrx_word' id='word_1_20' title='bbox 1006 443 1085 499; x_wconf 87' lang='lat' dir='ltr'><strong><em>qui</em></strong></span> <span class='ocrx_word' id='word_1_21' title='bbox 1109 458 1220 485; x_wconf 75' lang='lat' dir='ltr'><strong><em>nunc</em></strong></span> <span class='ocrx_word' id='word_1_22' title='bbox 1240 442 1307 484; x_wconf 76' lang='lat' dir='ltr'><strong><em>hic</em></strong></span> <span class='ocrx_word' id='word_1_23' title='bbox 1337 442 1457 484; x_wconf 76' lang='lat' dir='ltr'><strong><em>habet</em></strong></span> <span class='ocrx_word' id='word_1_24' title='bbox 1473 474 1482 484; x_wconf 91' lang='lat'><strong>.</strong></span> <span class='ocrx_word' id='word_1_25' title='bbox 1503 442 1548 484; x_wconf 89' lang='lat' dir='ltr'><strong><em>in</em></strong></span> <span class='ocrx_word' id='word_1_26' title='bbox 1569 442 1700 485; x_wconf 80' lang='lat' dir='ltr'><strong><em>Pseu-</em></strong></span> 
     </span>
     <span class='ocr_line' id='line_1_4' title="bbox 218 505 1699 568; baseline 0 -16"><span class='ocrx_word' id='word_1_27' title='bbox 218 509 319 552; x_wconf 86' lang='lat' dir='ltr'><strong><em>dulo</em></strong></span> <span class='ocrx_word' id='word_1_28' title='bbox 339 523 396 564; x_wconf 80' lang='grc' dir='ltr'><strong><em>Ν,</em></strong></span> <span class='ocrx_word' id='word_1_29' title='bbox 420 509 461 560; x_wconf 81' lang='grc'><strong><em>7,</em></strong></span> <span class='ocrx_word' id='word_1_30' title='bbox 485 509 567 553; x_wconf 82' lang='lat'><strong><em>105</em></strong></span> <span class='ocrx_word' id='word_1_31' title='bbox 596 505 698 553; x_wconf 74' lang='lat' dir='ltr'><strong><em>&#39;Eri</em></strong></span> <span class='ocrx_word' id='word_1_32' title='bbox 728 511 913 567; x_wconf 74' lang='lat' dir='ltr'><strong><em>imaqiue</em></strong></span> <span class='ocrx_word' id='word_1_33' title='bbox 949 511 1210 568; x_wconf 64' lang='lat' dir='ltr'><strong><em>obsiquatam</em></strong></span> <span class='ocrx_word' id='word_1_34' title='bbox 1250 511 1473 567; x_wconf 75' lang='lat' dir='ltr'><em>epistulam</em></span> <span class='ocrx_word' id='word_1_35' title='bbox 1507 511 1574 552; x_wconf 76' lang='lat' dir='ltr'><strong><em>hic</em></strong></span> <span class='ocrx_word' id='word_1_36' title='bbox 1604 519 1699 553; x_wconf 73' lang='lat' dir='ltr'><strong><em>aute</em></strong></span> 
     </span>
     <span class='ocr_line' id='line_1_5' title="bbox 217 577 1700 636; baseline 0 -16"><span class='ocrx_word' id='word_1_37' title='bbox 217 578 367 620; x_wconf 85' lang='lat' dir='ltr'><strong><em>ostium</em></strong></span> <span class='ocrx_word' id='word_1_38' title='bbox 385 610 395 620; x_wconf 90' lang='lat'><strong>.</strong></span> <span class='ocrx_word' id='word_1_39' title='bbox 416 577 464 635; x_wconf 76' lang='lat' dir='ltr'><strong><em>iu</em></strong></span> <span class='ocrx_word' id='word_1_40' title='bbox 477 577 673 621; x_wconf 86' lang='lat' dir='ltr'><strong>Rudente</strong></span> <span class='ocrx_word' id='word_1_41' title='bbox 695 593 722 633; x_wconf 91' lang='lat'><strong><em>1,</em></strong></span> <span class='ocrx_word' id='word_1_42' title='bbox 741 578 780 634; x_wconf 94' lang='grc'><strong><em>2,</em></strong></span> <span class='ocrx_word' id='word_1_43' title='bbox 799 579 854 622; x_wconf 87' lang='grc'><strong><em>93</em></strong></span> <span class='ocrx_word' id='word_1_44' title='bbox 875 578 928 623; x_wconf 80' lang='lat' dir='ltr'><strong><em>Si</em></strong></span> <span class='ocrx_word' id='word_1_45' title='bbox 940 579 1060 636; x_wconf 71' lang='lat' dir='ltr'><strong><em>apud</em></strong></span> <span class='ocrx_word' id='word_1_46' title='bbox 1076 595 1140 622; x_wconf 90' lang='lat' dir='ltr'><strong><em>me</em></strong></span> <span class='ocrx_word' id='word_1_47' title='bbox 1157 580 1342 633; x_wconf 70' lang='lat' dir='ltr'><strong><em>esuru&#39;s,</em></strong></span> <span class='ocrx_word' id='word_1_48' title='bbox 1363 579 1473 620; x_wconf 76' lang='lat' dir='ltr'><strong><em>mihi</em></strong></span> <span class='ocrx_word' id='word_1_49' title='bbox 1485 578 1591 621; x_wconf 79' lang='lat' dir='ltr'><strong><em>dari</em></strong></span> <span class='ocrx_word' id='word_1_50' title='bbox 1608 594 1700 634; x_wconf 81' lang='lat' dir='ltr'><strong><em>ope-</em></strong></span> 
     </span>
     <span class='ocr_line' id='line_1_6' title="bbox 216 646 1698 704; baseline 0.001 -17"><span class='ocrx_word' id='word_1_51' title='bbox 216 661 310 688; x_wconf 90' lang='lat' dir='ltr'><strong><em>ram</em></strong></span> <span class='ocrx_word' id='word_1_52' title='bbox 339 646 430 688; x_wconf 85' lang='lat' dir='ltr'><strong><em>volo</em></strong></span> <span class='ocrx_word' id='word_1_53' title='bbox 449 679 459 689; x_wconf 93' lang='lat'><strong><em>.</em></strong></span> <span class='ocrx_word' id='word_1_54' title='bbox 479 660 537 701; x_wconf 78' lang='lat' dir='ltr'><strong><em>IV,</em></strong></span> <span class='ocrx_word' id='word_1_55' title='bbox 559 647 599 702; x_wconf 87' lang='lat'><strong><em>3,</em></strong></span> <span class='ocrx_word' id='word_1_56' title='bbox 622 647 678 690; x_wconf 87' lang='lat'><strong><em>80</em></strong></span> <span class='ocrx_word' id='word_1_57' title='bbox 708 647 890 698; x_wconf 72' lang='lat' dir='ltr'><strong><em>Quemne</em></strong></span> <span class='ocrx_word' id='word_1_58' title='bbox 921 663 994 704; x_wconf 75' lang='lat' dir='ltr'><strong><em>eqo</em></strong></span> <span class='ocrx_word' id='word_1_59' title='bbox 1031 648 1181 703; x_wconf 74' lang='lat' dir='ltr'><strong><em>eoeoepi</em></strong></span> <span class='ocrx_word' id='word_1_60' title='bbox 1212 648 1258 689; x_wconf 77' lang='lat' dir='ltr'><strong><em>in</em></strong></span> <span class='ocrx_word' id='word_1_61' title='bbox 1287 647 1438 689; x_wconf 71' lang='lat' dir='ltr'><strong><em>mari?</em></strong></span> <span class='ocrx_word' id='word_1_62' title='bbox 1459 655 1503 688; x_wconf 90' lang='lat' dir='ltr'><strong><em>at</em></strong></span> <span class='ocrx_word' id='word_1_63' title='bbox 1533 662 1606 703; x_wconf 47' lang='lat' dir='ltr'><strong><em>e&#39;qo</em></strong></span> <span class='ocrx_word' id='word_1_64' title='bbox 1635 648 1698 689; x_wconf 74' lang='lat' dir='ltr'><strong><em>iu-</em></strong></span> 
     </span>
     <span class='ocr_line' id='line_1_7' title="bbox 217 714 1700 771; baseline 0 -15"><span class='ocrx_word' id='word_1_65' title='bbox 217 716 407 771; x_wconf 74' lang='lat' dir='ltr'><strong><em>spectavi</em></strong></span> <span class='ocrx_word' id='word_1_66' title='bbox 422 730 443 757; x_wconf 89' lang='lat' dir='ltr'><strong><em>e</em></strong></span> <span class='ocrx_word' id='word_1_67' title='bbox 474 714 594 758; x_wconf 82' lang='lat' dir='ltr'><strong><em>litore</em></strong></span> <span class='ocrx_word' id='word_1_68' title='bbox 610 747 620 757; x_wconf 88' lang='lat'><strong>.</strong></span> <span class='ocrx_word' id='word_1_69' title='bbox 642 715 685 757; x_wconf 92' lang='lat' dir='ltr'><strong><em>in</em></strong></span> <span class='ocrx_word' id='word_1_70' title='bbox 707 715 896 757; x_wconf 84' lang='lat' dir='ltr'><strong><em>Poenulo</em></strong></span> <span class='ocrx_word' id='word_1_71' title='bbox 918 729 946 770; x_wconf 92' lang='lat'><strong><em>1,</em></strong></span> <span class='ocrx_word' id='word_1_72' title='bbox 965 715 1005 770; x_wconf 91' lang='lat'><strong><em>3,</em></strong></span> <span class='ocrx_word' id='word_1_73' title='bbox 1023 715 1105 768; x_wconf 88' lang='grc'><strong><em>23,</em></strong></span> <span class='ocrx_word' id='word_1_74' title='bbox 1128 716 1274 771; x_wconf 82' lang='lat' dir='ltr'><strong><em>Neque</em></strong></span> <span class='ocrx_word' id='word_1_75' title='bbox 1304 720 1508 770; x_wconf 75' lang='lat' dir='ltr'><strong><em>quantum</em></strong></span> <span class='ocrx_word' id='word_1_76' title='bbox 1528 715 1700 770; x_wconf 84' lang='lat' dir='ltr'><strong><em>aquaist</em></strong></span> 
     </span>
     <span class='ocr_line' id='line_1_8' title="bbox 216 782 1703 838; baseline 0.001 -14"><span class='ocrx_word' id='word_1_77' title='bbox 216 783 263 824; x_wconf 79' lang='lat' dir='ltr'><strong><em>in</em></strong></span> <span class='ocrx_word' id='word_1_78' title='bbox 291 786 409 825; x_wconf 81' lang='lat' dir='ltr'><strong><em>mari</em></strong></span> <span class='ocrx_word' id='word_1_79' title='bbox 422 815 431 824; x_wconf 89' lang='lat'><strong>.</strong></span> <span class='ocrx_word' id='word_1_80' title='bbox 455 784 655 826; x_wconf 76' lang='lat' dir='ltr'><strong><em>a&#39;biturun</em></strong></span> <span class='ocrx_word' id='word_1_81' title='bbox 685 800 727 826; x_wconf 86' lang='lat' dir='ltr'><strong><em>es</em></strong></span> <span class='ocrx_word' id='word_1_82' title='bbox 743 784 762 825; x_wconf 62' lang='grc' dir='ltr'><em>ἲ</em></span> <span class='ocrx_word' id='word_1_83' title='bbox 781 798 826 838; x_wconf 87' lang='lat'><strong><em>11,</em></strong></span> <span class='ocrx_word' id='word_1_84' title='bbox 842 783 899 826; x_wconf 94' lang='lat'><strong><em>49</em></strong></span> <span class='ocrx_word' id='word_1_85' title='bbox 930 783 1097 826; x_wconf 71' lang='lat' dir='ltr'><strong><em>Certum</em></strong></span> <span class='ocrx_word' id='word_1_86' title='bbox 1114 815 1123 824; x_wconf 91' lang='lat'>.</span> <span class='ocrx_word' id='word_1_87' title='bbox 1145 791 1231 824; x_wconf 85' lang='lat' dir='ltr'><strong><em>tum</em></strong></span> <span class='ocrx_word' id='word_1_88' title='bbox 1262 791 1306 824; x_wconf 85' lang='lat' dir='ltr'><strong><em>tu</em></strong></span> <span class='ocrx_word' id='word_1_89' title='bbox 1335 784 1469 838; x_wconf 76' lang='lat' dir='ltr'><strong><em>iqz’tur</em></strong></span> <span class='ocrx_word' id='word_1_90' title='bbox 1498 782 1567 825; x_wconf 83' lang='lat' dir='ltr'><strong><em>die</em></strong></span> <span class='ocrx_word' id='word_1_91' title='bbox 1596 783 1703 825; x_wconf 75' lang='lat' dir='ltr'><strong><em>bouo&#39;</em></strong></span> 
     </span>
     <span class='ocr_line' id='line_1_9' title="bbox 217 849 1700 908; baseline 0.001 -16"><span class='ocrx_word' id='word_1_92' title='bbox 217 850 494 907; x_wconf 67' lang='lat' dir='ltr'><strong><em>Aphrodisiis</em></strong></span> <span class='ocrx_word' id='word_1_93' title='bbox 510 885 520 893; x_wconf 88' lang='lat'><strong>.</strong></span> <span class='ocrx_word' id='word_1_94' title='bbox 539 859 602 908; x_wconf 73' lang='lat' dir='ltr'><strong><em>iv,</em></strong></span> <span class='ocrx_word' id='word_1_95' title='bbox 620 852 659 907; x_wconf 90' lang='grc'><strong><em>2,</em></strong></span> <span class='ocrx_word' id='word_1_96' title='bbox 677 852 730 894; x_wconf 89' lang='grc'><strong><em>81</em></strong></span> <span class='ocrx_word' id='word_1_97' title='bbox 754 852 842 903; x_wconf 78' lang='lat' dir='ltr'><strong><em>Qui</em></strong></span> <span class='ocrx_word' id='word_1_98' title='bbox 868 854 958 893; x_wconf 73' lang='lat' dir='ltr'><strong><em>eum</em></strong></span> <span class='ocrx_word' id='word_1_99' title='bbox 980 851 1191 907; x_wconf 77' lang='lat' dir='ltr'><em>surripuit</em></span> <span class='ocrx_word' id='word_1_100' title='bbox 1217 851 1295 893; x_wconf 77' lang='lat' dir='ltr'><strong><em>huc</em></strong></span> <span class='ocrx_word' id='word_1_101' title='bbox 1317 849 1508 905; x_wconf 78' lang='lat' dir='ltr'><strong><em>devexit,</em></strong></span> <span class='ocrx_word' id='word_1_102' title='bbox 1529 866 1700 907; x_wconf 90' lang='lat' dir='ltr'><strong><em>meoque</em></strong></span> 
     </span>
     <span class='ocr_line' id='line_1_10' title="bbox 218 918 1701 975; baseline -0.001 -13"><span class='ocrx_word' id='word_1_103' title='bbox 218 921 293 962; x_wconf 71' lang='lat' dir='ltr'><strong><em>ero</em></strong></span> <span class='ocrx_word' id='word_1_104' title='bbox 310 935 402 962; x_wconf 85' lang='lat' dir='ltr'><strong><em>eum</em></strong></span> <span class='ocrx_word' id='word_1_105' title='bbox 423 920 490 962; x_wconf 75' lang='lat' dir='ltr'><strong><em>hic</em></strong></span> <span class='ocrx_word' id='word_1_106' title='bbox 519 918 734 962; x_wconf 74' lang='lat' dir='ltr'><strong><em>vendidit.</em></strong></span> <span class='ocrx_word' id='word_1_107' title='bbox 756 919 800 960; x_wconf 91' lang='lat' dir='ltr'><strong><em>in</em></strong></span> <span class='ocrx_word' id='word_1_108' title='bbox 821 919 1059 962; x_wconf 80' lang='lat' dir='ltr'><strong><em>Mercatore</em></strong></span> <span class='ocrx_word' id='word_1_109' title='bbox 1079 933 1136 974; x_wconf 89' lang='lat' dir='ltr'><strong><em>1v,</em></strong></span> <span class='ocrx_word' id='word_1_110' title='bbox 1153 919 1194 974; x_wconf 89' lang='grc'><strong><em>4,</em></strong></span> <span class='ocrx_word' id='word_1_111' title='bbox 1211 920 1238 962; x_wconf 90' lang='grc'><strong>9</strong></span> <span class='ocrx_word' id='word_1_112' title='bbox 1259 919 1350 962; x_wconf 60' lang='lat' dir='ltr'><strong><em>Abi</em></strong></span> <span class='ocrx_word' id='word_1_113' title='bbox 1364 951 1374 961; x_wconf 90' lang='lat'><strong>.</strong></span> <span class='ocrx_word' id='word_1_114' title='bbox 1396 918 1503 975; x_wconf 84' lang='lat' dir='ltr'><strong><em>quid</em></strong></span> <span class='ocrx_word' id='word_1_115' title='bbox 1521 919 1665 961; x_wconf 84' lang='lat' dir='ltr'><strong><em>abeam</em></strong></span> <span class='ocrx_word' id='word_1_116' title='bbox 1681 920 1701 960; x_wconf 69' lang='lat'><strong><em>{2</em></strong></span> 
     </span>
     <span class='ocr_line' id='line_1_11' title="bbox 218 986 1701 1043; baseline 0 -14"><span class='ocrx_word' id='word_1_117' title='bbox 218 996 287 1042; x_wconf 83' lang='lat' dir='ltr'><strong><em>st,</em></strong></span> <span class='ocrx_word' id='word_1_118' title='bbox 317 988 393 1030; x_wconf 72' lang='lat' dir='ltr'><strong><em>abt</em></strong></span> <span class='ocrx_word' id='word_1_119' title='bbox 412 1020 421 1029; x_wconf 91' lang='lat'><strong><em>.</em></strong></span> <span class='ocrx_word' id='word_1_120' title='bbox 449 988 646 1030; x_wconf 81' lang='lat' dir='ltr'><strong><em>abeamne</em></strong></span> <span class='ocrx_word' id='word_1_121' title='bbox 668 989 687 1030; x_wconf 61' lang='grc' dir='ltr'><em>ἲ</em></span> <span class='ocrx_word' id='word_1_122' title='bbox 712 988 788 1030; x_wconf 79' lang='lat' dir='ltr'><strong><em>abi</em></strong></span> <span class='ocrx_word' id='word_1_123' title='bbox 805 1020 814 1030; x_wconf 91' lang='lat'><strong>.</strong></span> <span class='ocrx_word' id='word_1_124' title='bbox 844 988 888 1030; x_wconf 90' lang='lat' dir='ltr'><strong><em>in</em></strong></span> <span class='ocrx_word' id='word_1_125' title='bbox 926 987 1078 1030; x_wconf 83' lang='lat' dir='ltr'><strong><em>eadem</em></strong></span> <span class='ocrx_word' id='word_1_126' title='bbox 1105 1002 1145 1043; x_wconf 83' lang='lat' dir='ltr'><strong><em>V,</em></strong></span> <span class='ocrx_word' id='word_1_127' title='bbox 1168 988 1207 1042; x_wconf 88' lang='grc'><strong><em>2,</em></strong></span> <span class='ocrx_word' id='word_1_128' title='bbox 1229 987 1256 1029; x_wconf 91' lang='lat'>5</span> <span class='ocrx_word' id='word_1_129' title='bbox 1293 988 1427 1030; x_wconf 82' lang='lat' dir='ltr'><strong><em>Do&#39;mi</em></strong></span> <span class='ocrx_word' id='word_1_130' title='bbox 1461 995 1551 1030; x_wconf 85' lang='lat' dir='ltr'><strong><em>erat</em></strong></span> <span class='ocrx_word' id='word_1_131' title='bbox 1587 986 1701 1043; x_wconf 81' lang='lat' dir='ltr'><strong><em>quod</em></strong></span> 
     </span>
     <span class='ocr_line' id='line_1_12' title="bbox 219 1055 1699 1112; baseline -0.001 -14"><span class='ocrx_word' id='word_1_132' title='bbox 219 1056 509 1112; x_wconf 75' lang='lat' dir='ltr'><strong><em>quaeritabam</em></strong></span> <span class='ocrx_word' id='word_1_133' title='bbox 526 1088 535 1097; x_wconf 89' lang='lat'>.</span> <span class='ocrx_word' id='word_1_134' title='bbox 558 1055 602 1098; x_wconf 91' lang='lat' dir='ltr'><strong><em>in</em></strong></span> <span class='ocrx_word' id='word_1_135' title='bbox 623 1056 871 1098; x_wconf 87' lang='lat' dir='ltr'><strong><em>Trinummo</em></strong></span> <span class='ocrx_word' id='word_1_136' title='bbox 892 1070 936 1110; x_wconf 94' lang='lat'><strong><em>11,</em></strong></span> <span class='ocrx_word' id='word_1_137' title='bbox 953 1055 994 1112; x_wconf 91' lang='lat'><strong><em>4,</em></strong></span> <span class='ocrx_word' id='word_1_138' title='bbox 1015 1056 1095 1099; x_wconf 89' lang='lat'><strong><em>159</em></strong></span> <span class='ocrx_word' id='word_1_139' title='bbox 1125 1055 1287 1112; x_wconf 79' lang='lat' dir='ltr'><strong><em>Lepide</em></strong></span> <span class='ocrx_word' id='word_1_140' title='bbox 1317 1055 1454 1097; x_wconf 73' lang='lat' dir='ltr'><strong><em>hercle</em></strong></span> <span class='ocrx_word' id='word_1_141' title='bbox 1490 1055 1599 1112; x_wconf 73' lang='lat' dir='ltr'><strong><em>a9r6</em></strong></span> <span class='ocrx_word' id='word_1_142' title='bbox 1627 1071 1699 1111; x_wconf 76' lang='lat' dir='ltr'><strong><em>eqo</em></strong></span> 
     </span>
     <span class='ocr_line' id='line_1_13' title="bbox 218 1123 1292 1168; baseline 0.001 -3"><span class='ocrx_word' id='word_1_143' title='bbox 218 1123 293 1166; x_wconf 73' lang='lat' dir='ltr'><strong><em>hoc</em></strong></span> <span class='ocrx_word' id='word_1_144' title='bbox 322 1124 431 1166; x_wconf 77' lang='lat' dir='ltr'><strong><em>hunc</em></strong></span> <span class='ocrx_word' id='word_1_145' title='bbox 461 1140 598 1167; x_wconf 74' lang='lat' dir='ltr'><strong><em>senem</em></strong></span> <span class='ocrx_word' id='word_1_146' title='bbox 628 1123 842 1168; x_wconf 82' lang='lat' dir='ltr'><strong><em>deterrui:</em></strong></span> <span class='ocrx_word' id='word_1_147' title='bbox 863 1125 925 1167; x_wconf 84' lang='lat' dir='ltr'><strong><em>sie</em></strong></span> <span class='ocrx_word' id='word_1_148' title='bbox 956 1123 1266 1167; x_wconf 81' lang='lat' dir='ltr'><strong><em>Ambrosianus</em></strong></span> <span class='ocrx_word' id='word_1_149' title='bbox 1283 1156 1292 1166; x_wconf 95' lang='lat'>.</span> 
     </span>
    </p>

    <p class='ocr_par' dir='ltr' id='par_1_3' title="bbox 217 1191 1699 1590">
     <span class='ocr_line' id='line_1_14' title="bbox 333 1191 1698 1247; baseline 0 -12"><span class='ocrx_word' id='word_1_150' title='bbox 333 1191 430 1235; x_wconf 88' lang='lat'><strong>943.</strong></span> <span class='ocrx_word' id='word_1_151' title='bbox 462 1206 613 1233; x_wconf 63' lang='lat' dir='ltr'><strong><em>vnum</em></strong></span> <span class='ocrx_word' id='word_1_152' title='bbox 644 1207 795 1233; x_wconf 68' lang='lat' dir='ltr'><strong><em>smmi</em></strong></span> <span class='ocrx_word' id='word_1_153' title='bbox 826 1207 982 1235; x_wconf 74' lang='lat' dir='ltr'><strong><em>1A01s.</em></strong></span> <span class='ocrx_word' id='word_1_154' title='bbox 1006 1193 1156 1247; x_wconf 73' lang='lat' dir='ltr'><strong><em>Finis,</em></strong></span> <span class='ocrx_word' id='word_1_155' title='bbox 1181 1192 1384 1247; x_wconf 88' lang='lat' dir='ltr'><strong><em>quoniam</em></strong></span> <span class='ocrx_word' id='word_1_156' title='bbox 1416 1205 1537 1234; x_wconf 87' lang='lat' dir='ltr'><strong><em>suum</em></strong></span> <span class='ocrx_word' id='word_1_157' title='bbox 1569 1205 1698 1247; x_wconf 87' lang='lat' dir='ltr'><strong><em>quae—</em></strong></span> 
     </span>
     <span class='ocr_line' id='line_1_15' title="bbox 219 1260 1698 1315; baseline 0.001 -13"><span class='ocrx_word' id='word_1_158' title='bbox 219 1273 302 1314; x_wconf 91' lang='lat' dir='ltr'><strong><em>que</em></strong></span> <span class='ocrx_word' id='word_1_159' title='bbox 331 1273 403 1302; x_wconf 84' lang='lat' dir='ltr'><strong><em>ars</em></strong></span> <span class='ocrx_word' id='word_1_160' title='bbox 433 1261 640 1315; x_wconf 90' lang='lat' dir='ltr'><strong><em>loquendi</em></strong></span> <span class='ocrx_word' id='word_1_161' title='bbox 670 1275 791 1303; x_wconf 88' lang='lat' dir='ltr'><strong><em>usum</em></strong></span> <span class='ocrx_word' id='word_1_162' title='bbox 822 1261 978 1315; x_wconf 89' lang='lat' dir='ltr'><strong><em>habet,</em></strong></span> <span class='ocrx_word' id='word_1_163' title='bbox 1000 1274 1085 1303; x_wconf 92' lang='lat' dir='ltr'><strong><em>non</em></strong></span> <span class='ocrx_word' id='word_1_164' title='bbox 1115 1262 1272 1303; x_wconf 79' lang='lat' dir='ltr'><strong><em>iacitur</em></strong></span> <span class='ocrx_word' id='word_1_165' title='bbox 1289 1293 1298 1302; x_wconf 91' lang='lat'><strong>.</strong></span> <span class='ocrx_word' id='word_1_166' title='bbox 1320 1265 1434 1303; x_wconf 90' lang='lat' dir='ltr'><strong><em>recte</em></strong></span> <span class='ocrx_word' id='word_1_167' title='bbox 1464 1260 1698 1303; x_wconf 84' lang='lat' dir='ltr'><strong><em>Lambinus</em></strong></span> 
     </span>
     <span class='ocr_line' id='line_1_16' title="bbox 217 1327 1699 1383; baseline 0.001 -14"><span class='ocrx_word' id='word_1_168' title='bbox 217 1341 382 1382; x_wconf 68' lang='lat' dir='ltr'><strong><em>nors,</em></strong></span> <span class='ocrx_word' id='word_1_169' title='bbox 414 1341 469 1370; x_wconf 91' lang='lat' dir='ltr'><strong><em>ne</em></strong></span> <span class='ocrx_word' id='word_1_170' title='bbox 489 1328 650 1371; x_wconf 90' lang='lat' dir='ltr'><strong><em>indicio</em></strong></span> <span class='ocrx_word' id='word_1_171' title='bbox 681 1327 854 1383; x_wconf 90' lang='lat' dir='ltr'><strong><em>quidem</em></strong></span> <span class='ocrx_word' id='word_1_172' title='bbox 884 1329 997 1370; x_wconf 88' lang='lat' dir='ltr'><strong><em>facto</em></strong></span> <span class='ocrx_word' id='word_1_173' title='bbox 1030 1328 1355 1371; x_wconf 81' lang='lat' dir='ltr'><strong><em>emendationis.</em></strong></span> <span class='ocrx_word' id='word_1_174' title='bbox 1406 1329 1635 1371; x_wconf 80' lang='lat' dir='ltr'><strong><em>Sallustius</em></strong></span> <span class='ocrx_word' id='word_1_175' title='bbox 1656 1329 1699 1370; x_wconf 92' lang='lat' dir='ltr'><strong><em>in</em></strong></span> 
     </span>
     <span class='ocr_line' id='line_1_17' title="bbox 219 1396 1698 1453; baseline 0 -14"><span class='ocrx_word' id='word_1_176' title='bbox 219 1396 425 1452; x_wconf 83' lang='lat' dir='ltr'><strong><em>Iugurtha</em></strong></span> <span class='ocrx_word' id='word_1_177' title='bbox 449 1397 512 1451; x_wconf 91' lang='lat'><strong><em>10,</em></strong></span> <span class='ocrx_word' id='word_1_178' title='bbox 531 1397 557 1439; x_wconf 86' lang='lat'><strong>3</strong></span> <span class='ocrx_word' id='word_1_179' title='bbox 578 1398 776 1453; x_wconf 77' lang='lat' dir='ltr'><strong><em>quoniam</em></strong></span> <span class='ocrx_word' id='word_1_180' title='bbox 797 1397 906 1438; x_wconf 75' lang='lat' dir='ltr'><strong><em>mihi</em></strong></span> <span class='ocrx_word' id='word_1_181' title='bbox 931 1406 1088 1439; x_wconf 77' lang='lat' dir='ltr'><strong><em>natura</em></strong></span> <span class='ocrx_word' id='word_1_182' title='bbox 1105 1397 1228 1450; x_wconf 72' lang='lat' dir='ltr'><strong><em>finem</em></strong></span> <span class='ocrx_word' id='word_1_183' title='bbox 1250 1398 1359 1439; x_wconf 87' lang='lat' dir='ltr'><strong><em>vitae</em></strong></span> <span class='ocrx_word' id='word_1_184' title='bbox 1376 1396 1498 1453; x_wconf 82' lang='lat' dir='ltr'><strong><em>facit</em></strong></span> <span class='ocrx_word' id='word_1_185' title='bbox 1513 1429 1522 1438; x_wconf 91' lang='lat'><strong>.</strong></span> <span class='ocrx_word' id='word_1_186' title='bbox 1550 1397 1698 1441; x_wconf 82' lang='lat' dir='ltr'><strong><em>Cicero</em></strong></span> 
     </span>
     <span class='ocr_line' id='line_1_18' title="bbox 218 1464 1698 1521; baseline 0 -14"><span class='ocrx_word' id='word_1_187' title='bbox 218 1465 262 1507; x_wconf 87' lang='lat' dir='ltr'><strong><em>in</em></strong></span> <span class='ocrx_word' id='word_1_188' title='bbox 291 1465 571 1521; x_wconf 84' lang='lat' dir='ltr'><strong><em>epistularum</em></strong></span> <span class='ocrx_word' id='word_1_189' title='bbox 601 1464 657 1507; x_wconf 88' lang='lat' dir='ltr'><strong><em>ad</em></strong></span> <span class='ocrx_word' id='word_1_190' title='bbox 677 1464 865 1507; x_wconf 85' lang='lat' dir='ltr'><strong><em>Atticum</em></strong></span> <span class='ocrx_word' id='word_1_191' title='bbox 895 1464 1005 1507; x_wconf 91' lang='lat' dir='ltr'><strong><em>libro</em></strong></span> <span class='ocrx_word' id='word_1_192' title='bbox 1036 1464 1281 1520; x_wconf 82' lang='lat' dir='ltr'>xv1‚16‚16</span> <span class='ocrx_word' id='word_1_193' title='bbox 1311 1473 1358 1506; x_wconf 86' lang='lat' dir='ltr'><strong><em>ut</em></strong></span> <span class='ocrx_word' id='word_1_194' title='bbox 1387 1473 1554 1507; x_wconf 76' lang='lat' dir='ltr'><strong><em>nostrae</em></strong></span> <span class='ocrx_word' id='word_1_195' title='bbox 1584 1465 1698 1507; x_wconf 79' lang='lat' dir='ltr'><strong><em>solti-</em></strong></span> 
     </span>
     <span class='ocr_line' id='line_1_19' title="bbox 219 1533 1379 1590; baseline -0.002 -14"><span class='ocrx_word' id='word_1_196' title='bbox 219 1533 422 1576; x_wconf 75' lang='lat' dir='ltr'><strong><em>citudinis</em></strong></span> <span class='ocrx_word' id='word_1_197' title='bbox 437 1533 574 1590; x_wconf 77' lang='lat' dir='ltr'><strong><em>fiuem</em></strong></span> <span class='ocrx_word' id='word_1_198' title='bbox 604 1549 732 1589; x_wconf 90' lang='lat' dir='ltr'><strong><em>quam</em></strong></span> <span class='ocrx_word' id='word_1_199' title='bbox 755 1534 945 1590; x_wconf 79' lang='lat' dir='ltr'><strong><em>primum</em></strong></span> <span class='ocrx_word' id='word_1_200' title='bbox 960 1533 1115 1590; x_wconf 82' lang='lat' dir='ltr'><strong><em>facere</em></strong></span> <span class='ocrx_word' id='word_1_201' title='bbox 1139 1534 1353 1589; x_wconf 76' lang='lat' dir='ltr'><strong><em>possimus</em></strong></span> <span class='ocrx_word' id='word_1_202' title='bbox 1371 1564 1379 1574; x_wconf 91' lang='lat'><strong>.</strong></span> 
     </span>
    </p>

    <p class='ocr_par' dir='ltr' id='par_1_4' title="bbox 219 1601 1699 1722">
     <span class='ocr_line' id='line_1_20' title="bbox 332 1601 1699 1656; baseline -0.001 -12"><span class='ocrx_word' id='word_1_203' title='bbox 332 1601 428 1644; x_wconf 81' lang='lat'><strong>945.</strong></span> <span class='ocrx_word' id='word_1_204' title='bbox 461 1601 603 1653; x_wconf 77' lang='lat' dir='ltr'><strong><em>Quoi)</em></strong></span> <span class='ocrx_word' id='word_1_205' title='bbox 623 1615 812 1642; x_wconf 68' lang='lat' dir='ltr'><strong><em>PLAcnr</em></strong></span> <span class='ocrx_word' id='word_1_206' title='bbox 830 1634 839 1643; x_wconf 92' lang='lat'><strong><em>.</em></strong></span> <span class='ocrx_word' id='word_1_207' title='bbox 861 1602 991 1644; x_wconf 81' lang='lat' dir='ltr'><strong><em>Recte</em></strong></span> <span class='ocrx_word' id='word_1_208' title='bbox 1013 1614 1162 1644; x_wconf 89' lang='lat' dir='ltr'><strong><em>omnes</em></strong></span> <span class='ocrx_word' id='word_1_209' title='bbox 1190 1604 1362 1656; x_wconf 88' lang='lat' dir='ltr'><strong><em>praeter</em></strong></span> <span class='ocrx_word' id='word_1_210' title='bbox 1383 1603 1551 1643; x_wconf 86' lang='lat' dir='ltr'><strong><em>veteres</em></strong></span> <span class='ocrx_word' id='word_1_211' title='bbox 1571 1613 1699 1643; x_wconf 92' lang='lat' dir='ltr'><strong><em>mem-</em></strong></span> 
     </span>
     <span class='ocr_line' id='line_1_21' title="bbox 219 1669 1354 1722; baseline -0.001 -9"><span class='ocrx_word' id='word_1_212' title='bbox 219 1669 379 1714; x_wconf 86' lang='lat' dir='ltr'><strong><em>branas</em></strong></span> <span class='ocrx_word' id='word_1_213' title='bbox 410 1669 533 1722; x_wconf 76' lang='lat' dir='ltr'><strong><em>Quod</em></strong></span> <span class='ocrx_word' id='word_1_214' title='bbox 559 1683 809 1712; x_wconf 73' lang='lat' dir='ltr'><strong><em>PLAan&#39;r.</em></strong></span> <span class='ocrx_word' id='word_1_215' title='bbox 1351 1717 1354 1719; x_wconf 14' lang='grc' dir='ltr'><strong>Α</strong></span> 
     </span>
    </p>

    <p class='ocr_par' dir='ltr' id='par_1_5' title="bbox 218 1737 1699 1918">
     <span class='ocr_line' id='line_1_22' title="bbox 332 1737 1699 1794; baseline -0.001 -13"><span class='ocrx_word' id='word_1_216' title='bbox 332 1738 430 1782; x_wconf 85' lang='lat'>947.</span> <span class='ocrx_word' id='word_1_217' title='bbox 472 1737 732 1780; x_wconf 62' lang='lat' dir='ltr'><strong><em>Cossaei-1</em></strong></span> <span class='ocrx_word' id='word_1_218' title='bbox 773 1752 1099 1794; x_wconf 76' lang='lat' dir='ltr'>LANGUENTE,</span> <span class='ocrx_word' id='word_1_219' title='bbox 1128 1752 1295 1780; x_wconf 78' lang='lat' dir='ltr'><strong><em>EADEM</em></strong></span> <span class='ocrx_word' id='word_1_220' title='bbox 1335 1752 1498 1780; x_wconf 77' lang='lat' dir='ltr'><strong><em>TAMEN</em></strong></span> <span class='ocrx_word' id='word_1_221' title='bbox 1544 1751 1699 1779; x_wconf 77' lang='grc' dir='ltr'><strong>οΜΝΙΑ</strong></span> 
     </span>
     <span class='ocr_line' id='line_1_23' title="bbox 218 1806 1698 1862; baseline -0.001 -14"><span class='ocrx_word' id='word_1_222' title='bbox 218 1821 402 1849; x_wconf 71' lang='lat' dir='ltr'><strong><em>unsui-</em></strong></span> <span class='ocrx_word' id='word_1_223' title='bbox 425 1839 435 1848; x_wconf 94' lang='lat'>.</span> <span class='ocrx_word' id='word_1_224' title='bbox 467 1806 690 1850; x_wconf 87' lang='lat' dir='ltr'><strong><em>Corrector</em></strong></span> <span class='ocrx_word' id='word_1_225' title='bbox 725 1806 924 1862; x_wconf 85' lang='lat' dir='ltr'><strong><em>quadrati</em></strong></span> <span class='ocrx_word' id='word_1_226' title='bbox 962 1811 1003 1850; x_wconf 87' lang='lat' dir='ltr'><strong><em>et</em></strong></span> <span class='ocrx_word' id='word_1_227' title='bbox 1042 1808 1170 1850; x_wconf 87' lang='lat' dir='ltr'><strong><em>ceteri</em></strong></span> <span class='ocrx_word' id='word_1_228' title='bbox 1206 1821 1467 1848; x_wconf 59' lang='lat' dir='ltr'><strong><em>miscui-,nr</em></strong></span> <span class='ocrx_word' id='word_1_229' title='bbox 1506 1811 1548 1849; x_wconf 89' lang='lat' dir='ltr'><strong><em>et</em></strong></span> <span class='ocrx_word' id='word_1_230' title='bbox 1583 1820 1698 1847; x_wconf 71' lang='lat' dir='ltr'><strong><em>nns-</em></strong></span> 
     </span>
     <span class='ocr_line' id='line_1_24' title="bbox 218 1879 1426 1918; baseline 0.002 -2"><span class='ocrx_word' id='word_1_231' title='bbox 218 1889 371 1918; x_wconf 71' lang='grc' dir='ltr'><strong>ΤΑΝΤ.</strong></span> <span class='ocrx_word' id='word_1_232' title='bbox 1422 1879 1426 1885; x_wconf 91' lang='grc'><em>“</em></span> 
     </span>
    </p>

    <p class='ocr_par' dir='ltr' id='par_1_6' title="bbox 219 1942 1697 2136">
     <span class='ocr_line' id='line_1_25' title="bbox 333 1942 1697 1998; baseline -0.001 -12"><span class='ocrx_word' id='word_1_233' title='bbox 333 1943 430 1987; x_wconf 88' lang='grc'><strong>948.</strong></span> <span class='ocrx_word' id='word_1_234' title='bbox 463 1957 506 1984; x_wconf 88' lang='lat' dir='ltr'><strong><em>SI</em></strong></span> <span class='ocrx_word' id='word_1_235' title='bbox 534 1957 752 1986; x_wconf 65' lang='lat' dir='ltr'><strong><em>runc-Es.</em></strong></span> <span class='ocrx_word' id='word_1_236' title='bbox 773 1943 854 1985; x_wconf 90' lang='lat' dir='ltr'><strong><em>Hic</em></strong></span> <span class='ocrx_word' id='word_1_237' title='bbox 891 1957 1062 1998; x_wconf 90' lang='lat' dir='ltr'><strong><em>quoque</em></strong></span> <span class='ocrx_word' id='word_1_238' title='bbox 1098 1947 1211 1986; x_wconf 86' lang='lat' dir='ltr'><strong><em>reete</em></strong></span> <span class='ocrx_word' id='word_1_239' title='bbox 1243 1943 1505 1998; x_wconf 79' lang='lat' dir='ltr'><strong><em>LambinUS,</em></strong></span> <span class='ocrx_word' id='word_1_240' title='bbox 1528 1942 1604 1986; x_wconf 89' lang='lat' dir='ltr'><strong><em>sed</em></strong></span> <span class='ocrx_word' id='word_1_241' title='bbox 1636 1946 1697 1985; x_wconf 89' lang='lat' dir='ltr'><strong><em>ta-</em></strong></span> 
     </span>
     <span class='ocr_line' id='line_1_26' title="bbox 220 2011 1696 2067; baseline -0.001 -13"><span class='ocrx_word' id='word_1_242' title='bbox 220 2012 328 2066; x_wconf 83' lang='lat' dir='ltr'><strong><em>cite,</em></strong></span> <span class='ocrx_word' id='word_1_243' title='bbox 352 2013 396 2054; x_wconf 79' lang='lat' dir='ltr'><strong><em>si</em></strong></span> <span class='ocrx_word' id='word_1_244' title='bbox 411 2025 601 2052; x_wconf 79' lang='lat' dir='ltr'>PERGAS</span> <span class='ocrx_word' id='word_1_245' title='bbox 620 2025 630 2052; x_wconf 71' lang='grc' dir='ltr'>ι</span> <span class='ocrx_word' id='word_1_246' title='bbox 651 2024 751 2053; x_wconf 88' lang='lat' dir='ltr'><strong><em>nam</em></strong></span> <span class='ocrx_word' id='word_1_247' title='bbox 767 2012 812 2054; x_wconf 92' lang='lat' dir='ltr'><strong><em>in</em></strong></span> <span class='ocrx_word' id='word_1_248' title='bbox 828 2025 955 2055; x_wconf 89' lang='lat' dir='ltr'><strong><em>versu</em></strong></span> <span class='ocrx_word' id='word_1_249' title='bbox 975 2012 1171 2067; x_wconf 82' lang='lat' dir='ltr'><strong><em>proximo</em></strong></span> <span class='ocrx_word' id='word_1_250' title='bbox 1189 2045 1199 2067; x_wconf 96' lang='lat'>,</span> <span class='ocrx_word' id='word_1_251' title='bbox 1223 2012 1295 2067; x_wconf 90' lang='lat' dir='ltr'><strong><em>qui</em></strong></span> <span class='ocrx_word' id='word_1_252' title='bbox 1314 2011 1526 2066; x_wconf 85' lang='lat' dir='ltr'><strong><em>quadrato</em></strong></span> <span class='ocrx_word' id='word_1_253' title='bbox 1548 2011 1696 2066; x_wconf 88' lang='lat' dir='ltr'><strong><em>abest,</em></strong></span> 
     </span>
     <span class='ocr_line' id='line_1_27' title="bbox 219 2078 1498 2136; baseline 0 -14"><span class='ocrx_word' id='word_1_254' title='bbox 219 2083 264 2122; x_wconf 82' lang='lat' dir='ltr'><strong><em>ut</em></strong></span> <span class='ocrx_word' id='word_1_255' title='bbox 293 2079 383 2122; x_wconf 79' lang='lat' dir='ltr'><strong><em>dixi</em></strong></span> <span class='ocrx_word' id='word_1_256' title='bbox 414 2079 471 2122; x_wconf 86' lang='lat' dir='ltr'><strong><em>ad</em></strong></span> <span class='ocrx_word' id='word_1_257' title='bbox 503 2078 616 2134; x_wconf 82' lang='lat'><strong><em>759,</em></strong></span> <span class='ocrx_word' id='word_1_258' title='bbox 638 2079 796 2133; x_wconf 83' lang='lat' dir='ltr'><strong><em>legitur</em></strong></span> <span class='ocrx_word' id='word_1_259' title='bbox 825 2081 869 2122; x_wconf 87' lang='lat' dir='ltr'><strong><em>si</em></strong></span> <span class='ocrx_word' id='word_1_260' title='bbox 892 2096 1120 2136; x_wconf 76' lang='lat' dir='ltr'><strong><em>numquam</em></strong></span> <span class='ocrx_word' id='word_1_261' title='bbox 1151 2080 1211 2121; x_wconf 86' lang='lat' dir='ltr'><strong><em>sis</em></strong></span> <span class='ocrx_word' id='word_1_262' title='bbox 1240 2082 1471 2122; x_wconf 80' lang='lat' dir='ltr'><strong><em>moriturus</em></strong></span> <span class='ocrx_word' id='word_1_263' title='bbox 1489 2113 1498 2121; x_wconf 87' lang='lat'><strong><em>.</em></strong></span> 
     </span>
    </p>

    <p class='ocr_par' dir='ltr' id='par_1_7' title="bbox 219 2146 1696 2271">
     <span class='ocr_line' id='line_1_28' title="bbox 333 2146 1696 2203; baseline 0 -12"><span class='ocrx_word' id='word_1_264' title='bbox 333 2147 430 2191; x_wconf 87' lang='lat'>950.</span> <span class='ocrx_word' id='word_1_265' title='bbox 463 2146 593 2198; x_wconf 78' lang='lat' dir='ltr'><strong><em>Qun&gt;</em></strong></span> <span class='ocrx_word' id='word_1_266' title='bbox 623 2161 1011 2203; x_wconf 77' lang='lat' dir='ltr'>RESPONDEMUS,</span> <span class='ocrx_word' id='word_1_267' title='bbox 1035 2162 1078 2188; x_wconf 83' lang='lat' dir='ltr'><strong><em>SI</em></strong></span> <span class='ocrx_word' id='word_1_268' title='bbox 1106 2162 1184 2189; x_wconf 83' lang='lat' dir='ltr'><strong><em>ms</em></strong></span> <span class='ocrx_word' id='word_1_269' title='bbox 1197 2162 1293 2188; x_wconf 80' lang='lat' dir='ltr'><strong><em>TAM</em></strong></span> <span class='ocrx_word' id='word_1_270' title='bbox 1310 2180 1320 2190; x_wconf 93' lang='lat'><strong>.</strong></span> <span class='ocrx_word' id='word_1_271' title='bbox 1343 2147 1548 2190; x_wconf 81' lang='lat' dir='ltr'><strong><em>Marullus</em></strong></span> <span class='ocrx_word' id='word_1_272' title='bbox 1570 2162 1669 2189; x_wconf 82' lang='lat' dir='ltr'>NISI</span> <span class='ocrx_word' id='word_1_273' title='bbox 1687 2181 1696 2191; x_wconf 94' lang='lat'><strong><em>.</em></strong></span> 
     </span>
     <span class='ocr_line' id='line_1_29' title="bbox 219 2215 1103 2271; baseline 0 -13"><span class='ocrx_word' id='word_1_274' title='bbox 219 2229 350 2271; x_wconf 82' lang='lat' dir='ltr'><strong><em>supra</em></strong></span> <span class='ocrx_word' id='word_1_275' title='bbox 379 2216 460 2258; x_wconf 81' lang='lat'><strong><em>771</em></strong></span> <span class='ocrx_word' id='word_1_276' title='bbox 493 2215 704 2270; x_wconf 81' lang='lat' dir='ltr'><strong><em>oblongus</em></strong></span> <span class='ocrx_word' id='word_1_277' title='bbox 733 2218 776 2259; x_wconf 89' lang='lat' dir='ltr'><strong><em>si</em></strong></span> <span class='ocrx_word' id='word_1_278' title='bbox 802 2218 880 2259; x_wconf 86' lang='lat' dir='ltr'><strong><em>erit</em></strong></span> <span class='ocrx_word' id='word_1_279' title='bbox 909 2232 1077 2259; x_wconf 75' lang='lat' dir='ltr'><strong><em>consors</em></strong></span> <span class='ocrx_word' id='word_1_280' title='bbox 1094 2249 1103 2258; x_wconf 92' lang='lat'><em>.</em></span> 
     </span>
    </p>

    <p class='ocr_par' dir='ltr' id='par_1_8' title="bbox 219 2285 1699 2546">
     <span class='ocr_line' id='line_1_30' title="bbox 333 2285 1698 2330; baseline 0.001 -3"><span class='ocrx_word' id='word_1_281' title='bbox 333 2285 430 2328; x_wconf 80' lang='grc'><strong><em>952.</em></strong></span> <span class='ocrx_word' id='word_1_282' title='bbox 477 2285 651 2330; x_wconf 79' lang='lat' dir='ltr'><strong>ATQUE</strong></span> <span class='ocrx_word' id='word_1_283' title='bbox 697 2297 883 2326; x_wconf 80' lang='lat' dir='ltr'><strong>OBITUM</strong></span> <span class='ocrx_word' id='word_1_284' title='bbox 928 2298 1255 2326; x_wconf 73' lang='lat' dir='ltr'>LAMENTETUR</span> <span class='ocrx_word' id='word_1_285' title='bbox 1279 2317 1288 2326; x_wconf 90' lang='lat'><em>.</em></span> <span class='ocrx_word' id='word_1_286' title='bbox 1325 2285 1447 2327; x_wconf 88' lang='lat' dir='ltr'><strong><em>Idem</em></strong></span> <span class='ocrx_word' id='word_1_287' title='bbox 1492 2285 1698 2328; x_wconf 83' lang='lat' dir='ltr'><strong><em>Marullus</em></strong></span> 
     </span>
     <span class='ocr_line' id='line_1_31' title="bbox 220 2353 1698 2412; baseline 0 -17"><span class='ocrx_word' id='word_1_288' title='bbox 220 2353 280 2395; x_wconf 87' lang='lat' dir='ltr'><strong><em>At</em></strong></span> <span class='ocrx_word' id='word_1_289' title='bbox 309 2354 388 2412; x_wconf 86' lang='lat' dir='ltr'><strong><em>qui</em></strong></span> <span class='ocrx_word' id='word_1_290' title='bbox 413 2353 564 2395; x_wconf 82' lang='lat' dir='ltr'><strong><em>obitum</em></strong></span> <span class='ocrx_word' id='word_1_291' title='bbox 582 2368 597 2407; x_wconf 84' lang='lat'><strong><em>,·</em></strong></span> <span class='ocrx_word' id='word_1_292' title='bbox 617 2366 703 2394; x_wconf 91' lang='lat' dir='ltr'><strong><em>non</em></strong></span> <span class='ocrx_word' id='word_1_293' title='bbox 734 2357 876 2396; x_wconf 87' lang='lat' dir='ltr'><strong><em>recte:</em></strong></span> <span class='ocrx_word' id='word_1_294' title='bbox 899 2353 1027 2396; x_wconf 87' lang='lat' dir='ltr'><strong><em>debet</em></strong></span> <span class='ocrx_word' id='word_1_295' title='bbox 1058 2353 1168 2396; x_wconf 91' lang='lat' dir='ltr'><strong><em>enim</em></strong></span> <span class='ocrx_word' id='word_1_296' title='bbox 1199 2357 1298 2395; x_wconf 88' lang='lat' dir='ltr'><strong><em>ante</em></strong></span> <span class='ocrx_word' id='word_1_297' title='bbox 1328 2353 1440 2396; x_wconf 89' lang='lat' dir='ltr'><strong><em>hunc</em></strong></span> <span class='ocrx_word' id='word_1_298' title='bbox 1471 2366 1641 2396; x_wconf 88' lang='lat' dir='ltr'><strong><em>versum</em></strong></span> <span class='ocrx_word' id='word_1_299' title='bbox 1662 2354 1698 2395; x_wconf 90' lang='lat' dir='ltr'><strong><em>is</em></strong></span> 
     </span>
     <span class='ocr_line' id='line_1_32' title="bbox 221 2420 1699 2476; baseline 0.001 -13"><span class='ocrx_word' id='word_1_300' title='bbox 221 2421 451 2475; x_wconf 84' lang='lat' dir='ltr'><strong><em>collocari,</em></strong></span> <span class='ocrx_word' id='word_1_301' title='bbox 475 2420 550 2475; x_wconf 90' lang='lat' dir='ltr'><strong><em>qui</em></strong></span> <span class='ocrx_word' id='word_1_302' title='bbox 587 2420 793 2463; x_wconf 84' lang='lat' dir='ltr'><strong><em>orationis</em></strong></span> <span class='ocrx_word' id='word_1_303' title='bbox 833 2422 954 2464; x_wconf 83' lang='lat' dir='ltr'><strong><em>laxat</em></strong></span> <span class='ocrx_word' id='word_1_304' title='bbox 988 2422 1186 2476; x_wconf 86' lang='lat' dir='ltr'><strong><em>vincula,</em></strong></span> <span class='ocrx_word' id='word_1_305' title='bbox 1210 2420 1310 2462; x_wconf 89' lang='lat' dir='ltr'><strong><em>dum</em></strong></span> <span class='ocrx_word' id='word_1_306' title='bbox 1349 2426 1547 2464; x_wconf 89' lang='lat' dir='ltr'><strong><em>naturae.</em></strong></span> <span class='ocrx_word' id='word_1_307' title='bbox 1565 2422 1699 2464; x_wconf 86' lang='lat' dir='ltr'><strong><em>verba</em></strong></span> 
     </span>
     <span class='ocr_line' id='line_1_33' title="bbox 219 2488 1698 2546; baseline 0.001 -16"><span class='ocrx_word' id='word_1_308' title='bbox 219 2488 515 2544; x_wconf 75' lang='lat' dir='ltr'><strong><em>interrumpit,</em></strong></span> <span class='ocrx_word' id='word_1_309' title='bbox 539 2488 759 2532; x_wconf 75' lang='lat' dir='ltr'><strong><em>Grandior</em></strong></span> <span class='ocrx_word' id='word_1_310' title='bbox 794 2490 860 2532; x_wconf 75' lang='lat' dir='ltr'><strong><em>hic</em></strong></span> <span class='ocrx_word' id='word_1_311' title='bbox 896 2505 992 2532; x_wconf 83' lang='lat' dir='ltr'><strong><em>vero</em></strong></span> <span class='ocrx_word' id='word_1_312' title='bbox 1028 2490 1072 2532; x_wconf 84' lang='lat' dir='ltr'><strong><em>si</em></strong></span> <span class='ocrx_word' id='word_1_313' title='bbox 1097 2490 1183 2531; x_wconf 87' lang='lat' dir='ltr'><strong><em>iam</em></strong></span> <span class='ocrx_word' id='word_1_314' title='bbox 1218 2490 1439 2545; x_wconf 78' lang='lat' dir='ltr'><strong><em>seniorque</em></strong></span> <span class='ocrx_word' id='word_1_315' title='bbox 1470 2499 1671 2546; x_wconf 77' lang='lat' dir='ltr'><strong><em>queratur</em></strong></span> <span class='ocrx_word' id='word_1_316' title='bbox 1689 2522 1698 2531; x_wconf 91' lang='lat'>.</span> 
     </span>
    </p>

    <p class='ocr_par' dir='ltr' id='par_1_9' title="bbox 220 2554 1699 3088">
     <span class='ocr_line' id='line_1_34' title="bbox 333 2554 1696 2613; baseline 0 -13"><span class='ocrx_word' id='word_1_317' title='bbox 333 2556 430 2600; x_wconf 83' lang='lat'>954.</span> <span class='ocrx_word' id='word_1_318' title='bbox 453 2557 626 2599; x_wconf 80' lang='lat' dir='ltr'><strong>AUFER</strong></span> <span class='ocrx_word' id='word_1_319' title='bbox 646 2571 829 2598; x_wconf 75' lang='lat' dir='ltr'><strong><em>Annmc</em></strong></span> <span class='ocrx_word' id='word_1_320' title='bbox 846 2571 1125 2611; x_wconf 79' lang='lat' dir='ltr'>LACRIMAS,</span> <span class='ocrx_word' id='word_1_321' title='bbox 1147 2571 1405 2598; x_wconf 77' lang='lat' dir='ltr'>BARATRE.</span> <span class='ocrx_word' id='word_1_322' title='bbox 1431 2554 1696 2613; x_wconf 76' lang='grc' dir='ltr'>Βάραθρος,</span> 
     </span>
     <span class='ocr_line' id='line_1_35' title="bbox 221 2624 1698 2680; baseline 0 -14"><span class='ocrx_word' id='word_1_323' title='bbox 221 2624 459 2667; x_wconf 85' lang='lat' dir='ltr'><strong><em>convicium</em></strong></span> <span class='ocrx_word' id='word_1_324' title='bbox 489 2624 674 2668; x_wconf 89' lang='lat' dir='ltr'><strong><em>hominis</em></strong></span> <span class='ocrx_word' id='word_1_325' title='bbox 710 2626 912 2668; x_wconf 83' lang='lat' dir='ltr'><strong><em>barathro</em></strong></span> <span class='ocrx_word' id='word_1_326' title='bbox 950 2625 1072 2680; x_wconf 87' lang='lat' dir='ltr'><strong><em>digni</em></strong></span> <span class='ocrx_word' id='word_1_327' title='bbox 1110 2637 1137 2667; x_wconf 89' lang='lat' dir='ltr'><strong><em>a</em></strong></span> <span class='ocrx_word' id='word_1_328' title='bbox 1168 2625 1457 2680; x_wconf 86' lang='lat' dir='ltr'><strong><em>compluribus</em></strong></span> <span class='ocrx_word' id='word_1_329' title='bbox 1489 2638 1698 2679; x_wconf 81' lang='lat' dir='ltr'><strong><em>gramma-</em></strong></span> 
     </span>
     <span class='ocr_line' id='line_1_36' title="bbox 220 2691 1697 2748; baseline 0.001 -15"><span class='ocrx_word' id='word_1_330' title='bbox 220 2691 316 2734; x_wconf 87' lang='lat' dir='ltr'><strong><em>ticis</em></strong></span> <span class='ocrx_word' id='word_1_331' title='bbox 353 2691 530 2734; x_wconf 81' lang='lat' dir='ltr'><strong><em>Graecis</em></strong></span> <span class='ocrx_word' id='word_1_332' title='bbox 567 2706 620 2735; x_wconf 84' lang='lat' dir='ltr'><strong><em>ex</em></strong></span> <span class='ocrx_word' id='word_1_333' title='bbox 657 2695 864 2748; x_wconf 78' lang='lat' dir='ltr'><strong><em>scriptore</em></strong></span> <span class='ocrx_word' id='word_1_334' title='bbox 901 2693 1030 2735; x_wconf 90' lang='lat' dir='ltr'><strong><em>hodie</em></strong></span> <span class='ocrx_word' id='word_1_335' title='bbox 1068 2693 1216 2747; x_wconf 84' lang='lat' dir='ltr'><strong><em>ignoto</em></strong></span> <span class='ocrx_word' id='word_1_336' title='bbox 1253 2694 1432 2735; x_wconf 86' lang='lat' dir='ltr'><strong><em>relatum</em></strong></span> <span class='ocrx_word' id='word_1_337' title='bbox 1450 2726 1459 2748; x_wconf 94' lang='lat'>,</span> <span class='ocrx_word' id='word_1_338' title='bbox 1482 2692 1697 2747; x_wconf 89' lang='lat' dir='ltr'><strong><em>quomodo</em></strong></span> 
     </span>
     <span class='ocr_line' id='line_1_37' title="bbox 220 2759 1699 2816; baseline 0 -14"><span class='ocrx_word' id='word_1_339' title='bbox 220 2763 394 2815; x_wconf 75' lang='lat' dir='ltr'><strong><em>poetam</em></strong></span> <span class='ocrx_word' id='word_1_340' title='bbox 423 2759 622 2801; x_wconf 89' lang='lat' dir='ltr'><strong><em>Latinum</em></strong></span> <span class='ocrx_word' id='word_1_341' title='bbox 652 2761 804 2803; x_wconf 86' lang='lat' dir='ltr'><strong><em>decere</em></strong></span> <span class='ocrx_word' id='word_1_342' title='bbox 840 2761 978 2816; x_wconf 86' lang='lat' dir='ltr'><strong><em>possit</em></strong></span> <span class='ocrx_word' id='word_1_343' title='bbox 1009 2773 1095 2802; x_wconf 91' lang='lat' dir='ltr'><strong><em>non</em></strong></span> <span class='ocrx_word' id='word_1_344' title='bbox 1125 2760 1253 2803; x_wconf 87' lang='lat' dir='ltr'><strong><em>video</em></strong></span> <span class='ocrx_word' id='word_1_345' title='bbox 1271 2793 1280 2802; x_wconf 89' lang='lat'><strong>.</strong></span> <span class='ocrx_word' id='word_1_346' title='bbox 1303 2761 1508 2802; x_wconf 85' lang='lat' dir='ltr'><strong><em>Marullus</em></strong></span> <span class='ocrx_word' id='word_1_347' title='bbox 1540 2760 1699 2803; x_wconf 75' lang='lat' dir='ltr'><strong><em>harde:</em></strong></span> 
     </span>
     <span class='ocr_line' id='line_1_38' title="bbox 221 2826 1696 2883; baseline -0.001 -13"><span class='ocrx_word' id='word_1_348' title='bbox 221 2827 375 2870; x_wconf 84' lang='lat' dir='ltr'><strong><em>rectius</em></strong></span> <span class='ocrx_word' id='word_1_349' title='bbox 410 2826 440 2868; x_wconf 93' lang='lat' dir='ltr'><strong><em>ii</em></strong></span> <span class='ocrx_word' id='word_1_350' title='bbox 477 2840 656 2880; x_wconf 89' lang='lat' dir='ltr'><strong><em>quorum</em></strong></span> <span class='ocrx_word' id='word_1_351' title='bbox 694 2828 867 2870; x_wconf 88' lang='lat' dir='ltr'><strong><em>nomina</em></strong></span> <span class='ocrx_word' id='word_1_352' title='bbox 896 2828 1119 2870; x_wconf 84' lang='lat' dir='ltr'><strong><em>Turnebus</em></strong></span> <span class='ocrx_word' id='word_1_353' title='bbox 1164 2828 1208 2869; x_wconf 90' lang='lat' dir='ltr'><strong><em>in</em></strong></span> <span class='ocrx_word' id='word_1_354' title='bbox 1243 2828 1590 2870; x_wconf 85' lang='lat' dir='ltr'><strong><em>adversariorum</em></strong></span> <span class='ocrx_word' id='word_1_355' title='bbox 1626 2841 1696 2883; x_wconf 82' lang='lat' dir='ltr'><strong><em>xx,</em></strong></span> 
     </span>
     <span class='ocr_line' id='line_1_39' title="bbox 220 2894 1698 2951; baseline 0.001 -14"><span class='ocrx_word' id='word_1_356' title='bbox 220 2895 275 2937; x_wconf 89' lang='grc'><strong><em>26</em></strong></span> <span class='ocrx_word' id='word_1_357' title='bbox 318 2894 494 2948; x_wconf 86' lang='lat' dir='ltr'><strong><em>reticet,</em></strong></span> <span class='ocrx_word' id='word_1_358' title='bbox 522 2894 595 2948; x_wconf 91' lang='lat' dir='ltr'><strong><em>qui</em></strong></span> <span class='ocrx_word' id='word_1_359' title='bbox 640 2894 843 2937; x_wconf 87' lang='lat' dir='ltr'><strong><em>volebant</em></strong></span> <span class='ocrx_word' id='word_1_360' title='bbox 887 2908 1113 2936; x_wconf 73' lang='lat' dir='ltr'><strong><em>BALArno</em></strong></span> <span class='ocrx_word' id='word_1_361' title='bbox 1139 2926 1147 2934; x_wconf 89' lang='lat'>.</span> <span class='ocrx_word' id='word_1_362' title='bbox 1176 2894 1256 2937; x_wconf 90' lang='lat' dir='ltr'><strong><em>hoc</em></strong></span> <span class='ocrx_word' id='word_1_363' title='bbox 1302 2895 1416 2938; x_wconf 90' lang='lat' dir='ltr'><strong><em>idem</em></strong></span> <span class='ocrx_word' id='word_1_364' title='bbox 1459 2901 1558 2951; x_wconf 90' lang='lat' dir='ltr'><strong><em>post</em></strong></span> <span class='ocrx_word' id='word_1_365' title='bbox 1601 2897 1698 2939; x_wconf 90' lang='lat' dir='ltr'><strong><em>illos</em></strong></span> 
     </span>
     <span class='ocr_line' id='line_1_40' title="bbox 221 2962 1697 3018; baseline 0.001 -13"><span class='ocrx_word' id='word_1_366' title='bbox 221 2963 425 3005; x_wconf 86' lang='lat' dir='ltr'><strong><em>Nicolaus</em></strong></span> <span class='ocrx_word' id='word_1_367' title='bbox 455 2962 659 3004; x_wconf 88' lang='lat' dir='ltr'><strong><em>Heinsius</em></strong></span> <span class='ocrx_word' id='word_1_368' title='bbox 691 2963 885 3014; x_wconf 83' lang='lat' dir='ltr'><strong><em>invenit,</em></strong></span> <span class='ocrx_word' id='word_1_369' title='bbox 913 2963 986 3017; x_wconf 90' lang='lat' dir='ltr'><strong><em>qui</em></strong></span> <span class='ocrx_word' id='word_1_370' title='bbox 1017 2963 1213 3018; x_wconf 84' lang='lat' dir='ltr'><strong><em>exposuit</em></strong></span> <span class='ocrx_word' id='word_1_371' title='bbox 1243 2963 1300 3006; x_wconf 84' lang='lat' dir='ltr'><strong><em>ad</em></strong></span> <span class='ocrx_word' id='word_1_372' title='bbox 1332 2963 1476 3007; x_wconf 85' lang='lat' dir='ltr'><strong><em>Ovidii</em></strong></span> <span class='ocrx_word' id='word_1_373' title='bbox 1506 2978 1697 3007; x_wconf 86' lang='lat' dir='ltr'><strong><em>amorum</em></strong></span> 
     </span>
     <span class='ocr_line' id='line_1_41' title="bbox 220 3030 1696 3088; baseline 0.002 -17"><span class='ocrx_word' id='word_1_374' title='bbox 220 3045 281 3085; x_wconf 90' lang='lat'>111,</span> <span class='ocrx_word' id='word_1_375' title='bbox 299 3031 339 3085; x_wconf 85' lang='lat'><strong><em>3,</em></strong></span> <span class='ocrx_word' id='word_1_376' title='bbox 361 3034 378 3073; x_wconf 91' lang='lat'>1</span> <span class='ocrx_word' id='word_1_377' title='bbox 400 3062 410 3084; x_wconf 92' lang='lat'>,</span> <span class='ocrx_word' id='word_1_378' title='bbox 431 3030 640 3085; x_wconf 84' lang='lat' dir='ltr'><strong><em>probante</em></strong></span> <span class='ocrx_word' id='word_1_379' title='bbox 668 3031 863 3073; x_wconf 88' lang='lat' dir='ltr'><strong><em>Bentleio</em></strong></span> <span class='ocrx_word' id='word_1_380' title='bbox 895 3030 952 3073; x_wconf 89' lang='lat' dir='ltr'><strong><em>ad</em></strong></span> <span class='ocrx_word' id='word_1_381' title='bbox 983 3031 1150 3073; x_wconf 86' lang='lat' dir='ltr'><strong><em>Horatii</em></strong></span> <span class='ocrx_word' id='word_1_382' title='bbox 1182 3044 1425 3074; x_wconf 88' lang='lat' dir='ltr'><strong><em>sermonum</em></strong></span> <span class='ocrx_word' id='word_1_383' title='bbox 1458 3047 1502 3083; x_wconf 88' lang='lat'><strong><em>11,</em></strong></span> <span class='ocrx_word' id='word_1_384' title='bbox 1524 3033 1563 3088; x_wconf 83' lang='lat'><strong><em>3,</em></strong></span> <span class='ocrx_word' id='word_1_385' title='bbox 1590 3034 1696 3076; x_wconf 82' lang='lat'>166.</span> 
     </span>
    </p>

    <p class='ocr_par' dir='ltr' id='par_1_10' title="bbox 1345 3100 1430 3142">
     <span class='ocr_line' id='line_1_42' title="bbox 1345 3100 1430 3142; baseline 0.024 -2"><span class='ocrx_word' id='word_1_386' title='bbox 1345 3100 1430 3142; x_wconf 71' lang='lat'><strong><em>13*</em></strong></span> 
     </span>
    </p>
   </div>
  </div>
 </body>
</html>
