2040 3328
387 239 465 281 152
1075 242 1137 283 III

383 354 523 407 tores3
555 352 668 406 quod
694 357 839 394 contra
866 354 947 394 εἰει·
963 356 1004 394 et
1025 354 1164 408 quoz'ez'
1181 357 1332 396 testata
1353 359 1473 396 sunt.
1497 368 1631 409 neque
1652 356 1694 397 ei
1705 388 1714 409 ,
1737 367 1830 397 cum

384 418 499 473 prior
528 419 695 472 syllaba
715 419 984 473 producitur,
1007 426 1046 461 ei·
1065 418 1289 460 dicendum
1311 425 1399 475 est,
1428 422 1627 475 quoniam
1650 422 1831 464 admittit

386 485 627 539 elisionem,
650 490 695 527 ut
715 485 876 527 dicetur
907 485 961 527 ad
991 499 1158 527 versum
1179 486 1286 527 374:
1319 488 1456 541 aptius
1483 489 1705 543 pingemus
1735 489 1794 531 ita
1813 490 1835 531 i

385 551 572 606 duplici,
601 554 662 608 ej,
691 552 736 593 id
768 556 831 594 est
861 553 940 604 eii,
971 564 1093 604 quem
1124 552 1349 594 admodum
1380 554 1580 596 Italorum
1609 569 1707 610 pars
1736 569 1830 611 pru-

387 618 534 660 denter
564 619 750 660 scribunt
776 619 854 675 θα]
878 631 904 659 a
934 618 1136 671 singulari
1162 621 1261 675 ‘qaz‘o
1285 652 1293 661 .
1315 633 1424 674 quae
1455 621 1602 663 eadem
1621 622 1830 665 scribendi

386 698 455 727 ars
486 685 528 726 in
551 685 779 727 Graiorum
809 685 977 726 nomine
1008 686 1144 727 locum
1175 686 1327 741 habet,
1359 687 1443 742 ita,
1473 688 1584 744 Graj
1609 693 1649 730 et
1678 689 1832 746 Grajs5

386 765 642 806 quamquam
665 751 942 806 Terentiano,
968 752 1045 794 hoc
1075 756 1138 794 est
1159 753 1304 813 Mauro
1335 754 1533 808 temporis
1554 755 1830 810 Diocletiani,

387 833 505 862 suum
523 819 635 862 Grai
655 817 966 860 concedendum
990 823 1078 869 est,
1100 832 1177 861 nec
1207 820 1288 861 nisi
1319 820 1361 860 in
1390 821 1526 874 poetis
1557 821 1740 875 antiquis
1767 834 1832 864 sa-

387 888 439 930 tis
469 893 556 930 tuto
588 885 711 927 scribi
742 889 879 939 potest
909 886 1127 942 officiebat,
1156 888 1361 941 emseere,
1392 888 1569 944 olgjeibus
1585 919 1596 940 ‚
1627 887 1662 928 si
1693 891 1733 928 et
1761 900 1834 928 nu-

387 967 524 996 meros
555 964 727 996 servare
756 952 948 994 volumus
977 956 1017 994 et
1037 952 1245 994 scribendi
1268 953 1636 1008 consuetudinem,
1668 953 1722 994 de
1750 966 1835 1008 qua

389 1021 477 1063 dixi
505 1020 559 1062 ad
583 1019 680 1062 Gaii
711 1032 858 1060 comm.
880 1033 939 1072 111,
962 1033 1002 1073 p.
1020 1019 1100 1062 258
1119 1051 1127 1060 .
1151 1020 1226 1061 sed
1250 1020 1327 1062 hac
1346 1021 1535 1074 longiore
1556 1020 1694 1063 littera
1714 1019 1749 1062 si
1770 1020 1835 1062 usi

388 1091 528 1130 essent
549 1087 732 1128 editores
749 1085 875 1127 Gellii
896 1099 951 1138 1V,
973 1086 1022 1127 17
1043 1118 1052 1139 ,
1075 1086 1188 1127 Festi
1210 1099 1250 1140 p.
1267 1087 1362 1141 305,
1380 1087 1433 1129 25
1451 1120 1460 1140 ,
1481 1087 1605 1128 Nonii
1627 1101 1667 1142 p.
1687 1087 1778 1141 169,
1797 1087 1835 1137 2,

387 1167 534 1197 versus
558 1153 682 1194 Ennii
702 1151 782 1193 hoc
804 1151 928 1193 modo
951 1151 1284 1207 disposuissent,
1312 1170 1388 1209 per
1409 1170 1480 1209 eqo
1501 1153 1619 1196 deum
1640 1155 1837 1196 sublimas

386 1221 541 1277 suly‘ces
567 1219 760 1269 Umidas,
778 1218 886 1260 unde
903 1220 1035 1260 oritur
1049 1221 1176 1262 imber
1191 1222 1326 1262 sonita
1343 1237 1462 1262 saevo
1479 1230 1514 1262 et
1529 1223 1682 1277 spiritu
1698 1237 1713 1275 ,·
1732 1234 1836 1275 quos

387 1288 448 1329 illi
484 1287 595 1341 turpi
627 1299 795 1339 errore,
827 1286 946 1339 quasi
979 1286 1107 1328 Gellii
1138 1285 1463 1341 disputationem
1493 1301 1577 1329 non
1606 1288 1835 1342 legissent,

389 1355 576 1397 fecerunt
595 1353 799 1395 'iambicos
822 1353 1031 1394 trimetros
1054 1385 1063 1395 .
1085 1355 1127 1395 ei
1152 1367 1252 1396 vero
1283 1367 1513 1408 pronomen
1542 1367 1625 1396 non
1655 1355 1836 1397 scaenici

389 1422 467 1465 soli
497 1422 539 1463 in
571 1433 697 1462 unam
729 1420 939 1475 syllabam
970 1424 1225 1462 contractum
1255 1422 1515 1474 extulerunt,
1546 1421 1621 1463 sed
1652 1421 1836 1464 Catullus

390 1502 554 1544 quoque
576 1502 615 1542 p.
632 1489 698 1542 69,
720 1488 739 1528 1
772 1488 949 1542 Eripere
970 1488 1011 1528 ei
1026 1488 1115 1529 noli
1126 1520 1136 1540 ,
1159 1492 1199 1529 et
1219 1487 1415 1529 Manilius
1446 1488 1576 1530 eidem
1604 1488 1647 1529 in
1677 1502 1736 1542 111,
1759 1488 1812 1530 73
1827 1520 1836 1529 .

390 1556 464 1598 sed
487 1555 674 1598 Catullus
695 1554 780 1595 alio
807 1554 899 1595 loco
931 1568 970 1608 p.
988 1554 1054 1608 20,
1076 1554 1126 1595 12
1156 1554 1346 1608 duabus3
1377 1554 1448 1596 ubi
1479 1555 1706 1607 legendum
1735 1558 1836 1609 puto

391 1624 541 1665 Malest
561 1639 622 1664 me
643 1622 804 1664 hercule
828 1628 868 1662 εἴ
897 1631 932 1663 et
963 1622 1192 1663 laboriose:
1223 1634 1319 1662 nam
1341 1622 1383 1663 in
1403 1638 1465 1663 me
1485 1622 1646 1664 hercule
1667 1620 1838 1663 haeren-

391 1690 489 1732 dum
520 1703 604 1731 non
635 1692 724 1743 est,
747 1688 859 1742 quod
881 1701 1134 1741 quamquam
1156 1688 1375 1730 Terentius
1402 1689 1492 1731 sine
1524 1689 1702 1730 elisione
1731 1688 1840 1730 dixit

390 1761 432 1799 et
461 1757 635 1798 Plautus
671 1756 714 1796 in
745 1756 975 1796 Mercatore
1005 1770 1060 1810 IV,
1085 1758 1121 1810 7,
1146 1756 1224 1810 79,
1256 1757 1431 1797 mercule
1472 1756 1673 1810 scriptum
1704 1758 1767 1796 est
1795 1755 1839 1796 in

391 1824 578 1866 Mediceo
601 1822 746 1865 codice
767 1822 1041 1876 epistularum
1063 1822 1276 1864 Ciceronis
1297 1836 1488 1878 semper,
1515 1827 1562 1863 ut
1591 1822 1692 1864 dicit
1711 1822 1840 1864 Furia

390 1891 446 1933 ad
476 1891 627 1932 librum
647 1903 687 1943 ν,
712 1889 775 1942 10,
801 1889 821 1928 1
840 1920 850 1942 ,
872 1888 1053 1942 itemque
1074 1890 1210 1944 prima
1239 1903 1366 1931 manu
1389 1891 1429 1931 in
1451 1890 1594 1932 codice
1616 1889 1839 1931 Frontonis

391 1972 431 2013 p.
453 1957 531 1999 104
552 1961 594 1999 et
614 1957 656 1998 in
679 1955 879 1998 Bobiensi
904 1956 1201 1997 commentario
1219 1956 1476 1999 Plancianae
1497 1970 1537 2011 p.
1554 1957 1609 1999 54
1625 1956 1708 1998 Mai
1726 1955 1840 2010 (256,

391 2025 445 2067 33
467 2024 580 2079 Or.),
611 2027 833 2080 praeterea
862 2023 1079 2065 Phaedrus
1111 2023 1374 2079 trisyllabum
1404 2024 1501 2065 fecit
1530 2024 1573 2065 in
1602 2035 1728 2066 versu
1746 2055 1755 2063 .

503 2093 597 2134 232.
627 2093 791 2132 mes
821 2104 967 2134 ΕΝΙΜ.
1000 2089 1218 2133 Corrector
1245 2091 1417 2144 oblongi
1447 2092 1632 2132 Tnuv1s
1655 2121 1664 2132 .

503 2158 597 2200 234.
634 2158 739 2200 Nnc
771 2171 928 2198 cALon
957 2171 1042 2198 EST
1073 2171 1352 2212 QUISQUAM,
1385 2172 1466 2199 cm
1494 2172 1587 2199 nou
1618 2171 1699 2198 su·
1729 2170 1839 2198 Mix-

392 2240 479 2267 rus
509 2239 570 2266 Εἰ·
600 2227 794 2267 AER.Et
822 2238 898 2280 pro
930 2226 1052 2267 etiam
1081 2226 1275 2279 quotiens
1296 2226 1339 2266 in
1360 2225 1438 2266 hoc
1468 2225 1653 2266 carmine
1682 2224 1839 2266 inveni-

391 2297 457 2334 tur
485 2285 722 2346 (invenitur'
749 2296 889 2334 autem
920 2291 1156 2345 rarissime)
1186 2295 1427 2346 suspectum
1458 2295 1521 2333 est
1550 2291 1811 2345 corruptelae
1831 2322 1840 2332 .

391 2360 459 2401 hic
488 2372 625 2413 neque
655 2358 710 2400 ad
739 2359 989 2401 sententiam
1020 2358 1241 2413 quicquam
1283 2358 1445 2400 confert
1483 2362 1523 2399 et
1553 2357 1750 2399 facillime
1779 2369 1840 2398 re-

391 2427 551 2469 moveri
582 2430 721 2481 potest
750 2425 972 2467 scribendo
992 2427 1065 2467 cui
1088 2439 1267 2466 mxrus
1298 2441 1380 2467 non
1410 2438 1518 2465 smr
1548 2431 1620 2465 a‘e'r
1637 2455 1646 2464 .
1668 2423 1711 2464 in
1732 2422 1840 2465 libro

391 2508 431 2545 v,
447 2494 527 2536 531
560 2497 750 2549 apertum
783 2497 846 2535 est
875 2496 1042 2547 poe'tam
1072 2492 1224 2534 fecisse
1244 2493 1289 2533 Ε
1314 2492 1461 2547 quibus
1491 2507 1575 2533 una
1604 2499 1738 2532 tamen
1767 2490 1843 2532 siet

393 2563 492 2603 haec
523 2577 681 2617 quoque
710 2577 839 2602 causa
868 2568 1091 2613 necessest,
1123 2559 1193 2600 ubi
1225 2563 1288 2601 est
1316 2559 1370 2600 sit
1399 2567 1435 2600 et
1465 2558 1562 2599 haec
1593 2574 1778 2613 quoque.

504 2628 600 2670 236.
636 2629 795 2670 Asius
826 2641 968 2668 INTER
998 2641 1096 2667 EUM
1127 2639 1271 2666 mrsu
1300 2639 1398 2666 EUM
1428 2637 1700 2665 PRIMORDIA
1730 2637 1842 2664 MUL-

392 2709 649 2742 TAMQUERI
670 2727 680 2737 .
702 2695 901 2750 Impressi
932 2697 1094 2736 veteres
1125 2694 1169 2734 z‘n
1199 2708 1378 2745 cereum,
1410 2691 1484 2733 sed
1505 2691 1636 2735 semel
1657 2694 1840 2745 tantum,

392 2763 488 2805 Itali
509 2764 678 2804 interitu
692 2795 704 2816 ,
726 2762 933 2804 Avantius
955 2762 999 2803 in
1020 2769 1172 2802 coetum
1187 2792 1198 2813 ,
1222 2759 1424 2800 Marullus
1446 2759 1505 2799 ita
1534 2762 1578 2799 ut
1609 2757 1778 2800 debuit.
1797 2757 1842 2798 in

392 2828 474 2871 fine
514 2828 745 2884 quadratus
773 2829 1018 2885 multc‘zqsri,
1059 2826 1266 2879 oblongus
1295 2826 1640 2881 multamquaeri:
1670 2824 1842 2877 oblongi

393 2900 600 2938 corrector
630 2896 802 2950 egregie
832 2896 961 2937 multa
988 2908 1199 2948 Movnm,
1232 2893 1373 2948 itaque
1403 2892 1610 2935 Antonius
1635 2890 1839 2934 Florenti-

394 2976 471 3006 nus
502 2967 543 3004 et
573 2963 668 3004 olim
699 2962 889 3018 impressi
915 2994 922 3004 .
