2040 3328
430 214 482 255 37
485 214 513 254 4
1123 212 1180 253 VI

431 326 476 366 in
504 324 664 365 caelum
684 322 889 364 Avantius
907 353 916 375 ,
938 322 1090 364 rectius
1111 334 1236 375 quam
1256 322 1456 365 Marullus
1485 325 1591 366 hunc
1619 325 1664 365 in
1693 333 1845 366 coetum
1860 340 1873 366 .·

430 404 529 433 nam
558 403 650 432 cum
680 388 804 430 modo
835 388 888 430 de
917 387 1086 430 aethere
1112 388 1267 430 dictum
1298 393 1433 443 esset,
1454 391 1515 432 ita
1541 390 1676 444 magis
1697 394 1874 445 apparet

432 461 550 499 extra
570 469 694 510 quem
715 456 851 498 locum
872 455 947 496 illa
967 464 1147 509 corpora
1167 468 1261 497 esse
1286 455 1476 498 dicantur
1495 468 1604 509 quae
1622 457 1873 499 extrinsecus

431 523 688 566 adveniunt.
710 521 785 564 sed
805 534 915 561 1LLA
937 521 1121 576 Corpora
1146 521 1363 564 verissime
1383 521 1584 564 Marullus
1603 526 1645 565 et
1662 526 1760 566 ante
1780 535 1873 565 eum

432 590 526 632 Itali
544 623 553 633 .
575 603 671 632 mox
687 601 812 631 versu
828 587 910 631 486
927 587 1158 642 quadratus
1174 597 1408 644 quantaque
1423 621 1434 643 ‚
1456 588 1662 642 oblongus
1682 593 1724 632 et
1738 589 1873 632 Italici

431 665 655 711 cunctaque
672 687 681 696 .
1286 703 1287 706 Ἴ

542 722 638 764 488.
669 722 1048 763 INMEMORABILE
1078 734 1288 762 SPATmM
1306 753 1315 762 .
1337 721 1540 763 Marullus
1566 734 1654 761 PER
1673 722 1872 777 spatium.

543 789 638 831 489.
667 788 805 830 HAUT
820 801 988 829 mvi-mr
1002 801 1237 842 mmuusr,
1256 802 1298 828 SI
1312 801 1470 828 PARvo
1488 800 1710 829 TEMPORE
1726 802 1874 830 SAEPE

432 858 537 898 TAM
581 869 759 896 MAGms
803 868 979 896 mouns
1017 868 1266 895 TEMPESTA
1302 868 1460 900 Arous
1501 867 1750 896 muman:
1787 855 1875 898 Co-

431 935 641 964 szmur
676 935 828 962 MARIA
866 935 924 962 Ac
955 935 1137 962 TERRAS
1166 935 1371 962 mpnusn
1408 934 1650 962 SUPERNE.
1671 921 1750 963 Hic
1778 925 1875 964 ante

434 989 576 1032 omnia
596 989 880 1031 Coruinum
902 988 1170 1030 scribendum
1191 993 1254 1031 est
1274 1002 1327 1031 ex
1347 987 1553 1031 constanti
1574 999 1654 1029 usu
1668 987 1875 1030 Lucretii.

433 1056 532 1099 vide
552 1070 608 1110 ιν,
627 1055 709 1098 814
729 1069 768 1108 v,
789 1055 868 1097 192
889 1054 969 1097 748
991 1055 1071 1098 799
1097 1054 1202 1096 1238
1232 1068 1287 1109 w,
1303 1054 1385 1097 375
1410 1054 1515 1097 1012
1532 1086 1542 1096 .
1563 1058 1649 1096 tum
1670 1067 1876 1096 murus-

434 1136 521 1164 rAs
543 1122 640 1164 Itali
670 1126 710 1164 et
739 1121 960 1176 impressi.
981 1120 1056 1162 sed
1085 1133 1169 1162 non
1196 1121 1302 1163 bene
1322 1121 1526 1163 Marullus
1557 1125 1599 1163 et
1626 1121 1752 1163 ceteri
1775 1121 1877 1164 Tam

433 1204 603 1245 maqnos
637 1190 785 1231 montis
820 1196 1034 1243 tempestas
1069 1196 1190 1242 atque
1225 1188 1410 1229 tenebrae
1447 1188 1691 1243 Oooperiant
1704 1219 1716 1241 ‚
1741 1189 1878 1230 maria

432 1272 481 1298 ac
501 1265 638 1298 terras
653 1255 840 1311 impensa
855 1269 1030 1310 superne
1046 1268 1059 1295 .·
1079 1266 1176 1295 nam
1198 1257 1239 1296 et
1254 1262 1336 1296 tam
1355 1255 1502 1310 mayni
1510 1258 1674 1296 montes
1693 1254 1877 1297 tenebris

433 1321 586 1364 obduci
617 1334 790 1377 prorsus
820 1322 961 1376 inepte
982 1320 1203 1374 dicuntur,
1225 1324 1266 1362 et
1294 1321 1494 1363 tenebrae
1513 1322 1650 1363 maria
1678 1336 1726 1363 ae
1746 1329 1878 1363 terras

432 1391 640 1445 impensae
659 1389 767 1430 mira
786 1385 988 1438 σύνταξις
1009 1391 1072 1430 est
1089 1420 1098 1442 ,
1121 1387 1188 1429 cui
1210 1387 1388 1429 similem
1416 1399 1500 1428 non
1521 1387 1614 1429 tulit
1631 1387 1676 1429 in
1695 1387 1877 1430 Terentii

433 1455 684 1503 Phormione
705 1470 731 1510 1,
740 1455 778 1510 4,
791 1456 816 1497 2
832 1455 1045 1498 Bentleius
1063 1486 1072 1508 ,
1093 1454 1166 1496 ubi
1182 1458 1272 1497 erat
1292 1462 1408 1495 tanta
1422 1469 1484 1495 me
1498 1454 1732 1509 impendent
1745 1454 1858 1496 mala
1868 1485 1878 1495 .

432 1522 500 1563 hie
530 1521 709 1563 fortasse
739 1535 826 1563 non
855 1525 966 1564 recte
984 1525 1127 1563 :certe
1155 1519 1372 1563 confirmat
1401 1519 1506 1561 illud
1535 1519 1710 1562 Messius
1739 1533 1781 1575 p.
1797 1519 1878 1562 383

432 1588 476 1629 in
498 1588 709 1630 Frontone
735 1588 863 1642 Maii,
886 1592 926 1630 et
956 1587 1071 1643 apud
1100 1588 1267 1629 Festum
1296 1600 1336 1641 p.
1359 1587 1450 1639 161,
1467 1587 1493 1628 6
1523 1586 1718 1640 leguntur
1747 1585 1877 1641 haec,

433 1656 503 1696 Me
534 1670 612 1710 pro
645 1655 752 1696 mihi
786 1655 973 1697 dicebant
1007 1653 1194 1708 antiqui,
1216 1661 1260 1694 ut
1292 1676 1339 1683 —
1372 1653 1563 1695 Lucilius
1592 1654 1727 1695 Nunc'
1753 1653 1811 1695 ad
1843 1662 1879 1695 te

431 1721 551 1763 redeo
567 1754 578 1775 ,
599 1730 644 1762 ut
674 1737 779 1777 quae
797 1737 864 1765 res
883 1736 945 1763 me
963 1719 1167 1776 impendet
1187 1728 1338 1775 affatur
1353 1735 1367 1773 ‚-
1387 1719 1487 1761 item
1506 1719 1621 1774 apud
1642 1719 1878 1762 Lucretium

432 1802 459 1841 1,
477 1787 559 1830 326
579 1787 667 1829 Nec
681 1820 692 1841 ,
713 1803 827 1830 mare
857 1802 962 1842 quae
981 1786 1229 1842 inpendent,
1249 1801 1365 1828 vesco
1394 1786 1481 1828 sale
1509 1801 1617 1827 sama
1642 1801 1791 1842 peresa
1807 1817 1816 1827 .
1838 1788 1879 1827 et

432 1855 511 1896 hoc
534 1853 596 1896 'ad
625 1854 811 1896 Terentii
842 1866 1010 1896 versum
1046 1865 1073 1894 a
1103 1854 1270 1895 Donato
1306 1851 1538 1894 adhibitum
1568 1852 1701 1895 fuisse
1735 1865 1789 1894 ex
1818 1852 1878 1894 eis

433 1926 611 1977 apparet
631 1933 739 1976 quae
759 1919 1101 1973 Lindenbrogius
1130 1933 1171 1974 p.
1188 1919 1268 1962 647
1301 1931 1324 1961 e
1354 1919 1460 1961 libro
1481 1923 1623 1962 vetere
1652 1918 1816 1973 adfert,
1838 1927 1882 1961 tu

434 2005 475 2031 es
503 1988 662 2031 cor-sali
676 2004 784 2030 sacca
797 2004 949 2044 peresa
965 2019 975 2030 .
998 1990 1162 2029 veteres
1183 1986 1344 2028 dixisse
1364 1985 1576 2041 impendeo
1597 1994 1632 2028 te
1653 1985 1882 2028 Diomedes

434 2055 561 2098 refert
595 2069 637 2110 p.
655 2054 737 2098 305
755 2086 763 2095 .
786 2054 862 2096 sed
897 2055 941 2096 in
978 2058 1121 2096 nostro
1157 2066 1282 2096 versu
1321 2053 1382 2095 ita
1417 2052 1650 2095 orationem
1685 2055 1882 2095 structam

432 2122 625 2176 accipere
653 2133 826 2164 necesse
856 2134 941 2164 non
972 2125 1063 2163 est:
1084 2121 1223 2175 aptius
1255 2119 1364 2162 enim
1385 2120 1522 2162 maria
1551 2135 1600 2161 ac
1619 2128 1752 2162 terrae
1782 2122 1881 2161 tem-

431 2191 594 2242 pestate
624 2191 665 2230 et
692 2187 874 2230 tenebris
910 2188 1117 2244 cooperiri
1147 2187 1368 2241 dicuntur3
1389 2191 1430 2229 et
1465 2186 1569 2229 satis
1606 2189 1761 2228 certum
1791 2189 1881 2240 est,

432 2267 688 2308 quamquam
719 2267 773 2296 ne
801 2253 1030 2296 Lambinus
1068 2254 1239 2308 quidem
1268 2253 1401 2308 vidit,
1425 2253 1608 2309 impensa
1643 2252 1726 2295 dici
1755 2265 1882 2307 posse

433 2333 542 2374 quae
562 2321 828 2375 impendent.
851 2320 957 2362 dixit
975 2320 1035 2362 ita
1055 2320 1219 2363 Seneca
1243 2321 1288 2362 in
1309 2320 1488 2362 Hercule
1511 2319 1645 2373 1592,
1666 2319 1784 2360 nulla
1813 2317 1883 2360 do-

431 2389 608 2430 minetur
628 2388 728 2429 aula
748 2388 834 2438 Qui
844 2395 959 2442 putet
978 2387 1109 2428 solum
1139 2387 1261 2429 decus
1282 2402 1367 2428 6336
1395 2387 1519 2442 ’ν69ηί
1534 2386 1702 2440 Semper
1729 2386 1882 2440 impen-

432 2470 522 2496 sum
543 2455 719 2496 tenuisse
736 2454 908 2509 ferrum
922 2485 933 2506 ‚
956 2451 1000 2494 id
1030 2456 1094 2494 est
1110 2453 1302 2508 yladium
1324 2462 1457 2495 tenere
1477 2451 1773 2507 impendentem
1788 2482 1799 2492 .
1819 2462 1882 2493 ce-

433 2524 523 2563 tera
552 2520 594 2562 in
624 2524 771 2574 aperto
804 2523 949 2572 erunt,
972 2519 1008 2560 si
1038 2519 1269 2561 scribemus
1303 2521 1404 2562 Tam
1433 2519 1597 2574 maynis
1625 2531 1790 2558 muers
1808 2548 1817 2558 .
1903 2571 1906 2573 -

543 2587 638 2630 492.
669 2601 759 2627 PER
795 2599 969 2628 cavus
1005 2599 1244 2627 AETHERIS
1267 2618 1277 2628 .
1307 2587 1391 2628 Per
1427 2599 1616 2626 GAULAS
1652 2583 1855 2626 Marullus
1872 2614 1883 2626 .

434 2654 476 2695 in
507 2653 602 2707 lege
624 2653 820 2696 Cornelia
851 2653 904 2695 de
935 2667 984 2693 xx
1014 2652 1307 2706 quaestoribus
1338 2653 1376 2706 2,
1393 2652 1445 2693 41
1479 2666 1652 2707 quorum
1673 2651 1886 2692 >viatorum

422 2735 678 2775 praeconum
700 2720 867 2762 nomina
886 2721 931 2761 in
954 2720 1012 2762 eis
1028 2719 1232 2761 deeurieis
1248 2719 1306 2760 ad
1324 2718 1464 2761 aedem
1481 2718 1660 2761 Saturni
1670 2718 1715 2759 in
1722 2717 1886 2772 pariete

431 2787 545 2828 intra
565 2787 706 2828 navias
718 2802 923 2842 promume
943 2794 1036 2828 ante
1055 2786 1162 2826 hanc
1189 2785 1316 2841 Zeqem
1325 2815 1431 2826 ......
1453 2785 1514 2826 ita
1534 2784 1798 2837 Gottlingus,
1820 2781 1882 2824 Si-

431 2852 584 2905 gonius
600 2854 714 2894 intra
730 2868 874 2894 caveas
891 2867 903 2894 .·
924 2851 1148 2905 legendum
1164 2852 1308 2893 cautas
1325 2885 1333 2895 .
1358 2850 1574 2894 Charisius
1591 2864 1632 2904 p.
1644 2850 1723 2891 211
1741 2880 1752 2903 ,
1776 2849 1883 2891 inter

431 2918 628 2973 exempla
657 2919 1045 2974 praepositionum,
1067 2919 1180 2959 intra
1209 2918 1378 2959 caulae.
1401 2917 1514 2973 apud
1542 2915 1797 2959 Macrobium
1828 2913 1881 2957 de
