2040 3328
440 238 521 280 160
798 299 801 300 ,
1127 241 1190 282 111

438 349 696 392 Claudianus
718 354 758 392 et
785 351 1038 393 recentiores
1059 350 1182 405 Itali,
1205 364 1296 393 cum
1317 351 1586 395 Academiam
1607 354 1744 397 vocali
1764 354 1880 398 brevi

436 416 678 471 proferunt,
721 421 806 458 tam
849 430 1006 459 morem
1045 417 1239 459 Latinum
1276 423 1469 461 secuntur
1506 433 1631 473 quam
1668 426 1882 464 accentum

438 483 645 525 Graecum
668 517 678 527 .
705 497 829 537 porro
860 484 905 524 in
934 485 1114 526 Lucretii
1146 484 1328 526 carmine
1365 485 1467 527 nihil
1498 491 1560 528 est
1589 487 1702 540 quod
1732 488 1774 529 in
1803 488 1882 530 hoc

437 562 591 602 genere
628 549 876 604 reprehendi
913 551 1070 606 possit,
1111 555 1277 606 praeter
1313 564 1406 592 eum
1449 565 1576 594 unum
1614 567 1781 596 versum
1817 555 1880 596 cui

436 616 539 657 haec
561 615 753 658 adscribo
777 632 786 658 ε
809 630 932 670 quem
953 631 1074 660 nemo
1103 618 1277 671 negabit
1307 618 1506 660 facillimo
1537 621 1704 673 negotio
1736 621 1791 663 ad
1820 635 1881 664 re-

435 684 579 736 gulam
609 685 798 726 revocari
820 699 945 739 posse
981 685 1199 727 scribendo
1230 686 1341 726 Nam
1371 702 1460 726 cum
1491 686 1615 728 multo
1644 697 1738 729 sunt
1768 702 1881 728 mnn-

435 765 597 791 MENTA
627 764 810 791 M1N0RA
840 766 1017 792 ANIMAI
1035 784 1044 794 .
1066 753 1108 793 in
1129 752 1539 805 VergiliiwAene'l'dos
1569 767 1629 807 VI,
1651 754 1732 796 505
1754 754 1882 797 Medi·

436 830 532 859 eeus
562 819 736 859 Rhoeteo
765 818 810 859 in
840 818 956 861 litore
985 820 1173 873 inanem,
1206 819 1297 860 sine
1327 819 1639 873 praepositione
1668 820 1881 863 Romanus

436 890 476 928 et
495 886 726 927 Vaticanae
756 885 961 940 schedae,
993 891 1039 928 ut
1067 886 1181 940 apud
1201 886 1347 927 Silium
1367 886 1409 926 in
1439 899 1526 939 vm,
1548 886 1626 927 621
1646 918 1654 927 .
1675 886 1718 927 in
1738 901 1778 940 x,
1803 888 1881 930 179

436 965 599 1006 omnes,
622 956 824 1004 quantum
845 953 949 1004 scio,
972 955 1062 995 Hos
1076 969 1228 1008 parere
1248 953 1386 994 iubent
1404 952 1589 1007 Alpheae
1610 953 1699 995 sive
1720 954 1883 1010 Alphea

435 1021 485 1061 ab
516 1020 676 1074 oriyine
707 1019 832 1060 Pisae
847 1052 857 1072 ,
888 1020 1012 1060 nimis
1032 1019 1244 1061 incondite
1264 1034 1272 1060 :
1295 1019 1396 1060 satis
1418 1022 1480 1060 est
1500 1019 1683 1075 Alpheae
1704 1021 1882 1075 oriqine,

435 1090 480 1127 ut
496 1086 599 1127 Aen.
616 1100 642 1139 Ι,
661 1085 741 1126 286
754 1087 937 1141 pulchra
956 1087 1163 1127 Troiemus
1179 1087 1338 1141 oriqine
1356 1086 1526 1127 Caesar.
1544 1086 1586 1127 in
1602 1086 1759 1128 Lucani
1775 1086 1881 1128 libro

436 1167 462 1206 1,
483 1153 559 1194 197
573 1153 831 1207 Phryyiique
842 1162 1012 1208 penates
1021 1153 1165 1194 Gentis
1181 1154 1334 1206 Iuleae,
1353 1162 1390 1194 et
1404 1154 1521 1207 rapti
1532 1162 1685 1195 secreta
1694 1154 1882 1204 Quirini:

434 1219 567 1260 nihilo
590 1218 773 1260 deterius
805 1220 882 1260 erit
910 1221 1028 1275 rapti
1053 1229 1114 1261 et.
1138 1220 1180 1260 in
1210 1219 1329 1262 Statii
1353 1219 1609 1261 Achilleidos
1630 1235 1656 1274 1,
1680 1220 1734 1261 84
1755 1220 1882 1271 Quem

434 1296 476 1328 tu
507 1287 594 1328 illie
624 1294 764 1328 natum
786 1286 905 1342 Stheo
935 1288 980 1328 in
1005 1287 1176 1342 pulvere
1191 1302 1204 1328 :
1233 1290 1370 1341 potest
1389 1286 1515 1328 scribi
1545 1288 1590 1327 in
1610 1287 1730 1343 Siqeo
1748 1319 1757 1328 .
1779 1287 1883 1328 haec

434 1353 691 1407 paucissima
712 1352 850 1394 adhuc
870 1354 1040 1407 inveni,
1072 1366 1180 1407 quae
1201 1353 1374 1406 regulae
1405 1366 1534 1407 supra
1564 1354 1782 1408 expositae
1811 1353 1882 1395 ad-

434 1424 727 1462 versarentur.
750 1424 814 1461 est
833 1425 975 1462 tamen
1005 1434 1134 1462 unum
1165 1420 1414 1462 vocabulum
1430 1421 1494 1476 fio
1510 1453 1520 1474 ,
1552 1420 1665 1474 quod
1694 1424 1883 1475 tempore

435 1487 619 1541 quodam
660 1500 686 1528 a
723 1492 954 1529 ceterorum
993 1489 1087 1541 lege
1118 1478 1305 1529 solutum*
1330 1486 1460 1529 fuisse
1490 1501 1574 1529 non
1604 1490 1690 1529 tam
1719 1488 1882 1529 ratione

434 1568 559 1609 quam
581 1554 866 1608 exemplorum
887 1568 1058 1596 numero
1079 1554 1215 1596 victus
1237 1554 1465 1595 concedam
1487 1586 1496 1596 .
1517 1555 1559 1595 in
1580 1553 1882 1608 Amphitruone

433 1621 574 1663 Plauti
594 1636 653 1675 111,
679 1623 714 1676 1,
737 1623 775 1676 6,
797 1623 1044 1677 Amphitruo
1061 1622 1125 1676 fio
1147 1630 1183 1663 et
1211 1622 1398 1662 vestitum
1425 1623 1579 1663 immuto
1607 1637 1765 1675 meum,
1795 1621 1882 1663 seio

434 1689 552 1730 libris
589 1690 688 1731 olim
727 1688 943 1743 impressis
980 1689 1128 1731 abesse
1159 1688 1376 1742 copulam,
1410 1701 1520 1741 quae
1555 1700 1660 1741 quos
1691 1692 1882 1730 auctores

434 1756 588 1798 habeat
608 1755 858 1799 Ritschelius
890 1755 1030 1798 dicere
1060 1755 1239 1810 poterit.
1262 1755 1304 1796 in
1334 1756 1584 1797 Truculento
1615 1768 1671 1808 1v,
1693 1754 1731 1807 2,
1752 1755 1808 1796 51
1817 1755 1882 1809 fio

432 1823 669 1878 inpudens3
699 1835 952 1876 quamquam
986 1823 1061 1864 toti
1092 1822 1297 1864 versiculo
1328 1835 1405 1864 nec
1435 1834 1582 1863 sensus
1613 1826 1777 1862 constat
1807 1834 1884 1863 nec

435 1892 624 1932 numeri.
647 1889 723 1932 sed
746 1889 931 1931 Lucilius
953 1902 1117 1943 quoque
1145 1889 1254 1931 idem
1286 1889 1535 1930 vocabulum
1567 1893 1664 1930 ante
1694 1889 1884 1930 vocalem

431 1958 573 2012 posuit
593 1958 671 1999 hoc
691 1970 815 1998 versu
833 1989 842 2010 ,
870 1957 941 2009 qui
963 1957 1116 2009 legitur
1137 1956 1251 2010 apud
1272 1956 1453 1997 Nonium
1474 1970 1515 2010 p.
1536 1956 1603 2009 38,
1625 1957 1651 1998 9
1669 1988 1678 2009 ,
1710 1956 1883 2007 Quicum

431 2025 664 2080 verszPeZlis
686 2025 750 2079 fio
783 2033 819 2065 et
849 2025 1014 2079 quicum
1050 2031 1233 2064 commuto
1270 2024 1408 2064 omnia
1422 2055 1433 2076 ,
1470 2023 1650 2076 itemque
1685 2021 1883 2063 Horatius

434 2092 706 2145 epistularum
736 2106 763 2141 1,
789 2092 824 2144 1,
851 2091 900 2132 16
921 2091 1045 2132 Nunc
1066 2091 1192 2145 ayz'lis
1208 2091 1272 2146 fio
1294 2099 1330 2132 et
1349 2105 1504 2131 mersor
1525 2090 1715 2130 civilibus
1734 2088 1859 2130 undis
1874 2119 1883 2128 .

432 2163 653 2213 praeterea
687 2157 960 2200 memorabile
996 2160 1059 2198 est
1089 2156 1293 2198 Senecam
1332 2158 1374 2198 in
1413 2169 1464 2198 ea
1503 2156 1676 2198 trimetri
1714 2155 1883 2196 'iambici

433 2230 577 2279 parte,
610 2239 661 2266 ex
682 2239 765 2278 qua
786 2229 904 2280 parte
926 2225 1111 2276 tragicus
1134 2224 1201 2276 fit,
1234 2225 1423 2274 consulto
1451 2223 1529 2265 hac
1558 2224 1732 2265 elisione
1762 2235 1883 2263 usum

433 2305 538 2347 esse,
562 2302 667 2334 sorte
683 2294 870 2334 Phoebea
887 2293 1054 2345 excitus,
1073 2293 1177 2333 turis
1193 2293 1258 2333 eoi
1270 2300 1422 2344 extrue,
1440 2291 1577 2347 spolia
1586 2291 1767 2333 Pkrioeez'
1779 2291 1883 2331 arie-

433 2361 504 2413 tis,
526 2360 744 2415 Strophius
764 2361 871 2402 Elea
890 2359 1058 2401 inclitus
1066 2391 1077 2412 ,
1099 2359 1187 2400 tabe
1207 2358 1364 2399 Nessea
1383 2359 1552 2411 illitum,
1575 2357 1678 2400 Oed.
1700 2357 1778 2399 287
1801 2356 1884 2398 305

433 2426 543 2468 Med.
564 2426 644 2468 471
678 2428 827 2480 Agam.
850 2427 931 2468 918
962 2426 1083 2468 Herc.
1107 2426 1187 2467 716
1212 2457 1218 2464 .
1250 2438 1384 2478 neque
1422 2424 1586 2477 negabo
1617 2424 1764 2466 eodem
1795 2423 1883 2465 fere

434 2499 620 2548 tempore
641 2493 878 2535 Phaedrum
909 2493 1129 2547 scripsisse
1159 2493 1203 2533 in
1233 2506 1358 2535 versu
1377 2491 1556 2533 'iambico
1588 2500 1710 2533 natus
1740 2493 1784 2532 in
1807 2491 1884 2533 Cia

433 2561 586 2613 insula,
607 2574 661 2615 1v,
685 2561 752 2614 21,
774 2561 816 2602 8.
840 2560 1102 2614 grammatici
1123 2573 1223 2601 vero
1244 2560 1433 2612 regulam
1456 2559 1701 2610 ignorantes
1722 2563 1824 2612 quot
1839 2558 1883 2600 in

434 2628 513 2669 hoc
544 2641 699 2681 genere
729 2628 832 2670 vitia
861 2632 1047 2669 veterum
1077 2629 1294 2680 poetarum
1325 2625 1443 2667 libris
1474 2625 1689 2666 intulerint
1719 2638 1884 2667 enume-

434 2708 528 2737 rare
559 2694 663 2736 nihil
702 2708 807 2749 opus
845 2699 932 2736 est.
965 2693 1177 2734 Bentleius
1210 2693 1251 2734 in
1283 2692 1445 2734 Andria
1475 2692 1659 2734 Terentii
1691 2692 1884 2746 peccavit

433 2763 657 2804 scribendo
679 2777 721 2815 11,
745 2763 783 2816 G,
806 2762 831 2802 8
853 2762 1029 2816 Propter
1049 2762 1232 2815 lzospitai
1247 2761 1414 2801 huiusce
1434 2759 1763 2801 consuetudinem
1778 2775 1792 2812 ,-
1811 2758 1883 2812 qui

434 2842 579 2870 versus
611 2833 780 2870 servato
813 2829 978 2881 vulgari
1000 2827 1295 2869 vocabulorum
1318 2826 1465 2868 ordine
1486 2827 1546 2867 ita
1567 2825 1770 2867 dicendus
1792 2830 1881 2879 est,

434 2896 610 2949 Propter·
626 2897 792 2937 huiusce
809 2897 991 2950 hospitoni
1003 2893 1350 2947 consuetudinem,
1372 2898 1416 2935 ut
1432 2894 1474 2934 in
1492 2893 1692 2934 Eunucho
1709 2905 1747 2945 v,
1767 2891 1806 2945 5,
1833 2892 1884 2934 10

434 2962 652 3017 Quidquid
665 2963 996 3018 lauiusfactumst
1013 2967 1053 3004 et
1074 2963 1116 3003 in
1130 2962 1277 3003 Heaut.
1301 2975 1360 3015 111,
1382 2960 1420 3014 2,
1442 2960 1498 3002 40
1512 2959 1668 3016 Siquid
1686 2960 1808 3001 huius
1828 2960 1882 3001 si-
