2040 3328
922 247 966 290 II
1612 247 1693 290 129

323 363 419 407 975.
451 375 737 404 Priorum-nu
766 375 828 402 nn
860 375 1042 407 omnus
1072 375 1335 403 AUCTUMST
1355 392 1364 402 .
1384 361 1482 403 986.
1505 373 1600 401 NON
1632 374 1694 400 nx

209 445 508 473 monui-[nus
546 445 736 472 Aneros
771 463 780 472 .
813 431 861 472 In
892 430 1035 485 priore
1065 429 1215 472 horum
1246 442 1448 472 versuum
1480 428 1694 482 oblongus

209 508 416 553 autumet,
442 498 588 541 addito
617 516 637 541 c
659 513 686 541 a
717 503 982 554 correctore,
1004 497 1240 552 quadratus
1271 506 1437 540 auctum
1471 506 1555 552 est,
1579 497 1694 552 apud

208 569 395 612 Nonium
416 582 456 623 p.
474 569 571 623 511,
597 567 651 609 14
671 577 788 610 actus
805 600 814 609 .
840 567 1072 609 Lambinus
1104 565 1328 609 verissime
1358 579 1622 608 mcwusr
1654 570 1696 608 et

207 651 393 679 uerus
412 669 422 680 .
444 636 556 678 ‘nam
587 636 745 678 auctus’
776 636 916 691 inquit
945 634 1103 677 ‘casum
1134 635 1360 690 septimum
1390 634 1485 677 sine
1514 647 1695 690 praepo-

209 706 363 749 sitione
398 705 588 761 postulat
611 737 619 746 .
652 703 807 746 deinde
844 703 963 746 aliud
1000 706 1065 746 est
1103 712 1250 745 auctus
1286 720 1332 746 re
1362 703 1512 760 aliqua
1532 736 1543 757 ,
1581 701 1695 745 aliud

197 775 350 832 factus
385 773 436 816 de
465 790 511 816 ‘re
548 776 622 815 aut
663 789 715 815 επ
745 789 790 814 re
820 772 968 828 aliqua
990 803 999 814 .
1023 770 1104 812 hoc
1133 771 1205 825 qui
1236 772 1400 825 nescit,
1434 770 1620 813 fateatur
1651 784 1697 814 se

209 842 418 898 hospitem
457 854 553 884 esse
590 841 634 883 in
667 841 819 895 lingua
849 840 1005 882 Latina
1021 839 1043 881 .’
1075 838 1344 894 impudenter
1374 839 1611 895 respondet
1640 839 1697 881 ad

210 910 318 953 haec
347 910 555 964 Forbiger
585 908 676 952 ‘sed
717 922 803 951 non
841 921 949 963 opus
987 911 1051 950 est
1086 908 1340 950 coniecturis
1370 940 1378 949 .
1411 908 1522 951 conf.
1554 923 1581 964 1,
1614 909 1698 951 632

209 978 359 1035 (631).
381 993 426 1034 11,
447 979 530 1022 986
551 1013 560 1024 .
582 993 643 1032 111,
662 977 746 1021 626
770 1009 778 1018 .
798 977 883 1019 630
905 1009 913 1018 .
936 989 976 1027 V,
1003 976 1111 1019 1176
1133 976 1309 1031 (1177).
1334 978 1424 1021 ete)

325 1048 422 1091 976.
471 1060 755 1088 cAcmNANT
793 1046 859 1087 Er
906 1058 1143 1087 LAcmms
1179 1059 1407 1086 PARGUNT
1430 1078 1440 1089 .
1474 1045 1698 1089 Corrector

211 1115 389 1170 oblongi
427 1129 685 1157 suasum·
707 1147 716 1157 .
759 1115 984 1156 cacinnant
1018 1113 1098 1156 hoc
1133 1113 1228 1155 loco
1266 1114 1543 1157 membranae
1565 1147 1575 1169 ,
1617 1129 1699 1156 cA-

211 1199 461 1226 οΗιΝΝΑΝΤ
492 1184 536 1226 in
558 1198 615 1238 lv,
641 1183 775 1238 1176,
798 1183 898 1225 item
930 1181 1034 1224 alibi
1065 1182 1311 1224 cachinnent
1341 1187 1383 1225 et
1413 1183 1635 1225 cachinni.

325 1252 421 1296 982.
454 1253 578 1294 Imm
605 1266 686 1293 ΑΜ
707 1265 767 1292 Ex
797 1264 928 1291 ALIIS
947 1282 956 1292 .
980 1249 1202 1293 Corrector
1233 1250 1434 1306 oblongi,
1458 1251 1697 1306 Antonius,

210 1321 447 1364 Brixiensis
494 1319 625 1363 editio
663 1318 769 1362 Inde
813 1319 896 1361 alii
914 1334 926 1359 :
963 1318 1224 1361 Veronensis
1270 1323 1312 1362 et
1349 1318 1556 1362 Marullus
1593 1320 1700 1364 Inde

210 1404 326 1431 Anu
343 1422 353 1433 .

325 1458 421 1502 985.
454 1456 598 1509 Quon
632 1471 675 1498 sr
704 1470 801 1496 DET
832 1469 914 1496 nm
948 1469 1076 1496 HAEC
1099 1488 1107 1498 .
1141 1454 1353 1499 Antonius
1390 1460 1432 1500 et
1462 1457 1700 1501 Brixiensis

210 1541 395 1569 numu
414 1560 423 1569 .

326 1597 424 1640 991.
448 1609 630 1637 snmus
649 1607 862 1636 omnum
879 1625 888 1635 .
907 1591 1131 1636 OMmBUS
1153 1607 1264 1635 ILLE
1284 1609 1405 1636 IDEM
1423 1628 1432 1637 .
1450 1595 1579 1651 Apud
1596 1596 1701 1638 Lac-

212 1663 394 1708 tantium
416 1664 470 1708 de
493 1663 663 1720 opificio
686 1662 754 1705 dei
780 1663 844 1716 19,
863 1662 890 1704 3
912 1661 1022 1704 idem
1043 1662 1116 1705 ille
1134 1694 1143 1703 .
1161 1663 1277 1718 apud
1295 1663 1478 1706 eundem
1496 1664 1626 1707 instit.
1644 1679 1699 1720 v1,

216 1734 282 1786 10,
301 1734 324 1776 7
348 1732 616 1789 exemplaria
643 1730 856 1786 quaedam
885 1743 972 1772 non
1001 1730 1180 1785 antiqua
1199 1733 1354 1775 semine
1375 1735 1491 1788 nati,
1516 1746 1609 1776 cum
1631 1747 1701 1776 ve-

212 1802 429 1845 rissimum
450 1801 505 1843 sit
526 1801 681 1843 semine
711 1799 888 1843 oriundi
901 1832 910 1842 .
932 1803 997 1842 est
1018 1803 1158 1842 autem
1180 1799 1260 1842 hoc
1281 1801 1546 1845 rarissimum
1569 1807 1610 1845 et
1631 1816 1703 1845 an—

213 1871 446 1927 tiquiorum
467 1873 689 1926 poetarum
715 1868 935 1925 proprium
967 1863 1340 1925 συνεκφωνήσεως
1361 1883 1496 1926 genus
1520 1905 1529 1923 ‚
1552 1871 1596 1913 in
1619 1885 1702 1927 quo

214 1941 234 1983 i
251 1939 414 1983 vocalis
436 1938 498 1981 ita
529 1938 741 1981 delitescit
766 1942 812 1980 ut
841 1937 1055 1993 syllabam
1083 1950 1168 1979 non
1191 1938 1324 1981 faciat
1344 1939 1518 1994 longam
1537 1972 1546 1981 .
1568 1944 1615 1982 ut
1636 1940 1706 1983 hic

215 2008 392 2051 oriundi
407 2007 541 2050 tribus
563 2006 744 2062 syllabis
765 2039 774 2061 ,
802 2006 864 2048 ita
871 2006 1050 2062 faciant
1070 2004 1237 2050 duabus
1259 2008 1485 2051 Terentius
1506 2009 1551 2051 in
1573 2009 1705 2052 Phor-

214 2077 357 2119 mione
372 2091 417 2132 11,
435 2076 474 2131 3,
489 2075 543 2118 47
566 2076 632 2118 Di
648 2075 729 2117 tibi
744 2074 858 2117 male
869 2074 1222 2130 faciant.primus
1244 2092 1352 2119 esses
1373 2078 1638 2120 memoriter:
1661 2082 1707 2121 ut

215 2145 330 2188 idem
351 2145 394 2187 in
415 2143 582 2186 Andria
601 2158 629 2199 1,
651 2144 688 2199 1,
712 2143 766 2186 25
787 2143 975 2186 Liberiu’
997 2143 1194 2198 vivendi,
1218 2144 1278 2186 ita
1299 2145 1490 2188 Lucilius
1510 2145 1555 2187 in
1577 2158 1705 2189 versu

217 2213 464 2256 hexametro
483 2246 492 2267 ,
515 2226 642 2267 quem
660 2212 716 2255 ad
734 2212 884 2255 librum
903 2226 929 2265 1,
951 2210 1060 2254 1106
1077 2211 1249 2266 rettuli,
1273 2212 1461 2256 dominia
1477 2223 1602 2271 atque
1616 2248 1627 2270 ,
1645 2215 1706 2257 ita

215 2283 261 2325 in
268 2282 516 2324 Trinummo
530 2295 558 2337 1,
568 2281 606 2336 2,
626 2281 706 2324 163
718 2280 893 2323 Plautus
910 2280 1058 2337 Neque
1073 2280 1438 2338 mendaciloquius
1454 2286 1587 2339 ne'que
1603 2283 1707 2326 adeo

217 2359 412 2408 arqutum
428 2350 566 2406 maqis
582 2382 592 2404 ,
615 2349 759 2404 itaque
778 2367 946 2407 auqura
962 2363 1039 2405 pro
1055 2350 1241 2406 auguria
1257 2349 1433 2392 Accium
1449 2350 1612 2394 dixisse
1625 2355 1707 2394 tes-

206 2420 270 2462 -tis
285 2423 350 2462 est
358 2418 524 2462 Nonius
538 2418 685 2474 p.488,
700 2418 739 2474 3,
758 2419 844 2461 Pro
862 2427 970 2461 certo
988 2418 1227 2460 arbitrabor
1242 2419 1369 2460 sortis
1385 2452 1396 2472 ,
1414 2419 1559 2461 oracla
1574 2453 1586 2474 ,
1604 2420 1707 2477 ady-

217 2496 284 2530 tus
293 2483 548 2542 (ἀδύτους),
567 2503 736 2544 augura
750 2523 759 2531 .
782 2487 947 2530 Ennius
958 2486 1003 2528 in
1014 2486 1571 2542 AndromachaDeformati
1584 2496 1708 2544 atque

218 2555 350 2598 abiete
366 2556 515 2612 crispa.
525 2571 540 2610 ,-
559 2555 690 2598 abiete
705 2555 842 2598 tribus
859 2555 1062 2598 brevibus
1081 2587 1090 2610 ‚
1113 2568 1167 2598 ne
1184 2555 1240 2598 sit
1257 2555 1513 2599 vocabulum
1530 2555 1709 2611 dactyli-

219 2635 312 2665 cum
328 2635 406 2678 pro
422 2622 626 2666 trochaeo
645 2656 654 2666 .
671 2637 811 2679 neque
828 2623 956 2666 aliter
971 2623 1015 2665 in
1033 2640 1062 2665 u
1082 2623 1224 2666 littera
1239 2624 1468 2667 Terentius
1486 2657 1496 2674 ‚
1519 2624 1562 2666 in
1580 2623 1709 2667 Adel-

219 2689 316 2746 phis
332 2704 388 2745 lv,
406 2691 443 2746 1,
464 2691 514 2733 11
533 2692 750 2749 Royitabz't
768 2709 833 2735 me
852 2693 930 2735 nbi
932 2691 1105 2748 fuerim
1122 2725 1134 2746 7
1158 2695 1200 2735 et
1220 2692 1265 2734 in
1287 2692 1460 2749 Hecyra
1475 2706 1517 2748 V,
1534 2692 1573 2747 2,
1591 2692 1618 2734 3
1639 2692 1710 2735 Set

220 2767 265 2800 tu
285 2774 378 2800 cum
399 2767 548 2802 satura
568 2769 692 2817 atque
713 2761 830 2803 ebria
861 2761 950 2814 ἐπ”,
973 2775 1087 2816 puer
1116 2764 1163 2803 ut
1193 2769 1312 2803 satur
1342 2762 1399 2803 sit
1413 2761 1557 2817 facito
1574 2793 1583 2802 .
1607 2761 1707 2804 item

219 2827 266 2869 in
302 2825 518 2870 trochaico
554 2828 671 2884 apud
702 2827 950 2871 Ciceronem
993 2828 1036 2869 in
1067 2829 1407 2871 Tusculanarum
1437 2842 1473 2883 1,
1494 2828 1551 2871 94
1581 2829 1710 2872 Mddo

217 2896 375 2952 puerds
403 2894 526 2938 modo
555 2894 834 2938 adulescentis
855 2927 864 2936 .
895 2894 1047 2938 horum
1078 2909 1210 2938 unum
1240 2901 1306 2939 est
1335 2897 1379 2939 in
1410 2897 1709 2954 monosyllabo

217 2980 354 3020 puer,
386 2967 435 3006 ut
462 2963 569 3006 illud
593 2959 732 3007 Ἀλλὰ
763 2961 866 3007 τεὸν
896 2957 1064 3007 οὔποτε
1093 2960 1243 3018 θυμόν
1273 2964 1516 3020 Praxillae,
1549 2965 1635 3008 duo
1666 2966 1710 3008 in

222 3031 360 3087 prima
378 3031 551 3087 syllaba
578 3031 736 3085 fuerim
762 3048 944 3089 pueros,
968 3045 1106 3088 eaque
1138 3032 1183 3075 in
1204 3050 1232 3075 u
1263 3033 1431 3088 littera,
1455 3046 1567 3088 quae
1599 3034 1710 3077 alias

1383 3103 1409 3144 9
