2040 3328
427 282 509 329 322
1130 280 1165 327 V

542 398 635 441 953.
667 400 902 438 SCRiBANT
924 428 933 437 .
970 395 1065 438 959.
1096 409 1329 436 scmBAN‘r
1350 427 1359 437 .
1389 396 1487 438 Itali
1505 396 1742 451 ‘utrobique
1777 407 1872 437 sct-

428 479 552 506 ΒΑΜ·
569 497 579 507 .
600 468 643 506 at
662 462 975 517 Wakefieldus,
997 465 1165 517 poetam
1193 474 1279 504 non
1307 462 1473 516 patiens
1498 466 1584 505 tam
1612 475 1715 517 pure
1745 475 1871 517 quam

429 532 535 574 solet
563 531 706 585 loqui,
730 530 862 572 altero
891 530 985 572 loco
1015 529 1183 584 scripsit
1210 529 1389 570 scierant
1405 546 1422 570 .*

540 598 633 640 962.
664 610 884 638 LUGEBAT
915 609 1137 638 conronA
1159 627 1168 638 .
1200 594 1438 646 Quadratus
1476 594 1666 638 lucebat.
1695 595 1791 638 Itali
1830 599 1873 638 et

429 664 663 707 Brixiensis
693 663 831 706 editor
859 676 1104 705 insonum:
1122 695 1132 705 .
1693 668 1698 675 ’

541 731 636 774 969.
666 731 761 773 970.
792 731 1191 776 SAETIGERISQUE
1219 741 1371 769 PARES
1410 741 1556 769 sunus
1587 741 1871 770 suvns'rnn

428 812 626 840 MEMBRA
647 798 920 839 NUDABANT
941 811 1155 852 TERRAE,
1177 807 1431 837 NOCTURNO
1453 807 1675 835 TEMPORE
1705 809 1845 837 cAP'rl
1862 828 1871 837 .

427 867 506 908 Hic
549 864 691 907 omnia
732 865 840 907 mira
874 869 971 907 sunt
992 897 1001 906 .
1031 863 1209 918 primum
1255 863 1350 905 Itali
1371 895 1381 917 ,
1412 875 1466 904 ne
1501 874 1646 904 versus
1684 862 1872 915 labaret,

428 933 685 987 scripserunt
714 933 856 973 suibus
873 963 882 973 .
905 934 949 972 at
968 934 1095 985 poeta
1114 930 1157 971 in
1178 944 1233 984 vr,
1251 929 1333 972 974
1348 929 1427 971 977
1459 929 1520 970 ita
1539 941 1625 970 non
1646 927 1776 982 dixit,
1798 928 1873 971 sed

428 1000 554 1041 subus
587 1001 766 1052 utraque
795 998 940 1040 brevi.
964 1009 1035 1038 cur
1070 996 1194 1050 igitur
1224 996 1290 1038 hic
1325 1007 1409 1037 non
1439 995 1605 1049 scripsit
1633 990 1874 1051 Sdetejqcris-

431 1081 508 1121 que
537 1065 661 1107 subus
690 1064 879 1106 similes?
898 1062 998 1116 quia
1025 1066 1115 1105 tota
1140 1062 1245 1105 haec
1274 1062 1488 1104 hominum
1508 1075 1600 1104 cum
1629 1061 1774 1104 suibus
1795 1061 1876 1103 col-

426 1132 530 1174 latio
561 1131 707 1186 inepta
736 1135 825 1173 est.
847 1129 1071 1172 considera
1100 1130 1210 1172 enim
1245 1129 1354 1181 hanc
1382 1141 1625 1184 perversam
1653 1128 1876 1170 sententia-

428 1213 517 1240 rum
564 1209 809 1252 compagem
833 1229 840 1237 .
872 1195 999 1238 ‘feras
1044 1197 1207 1239 multas’
1246 1196 1380 1250 inquit
1419 1194 1658 1237 ‘vincebant
1678 1227 1687 1248 ,
1717 1207 1876 1250 paucas

426 1264 601 1308 latebris
631 1263 762 1306 abditi
784 1263 976 1306 vitabant
997 1295 1006 1318 ,
1038 1267 1079 1305 et
1099 1263 1320 1317 saetigeris
1341 1262 1486 1304 suibus
1515 1274 1641 1316 pares
1670 1261 1784 1303 humi
1805 1260 1876 1303 ab·

427 1333 523 1375 iecti
543 1330 762 1374 nudabant
781 1329 969 1372 membra
984 1330 1006 1371 .’
1029 1330 1241 1372 viridabant
1260 1342 1361 1372 vero
1376 1328 1399 1370 ‘?
1419 1328 1488 1382 qui
1510 1341 1562 1370 ne
1585 1328 1766 1383 pellibus
1786 1327 1876 1381 qui-

429 1401 524 1443 dem
544 1402 759 1441 uterentur
777 1429 785 1438 .
807 1396 883 1438 sed
903 1396 984 1439 hoc
1008 1397 1314 1439 incommodum
1334 1395 1562 1438 Lambinus
1588 1395 1746 1437 levavit
1765 1397 1876 1436 reete

428 1465 650 1510 scribendo
679 1464 887 1506 silvestria
914 1464 1095 1506 membra
1114 1463 1242 1505 Nuda
1261 1475 1455 1504 DABANT
1477 1470 1610 1504 terrae
1627 1493 1636 1502 .
1658 1465 1798 1503 manet
1815 1464 1877 1502 ta-

427 1547 524 1576 men
553 1533 621 1576 vel
651 1532 712 1574 sic
741 1529 845 1572 illud
875 1530 1066 1572 obtusum
1104 1534 1145 1572 et
1177 1529 1419 1584 plumbeum
1449 1528 1650 1582 acumen,
1673 1521 1785 1581 quod
1814 1530 1878 1570 est

427 1601 471 1642 in
500 1598 738 1642 hominibus
759 1610 851 1639 cum
881 1596 1024 1639 suibus
1046 1596 1367 1651 comparandis.
1393 1608 1494 1649 ergo
1523 1595 1568 1636 in
1587 1593 1762 1636 latebris
1789 1593 1875 1648 illi,

429 1668 531 1710 feris
562 1678 667 1720 quas
697 1665 936 1707 vitaverant
966 1663 1046 1718 ipsi
1072 1664 1258 1716 similes,
1281 1663 1382 1704 nudi
1413 1661 1784 1716 prosternebantur
1801 1692 1810 1701 .
1830 1663 1878 1702 ut

427 1735 633 1786 laterent,
654 1735 754 1787 puto
774 1763 782 1772 .
804 1731 930 1772 immo
951 1739 1146 1772 nocturno
1177 1739 1353 1785 tempore
1382 1730 1498 1784 capti
1508 1744 1521 1770 .·
1541 1728 1620 1770 hoc
1649 1727 1759 1770 enim
1789 1726 1877 1769 adi-

429 1800 533 1842 citur
551 1832 559 1841 .
582 1803 709 1853 atque
729 1798 878 1840 eadem
898 1800 1020 1840 nocte
1034 1796 1097 1838 illi
1123 1798 1265 1838 suibus
1280 1812 1406 1852 pares
1427 1795 1551 1837 domo
1573 1806 1704 1836 saxea
1724 1793 1876 1836 eiciun-

428 1871 494 1909 tur
514 1866 756 1922 Spumzyeri
772 1866 860 1906 suis
885 1863 1062 1906 adventu
1082 1862 1262 1906 valz'dive
1291 1863 1419 1905 leonis
1436 1894 1444 1903 .
1467 1875 1548 1903 non
1578 1861 1712 1916 potuit
1740 1861 1876 1903 bonus

429 1938 470 1976 et
490 1934 534 1975 in
554 1937 644 1975 arte
664 1931 872 1986 perfectus
888 1933 1016 1985 poeta
1030 1930 1135 1972 haec
1149 1933 1233 1972 tam
1251 1930 1375 1972 stulte
1391 1929 1646 1981 coniungere
1662 1959 1672 1969 .
1694 1928 1801 1970 ‘raro
1817 1928 1876 1969 la-

427 2000 555 2043 tebris
575 1998 766 2042 vitabant
786 1998 927 2050 feras,
950 2001 991 2039 et
1020 1997 1166 2039 suibus
1187 1996 1346 2039 similes
1375 1995 1476 2037 nudi
1506 1998 1547 2038 et
1566 1993 1787 2036 frondibus
1815 1994 1876 2035 in-

427 2067 560 2110 voluti
589 2066 786 2108 iacebant
815 2069 936 2107 noete
967 2064 1075 2119 capti
1093 2096 1103 2118 ,
1126 2071 1255 2119 saepe
1284 2067 1423 2106 tamen
1445 2062 1531 2104 suis
1551 2065 1623 2103 aut
1646 2061 1781 2104 leonis
1804 2059 1876 2102 ad-

427 2137 555 2176 ventu
599 2133 738 2175 saxeis
776 2131 896 2174 tectis
937 2130 1140 2173 excedere
1176 2130 1432 2183 cogebantur
1452 2130 1474 2171 .’
1507 2129 1590 2171 iam
1628 2141 1730 2171 vero
1773 2126 1876 2168 illud

427 2201 552 2242 subus
577 2215 704 2255 pares
734 2199 817 2240 alio
838 2197 996 2240 referre
1024 2201 1300 2251 temptemus,
1323 2197 1480 2239 scilicet
1510 2195 1565 2238 ad
1592 2196 1703 2238 vires
1734 2198 1775 2236 et
1794 2193 1878 2235 for-

428 2266 647 2309 titudinem
669 2265 896 2320 primorum
919 2263 1156 2306 mortalium
1175 2278 1183 2305 :
1205 2264 1346 2305 statim
1368 2264 1510 2305 omnia
1533 2261 1764 2304 rectissime
1783 2273 1877 2316 pro-

429 2333 579 2376 cedent
609 2333 686 2374 hoc
706 2331 831 2374 modo
849 2362 858 2372 .
880 2330 1044 2372 ‘multas
1066 2330 1179 2372 feras
1206 2330 1457 2384 vincebant,
1479 2341 1638 2384 paucas
1659 2328 1875 2382 vitabant,

429 2413 520 2443 cum
550 2413 605 2442 ne
633 2399 855 2452 saetigeris
877 2397 1021 2440 suibus
1044 2396 1212 2450 quidem
1243 2406 1279 2439 et
1300 2397 1481 2439 leonibus
1502 2396 1685 2450 impares
1707 2398 1848 2436 essent
1866 2425 1876 2436 .

429 2481 521 2509 cum
551 2475 684 2508 autem
714 2478 800 2519 nox
819 2464 1069 2518 ingruebat,
1091 2464 1136 2505 in
1165 2465 1279 2506 cavis
1299 2463 1399 2504 nudi
1429 2461 1783 2517 procumbebant,
1806 2460 1878 2502 do-

427 2546 506 2576 nec
535 2533 622 2575 suis
643 2536 715 2574 aut
733 2530 868 2574 leonis
889 2533 1002 2571 metu
1023 2533 1330 2572 exterrerentur
1351 2529 1543 2572 cavernis
1564 2532 1606 2571 et
1630 2527 1836 2570 cubilibus
1852 2531 1876 2568 .’

430 2601 559 2655 haec,
582 2600 752 2654 inquam
772 2631 781 2652 ,
803 2598 911 2639 bene
930 2596 1187 2651 procedunt,
1208 2596 1283 2639 sed
1304 2600 1480 2651 apparet
1509 2595 1742 2638 orationem
1763 2607 1878 2636 man-

429 2681 520 2710 cam
550 2679 672 2709 esse:
695 2665 847 2707 desunt
876 2664 988 2706 enim
1024 2676 1075 2705 ea
1104 2675 1213 2717 quae
1241 2663 1325 2705 alio
1363 2663 1594 2718 scripturae
1624 2674 1779 2716 genere
1807 2673 1878 2702 no-

428 2734 542 2788 tavi,
574 2742 610 2775 et
639 2732 845 2785 leonibus,
874 2729 1020 2773 deinde
1050 2739 1183 2772 autem
1221 2731 1266 2772 in
1300 2731 1511 2772 cavernis.
1541 2741 1667 2793 porro
1697 2740 1878 2782 quonam

428 2802 471 2842 in
501 2801 595 2842 loco
626 2799 731 2841 haec
761 2798 948 2840 carmina
986 2797 1183 2838 damnum
1219 2796 1394 2839 fecerint
1430 2796 1614 2838 ostendit
1649 2795 1722 2837 ille
1750 2794 1875 2836 unius

429 2867 622 2922 syllabae
652 2864 840 2907 defectus
869 2867 965 2919 post
987 2879 1114 2920 pares
1143 2864 1292 2905 subus.
1315 2875 1453 2917 neque
1481 2874 1581 2906 vero
1613 2861 1731 2904 deest
1760 2858 1876 2902 aliud

427 2932 755 2988 perturbationis
785 2931 984 2973 indicium
1007 2945 1016 2972 ε
1047 2943 1142 2972 nam
1184 2934 1280 2985 post
1315 2942 1389 2972 sex
1425 2941 1572 2972 versus
1608 2928 1701 2970 loco
1737 2926 1875 2968 alieno

428 3000 624 3052 leguntur
654 2998 784 3050 haec,
