2040 3328
937 259 975 302 V
1615 257 1696 301 301

213 394 324 422 cem.
347 376 419 420 ubi
448 374 768 419 Hildebrandus
805 373 925 417 dedit
958 374 1114 416 iactam
1130 405 1141 428 ‚
1162 371 1230 415 ‘ex
1260 371 1432 428 optimis
1463 370 1695 413 codicibus'

212 445 374 501 inquit,
401 444 518 500 ‘quia
548 443 776 499 Apuleium
811 441 1044 486 videndum
1085 445 1151 484 est
1190 440 1434 483 memoriter
1464 439 1576 482 hunc
1605 452 1698 483 ver-

211 527 307 556 sum
343 513 547 556 recitasse
565 512 586 554 .'
618 515 664 554 at
694 511 901 567 Apuleius
933 510 1178 552 memoriter
1214 509 1386 564 scripsit
1414 509 1571 563 iactat,
1603 521 1709 550 cum.

211 581 339 624 modo
365 581 580 637 posuisset
609 589 816 637 usurpat.-
836 577 1068 622 videndum
1099 581 1164 620 est
1194 581 1338 620 autem
1368 589 1422 619 ne
1444 575 1698 620 Hildebran-

212 649 292 693 dus
320 649 392 692 hic
419 653 466 692 ut
495 649 605 692 solet
634 647 840 704 ineptiat,

323 718 421 761 580.
454 718 592 760 Anne
622 731 714 758 PER
742 729 973 758 nummu.
1002 715 1227 759 Corrector
1259 713 1434 767 oblongi
1464 714 1603 756 AERA
1622 747 1631 756 .
1654 714 1698 756 in

211 786 364 830 eodem
384 786 562 844 speciem
591 785 855 840 quadratus,
878 788 920 827 et
949 783 1163 838 oblongus
1185 781 1323 838 prima
1353 794 1483 824 manu
1503 782 1696 825 videtur.

324 854 422 898 581.
455 854 602 906 QUAM
630 867 683 894 m
712 868 863 895 mmm
881 886 891 896 .
920 852 1017 895 Itali
1047 852 1267 894 minimum
1285 882 1294 892 .
1322 850 1541 892 Bentleius
1578 863 1697 905 pror—

209 935 284 966 sus
328 923 506 977 egregie
540 937 711 978 mmm,
739 921 855 977 quod
896 920 1071 977 Epicuri
1116 918 1261 962 verbis
1308 917 1556 972 confirmat,
1586 931 1698 972 quae

211 991 430 1046 Diogenes
460 990 638 1047 protulit
666 990 711 1033 in
730 1005 772 1042 x,
789 991 871 1044 91,
899 986 939 1032 εἶ
967 985 1050 1046 γάρ
1082 1002 1194 1046 φησι
1222 986 1274 1030 τὸ
1306 986 1503 1043 μέγεθος
1533 984 1613 1033 διὰ
1643 985 1695 1030 τὸ

210 1055 435 1116 διάστημα
472 1054 777 1117 ἀποβεβλήκει
797 1092 808 1111 ,
842 1058 999 1117 πολλῷ
1037 1052 1091 1100 ἂν
1127 1056 1298 1110 μᾶλλον
1335 1054 1415 1114 τὴν
1448 1051 1586 1113 χρόαν
1609 1089 1617 1097 .
1653 1056 1696 1098 in

210 1127 365 1182 quibus
397 1123 536 1186 χρόαν
571 1132 685 1171 recte
721 1128 1023 1183 interpretatur
1060 1126 1245 1169 colorem
1263 1159 1273 1179 ,
1304 1125 1384 1168 hoc
1420 1130 1486 1168 est
1522 1124 1697 1181 superfi-

210 1196 321 1239 ciem·
351 1200 394 1239 et
422 1201 636 1240 extremas
667 1209 766 1239 oras
785 1228 795 1238 .

323 1265 420 1308 584.
469 1264 676 1317 QUANTO
722 1268 923 1311 Quoot'Jn
969 1277 1227 1310 Quium-Asi·
1272 1276 1387 1303 msc
1433 1275 1577 1304 NOBIS
1624 1276 1696 1302 VI-

208 1347 407 1375 DEATUR
437 1348 484 1374 m
514 1347 641 1375 An'ro
672 1366 681 1376 .
721 1333 818 1376 596.
851 1333 1061 1385 QUANTA
1093 1345 1356 1378 QUOQUEST
1389 1344 1549 1372 TANTA
1579 1344 1696 1371 msc

206 1414 355 1443 noms
391 1416 613 1444 vmnrmz
649 1416 696 1443 m
732 1415 858 1443 ALTO
888 1433 897 1443 .
931 1400 1174 1452 Quadratus
1211 1400 1255 1442 in
1294 1412 1423 1443 versu
1458 1399 1543 1442 596
1579 1400 1698 1442 nobis

206 1469 368 1513 viditur
385 1503 395 1513 .
418 1470 541 1513 huius
563 1473 776 1513 corrector
804 1482 974 1512 versum
1005 1469 1090 1513 594
1109 1469 1192 1512 595
1208 1469 1292 1511 596
1323 1468 1366 1510 in
1398 1468 1593 1522 margine
1624 1481 1696 1509 no-

207 1539 340 1582 tavit:
370 1539 520 1582 horum
556 1543 818 1594 postremum
854 1538 1016 1593 primus
1047 1537 1293 1592 Naugerius
1331 1535 1518 1591 delevit,
1547 1549 1697 1580 verum

207 1606 403 1651 ordinem
433 1607 641 1650 Marullus
671 1607 758 1649 iam
789 1606 982 1649 viderat.
1005 1606 1082 1649 sed
1112 1619 1285 1650 versum
1305 1604 1391 1648 584
1421 1617 1517 1647 cum
1538 1605 1695 1648 Wake-

205 1673 357 1718 fieldus
377 1675 696 1731 imperitissime
717 1675 778 1716 ita
798 1675 1059 1730 corrupisset
1080 1675 1247 1726 Quanta
1263 1691 1425 1731 quoque
1442 1683 1501 1716 est
1516 1683 1694 1731 quanta,

205 1744 301 1786 hinc
332 1744 450 1786 nobis
469 1743 663 1786 videatur
689 1744 735 1785 in
767 1743 850 1785 alto
863 1776 874 1797 ‚
898 1743 1200 1799 Eichstadius,
1224 1742 1339 1798 quod
1362 1755 1509 1784 omnes
1531 1741 1694 1785 fefelle-

205 1815 298 1867 rat,
320 1824 468 1855 verum
486 1812 602 1855 solus
618 1812 809 1867 invenit,
834 1811 1146 1863 QUANTAQUE
1168 1821 1326 1869 quanta
1344 1821 1402 1854 est
1417 1828 1431 1866 ,·
1452 1824 1539 1866 qua
1555 1823 1695 1854 emen-

205 1879 379 1923 datione
411 1879 553 1923 effecit
582 1886 627 1923 ut
656 1880 726 1922 hic
757 1881 888 1923 semel
920 1880 1050 1923 valde
1081 1880 1324 1923 laudandus
1357 1880 1437 1922 sit.

317 1949 414 1992 586.
448 1962 573 1996 Quos
604 1962 804 1995 CUMQUE
842 1963 890 1989 IN
921 1963 1095 1989 TERRIS
1127 1963 1405 2003 CERNIMUS,
1437 1949 1549 1990 DUM
1580 1963 1694 1989 TRE-

203 2029 306 2058 Mon
336 2031 526 2058 CLARUS
546 2049 553 2058 .
577 2017 788 2059 Antonius
820 2016 942 2058 Marii
974 2018 1090 2060 Dum
1121 2026 1274 2060 tremor
1303 2031 1391 2058 Esr
1423 2017 1566 2060 clarus
1583 2051 1593 2071 ‚
1617 2017 1694 2060 sed

204 2084 319 2127 idem
340 2085 526 2140 pessime
547 2086 755 2127 cernimus
776 2085 921 2127 horum
940 2101 952 2126 :
973 2098 1110 2140 neque
1132 2086 1284 2128 melius
1310 2085 1518 2128 Marullus
1536 2119 1545 2141 ,
1569 2099 1694 2140 quem

204 2156 349 2196 tamen
372 2166 518 2196 omnes
540 2157 767 2208 secuntur,
795 2154 1004 2195 cernimus
1025 2154 1143 2210 iynes
1171 2154 1214 2196 in
1237 2155 1380 2210 priore
1402 2167 1555 2210 versu⁷
1583 2158 1629 2195 ut
1650 2154 1693 2196 in

203 2221 400 2276 proximo
423 2225 522 2264 ante
543 2234 638 2264 eum
666 2222 845 2264 aetheris
867 2222 986 2277 zjqnes
999 2255 1011 2276 ,
1034 2222 1286 2278 repetitione
1314 2223 1462 2279 inepta
1481 2258 1486 2267 .
1511 2236 1595 2265 non
1618 2222 1692 2265 du-

203 2289 292 2332 bito
323 2290 426 2345 quin
457 2289 731 2332 scribendum
761 2290 817 2332 sit
838 2302 1070 2330 FLAMMAE
1099 2291 1214 2334 Dum
1246 2300 1398 2334 tremor
1432 2300 1491 2334 est
1521 2292 1664 2334 clarus
1682 2324 1691 2333 .

317 2358 414 2401 589.
448 2372 546 2405 Quo
575 2372 788 2400 romnus
820 2372 994 2400 Asssm.
1026 2359 1259 2402 Lambinus
1290 2360 1454 2415 absint,
1485 2373 1568 2414 quo
1599 2360 1692 2415 ipse

203 2424 296 2468 fieri
315 2439 403 2468 non
424 2427 730 2470 animadvertit
758 2430 804 2469 ut
824 2426 932 2470 haec
957 2427 1092 2470 verba
1121 2427 1178 2470 ad
1199 2427 1323 2482 ignes
1356 2429 1565 2471 caelestes
1586 2428 1693 2471 refe-

203 2493 340 2537 renda
368 2495 479 2550 sint,
502 2508 596 2538 cum
618 2499 762 2538 tamen
784 2498 949 2538 constet
969 2498 1021 2538 e'a
1042 2495 1099 2538 ad
1121 2500 1343 2538 terrestres
1364 2498 1580 2552 pertinere
1599 2530 1607 2538 .
1630 2497 1693 2539 sic

205 2561 317 2604 enim
338 2562 392 2605 de
413 2564 712 2619 magnitudine
742 2563 847 2606 solis
869 2563 1080 2619 Epicurus
1109 2564 1224 2620 apud
1246 2565 1463 2607 Laertium
1486 2566 1530 2608 in
1551 2581 1591 2619 x,
1610 2566 1661 2608 91
1683 2597 1691 2606 .

202 2627 255 2673 τὸ
287 2629 338 2674 δὲ
356 2630 548 2688 μέγεθος
567 2628 699 2689 ἡλίου
727 2648 776 2676 τε
797 2631 871 2676 καὶ
890 2634 978 2675 τῶν
1009 2632 1182 2676 λοιπῶν
1206 2627 1378 2688 ἄστρων
1408 2632 1520 2676 κατὰ
1540 2632 1621 2687 μὲν
1640 2632 1691 2675 τὸ

203 2696 318 2756 πρὸς
338 2694 455 2756 ἡμᾶς
469 2698 731 2757 τηλικοῦτόν
752 2700 871 2745 ἐστιν
887 2697 1042 2758 ἡλίκον
1064 2699 1274 2758 φαίνεται
1298 2697 1430 2757 (ἄλλο
1448 2702 1530 2758 γὰρ
1547 2697 1691 2758 τούτῳ

204 2764 586 2823 συμμετρούμενον
603 2765 827 2826 διάστημα
849 2766 992 2814 οὐθέν
1009 2769 1145 2826 ἔστιν)
1163 2805 1174 2822 ,
1197 2769 1308 2813 κατὰ
1329 2770 1379 2814 δὲ
1399 2769 1450 2813 τὸ
1468 2766 1559 2812 κατ’
1581 2766 1691 2813 αὐτὸ

201 2829 304 2892 ἤτοι
316 2836 468 2890 μεῖζον
483 2838 563 2880 τοῦ
580 2833 807 2894 ὁρωμένου
823 2834 851 2895 ἢ
868 2835 1052 2882 ἔλαττον
1067 2841 1212 2896 μικρῷ
1228 2834 1255 2896 ἢ
1271 2838 1532 2895 τηλικοῦτον
1547 2835 1689 2892 τυχόν·

203 2901 319 2947 οὕτω
335 2904 417 2963 γὰρ
438 2905 514 2949 καὶ
531 2905 587 2949 τὰ
604 2902 708 2964 παρ’
726 2902 831 2964 ἡμῖν
851 2906 971 2964 πυρὰ
989 2906 1037 2958 ἐξ
1057 2903 1375 2965 ἀποστήματος
1395 2904 1691 2965 θεωρούμενα

201 2972 314 3017 κατὰ
327 2973 406 3032 τὴν
425 2971 635 3032 αἴσθησιν
653 2977 914 3034 θεωρεῖται.
934 2989 1037 3031 ergo
1055 2975 1326 3019 scribendum
1344 2981 1408 3020 est
1424 2994 1504 3034 quo
1523 2978 1690 3035 Zonyz'us

202 3056 418 3086 nsum.
441 3047 627 3088 ceterum
658 3045 702 3087 in
732 3044 1024 3101 superioribus
1050 3044 1258 3100 oblongus
1289 3045 1481 3101 videtur,
1504 3045 1688 3101 quadra-
