2040 3328
911 209 946 251 V
1592 205 1673 248 341

309 327 432 370 1266.
494 325 565 368 ΠΤ
598 316 694 366 sm
725 338 850 366 TELA
871 337 1067 366 PARENT
1086 325 1362 368 'SILVASQUE
1393 334 1450 362 m·
1482 333 1676 361 CEDERE

190 409 398 439 Possum·
417 427 427 438 .
448 393 560 437 Ante
597 392 913 436 Wakefieldum
932 426 941 444 ‚
965 393 1036 447 qui
1077 403 1179 433 suos
1215 390 1323 433 haec
1359 388 1563 432 admirari
1602 387 1677 431 do-

191 465 301 520 cuit,
323 462 568 507 scribebant
599 474 694 504 cum
724 460 937 504 Brixiensi
976 463 1018 502 et
1049 458 1231 501 Marullo
1264 458 1455 500 eoecz'dere
1475 490 1484 500 .
1506 455 1677 499 Lambi-

190 546 297 588 nus„
319 532 392 587 qui
415 522 589 574 volebat
609 530 740 572 silvas
762 529 900 586 quibu’
917 527 1089 571 caedere
1105 526 1270 585 possint
1286 559 1297 580 ,
1321 526 1404 568 nisi
1422 525 1573 568 leviter
1595 524 1676 568 fes-

189 601 397 655 tinasset,
420 598 568 642 videre
590 601 759 654 poterat
787 595 1017 651 legendum
1037 607 1132 638 esse
1162 594 1215 636 Ut
1244 595 1333 636 sibi
1348 595 1430 637 tela
1450 607 1674 647 DARENT,

188 668 352 713 scilicet
381 667 463 710 hae
493 679 692 721 massae,
714 665 928 720 silvasque
957 678 1017 706 UT
1047 662 1220 706 caedere
1250 676 1495 704 POSSENT.

308 736 430 779 1267.
461 735 836 780 MxrsumMQm:
873 745 1101 774 DOLARET
1146 745 1342 772 LEVARE
1381 745 1439 771 Ac
1478 743 1675 771 RADERE

190 819 338 847 nom
355 837 364 847 .
387 803 596 846 Marullus
627 802 772 846 dolare
802 810 839 844 et
859 801 993 855 levia,
1015 799 1147 856 paulo
1175 799 1327 842 melius
1359 812 1486 853 quam
1507 799 1676 841 Lambi-

191 889 270 917 nus
288 874 508 916 Materiem
530 873 668 915 levare
689 871 834 914 dolare
851 901 860 910 .
881 868 984 911 mihi
1004 867 1269 924 probabatur
1284 868 1586 923 *Materiemque
1608 866 1676 909 do-

190 945 279 997 &zre
294 976 305 997 ‚
328 958 469 985 secare
500 957 549 983 ac
579 939 730 983 radere
751 939 870 995 tifflza
886 971 897 992 ,
919 950 974 984 ne
995 938 1259 979 omitteretur
1281 935 1395 991 quod
1418 948 1581 978 summe
1603 948 1674 978 ne-

189 1011 423 1055 cessarium
455 1014 544 1064 est,
568 1007 768 1063 quodque
790 1007 939 1050 Cicero
970 1005 1116 1061 posuit
1146 1005 1310 1060 solum,
1333 1017 1427 1046 cum
1460 1003 1567 1046 dixit
1588 1020 1673 1046 ma-

189 1081 296 1123 teria
318 1077 425 1135 quid
442 1079 608 1120 iuvaret
623 1110 634 1131 ‚
656 1078 746 1119 nisi
762 1075 1033 1119 consectionis
1055 1075 1145 1116 eius
1151 1074 1377 1131 fabricam
1398 1072 1676 1114 haberemus?

189 1148 243 1191 de
274 1146 540 1190 divinatione
570 1145 726 1200 1,116.
750 1147 919 1200 poterat
948 1141 1062 1185 idem
1090 1141 1202 1184 effici
1233 1140 1460 1184 scribendo
1491 1156 1675 1196 aequare

188 1233 238 1260 ac
257 1215 409 1259 radere
429 1215 548 1272 tiqna
565 1247 574 1256 .
596 1213 674 1256 sed
697 1212 803 1255 illud
835 1210 1093 1266 exquisitum
1115 1209 1290 1253 levandi
1311 1209 1487 1252 verbum
1510 1208 1674 1250 oblitte-

188 1285 276 1328 rari
297 1297 383 1326 non
406 1282 534 1325 debet
552 1315 561 1336 ,
584 1281 761 1325 dolabra
781 1284 922 1323 autem
944 1279 1013 1322 hic
1034 1279 1162 1322 facile
1179 1291 1373 1321 caremus
1392 1310 1401 1321 .
1424 1290 1555 1332 quare
1573 1276 1673 1318 mihi

190 1352 411 1397 Lucretius
433 1351 494 1393 ita
521 1351 747 1406 scripsisse
770 1348 965 1403 videtur,
988 1348 1203 1404 silvasque
1233 1355 1278 1388 ut
1308 1346 1480 1388 caedere
1506 1355 1675 1402 possent

188 1422 490 1476 Materiemque
510 1433 647 1461 DOMO
665 1452 675 1473 ,
699 1419 837 1461 levare
854 1434 903 1460 ac
924 1417 1075 1459 radere
1092 1417 1211 1472 tiana
1227 1448 1236 1457 .
1260 1414 1379 1458 domo
1396 1413 1527 1456 dandi
1551 1427 1672 1469 casu,

187 1495 232 1534 ut
253 1488 454 1533 Horatius
477 1487 783 1544 Ponendaeque
815 1485 934 1528 domo
965 1484 1209 1542 quaerenda
1240 1492 1298 1526 est
1329 1499 1432 1525 area
1457 1483 1671 1538 primum.

189 1573 268 1603 nec
304 1558 436 1602 multo
473 1555 647 1612 saepius
682 1555 727 1597 in
764 1553 959 1597 versibus
1000 1551 1244 1596 invenietur
1280 1551 1427 1595 domui
1443 1584 1454 1606 ⁷
1485 1564 1569 1606 quo
1606 1551 1674 1593 usi

188 1632 287 1670 sunt
316 1625 496 1670 Ovidius
526 1637 577 1668 ac
607 1623 808 1666 Manilius
826 1656 836 1666 .

306 1694 429 1737 1272.
462 1694 565 1736 Nnc
591 1706 877 1734 POTERANT.
901 1692 1030 1734 Recte
1052 1690 1286 1734 Lambinus
1308 1690 1396 1732 Nec
1417 1702 1672 1731 POTERAT:

189 1764 367 1808 alterum
398 1763 512 1806 enim
543 1761 694 1804 durum
726 1764 816 1804 est.

306 1832 427 1874 1273.
458 1832 571 1875 ΝΛΜ
601 1844 682 1872 rm
719 1844 767 1871 IN
802 1843 983 1870 Panno
1023 1842 1200 1883 MAG1s,
1222 1841 1496 1873 AURUMQUE
1534 1840 1672 1868 IACE-

187 1915 304 1943 BAT.
333 1900 556 1943 Cori-ector
596 1898 772 1953 oblongi
808 1912 923 1940 ruu-
947 1931 955 1939 .
973 1898 1146 1954 praetio
1185 1895 1452 1951 quadratus,
1487 1899 1533 1937 ut
1574 1909 1674 1938 mox

193 1969 299 2012 1277
331 1972 508 2023 uterque
530 1971 572 2011 et
601 1967 646 2010 in
675 1980 804 2010 versu
824 1966 1020 2023 proximo
1048 1965 1259 2019 oblongus
1281 1965 1444 2006 haebeti
1457 1998 1465 2006 .
1489 1977 1577 2005 Ans
1599 1963 1672 2006 ad.-

189 2036 391 2080 diderunt
419 2036 518 2079 Itali
554 2040 596 2079 et
627 2035 864 2078 Brixiensis
884 2068 893 2078 .
915 2035 976 2077 ita
1006 2033 1197 2077 Isidorus
1238 2032 1343 2087 orig.
1366 2047 1453 2088 xv1,
1471 2033 1527 2075 20
1562 2033 1674 2075 inter

189 2105 323 2148 multa
353 2105 441 2148 alia
462 2118 516 2147 ex
538 2104 618 2147 hoe
638 2104 732 2147 loeo
755 2104 885 2147 ducta
906 2113 1075 2160 cratque
1095 2104 1141 2145 in
1157 2103 1295 2159 pretio
1315 2103 1452 2159 magyis
1474 2117 1546 2144 aes
1562 2134 1572 2144 .
1595 2101 1673 2143 sed

189 2174 302 2216 Nam
344 2171 446 2215 ferri
482 2186 568 2215 non
603 2177 744 2229 potest
765 2206 774 2227 ,
804 2171 920 2228 quod
958 2183 1132 2214 causam
1167 2170 1330 2213 indicat
1365 2183 1443 2226 pro
1488 2170 1643 2213 effectu
1662 2201 1671 2211 .

188 2241 428 2285 scribamus
449 2241 606 2296 igitur,
630 2241 746 2296 quod
767 2241 994 2285 Creechius
1026 2240 1071 2282 in
1092 2234 1348 2296 paraphrasi
1370 2239 1540 2295 posuit,
1563 2240 1673 2280 TUM

174 2310 273 2367 fuit
301 2311 348 2353 in
366 2302 510 2367 *pretio
539 2311 676 2367 maqz's
707 2327 777 2353 aes
794 2342 803 2351 .
826 2314 1012 2353 ceterum
1043 2309 1081 2351 si
1104 2308 1291 2352 Lucretii
1321 2307 1467 2364 poesis
1488 2320 1575 2349 non
1603 2320 1673 2350 ex-

189 2383 324 2434 taret,
348 2392 401 2421 ex
422 2378 475 2421 iis
497 2391 608 2433 quae
629 2377 805 2421 Servius
827 2378 969 2422 adfert
989 2378 1046 2420 ad
1068 2377 1174 2420 Aen.
1196 2391 1271 2432 xn,
1289 2376 1341 2419 87
1365 2375 1493 2418 facile
1515 2375 1674 2431 aliquis

189 2451 360 2503 poetam
390 2447 445 2490 de
475 2447 683 2490 orichalco
714 2451 812 2502 post
842 2459 916 2492 aes
953 2447 1128 2489 invento
1161 2445 1324 2488 dixisse
1355 2444 1673 2500 suspicaretur:

189 2528 301 2558 nunc
329 2515 525 2558 videmus
557 2528 654 2558 eum
685 2516 754 2558 hic
788 2528 956 2570 quoque
986 2520 1031 2557 ut
1071 2514 1175 2557 alibi
1207 2513 1261 2556 (le
1291 2513 1490 2555 Lucretio
1522 2525 1674 2568 parum

190 2587 388 2626 accurate
433 2583 647 2627 rettulisse
669 2618 679 2640 ,
711 2597 805 2626 cum
850 2597 936 2626 non
981 2587 1069 2626 tam
1114 2582 1372 2626 Lucretiana
1416 2584 1676 2637 proponeret

191 2663 320 2706 quam
363 2664 476 2706 quae
523 2652 569 2694 in
614 2652 928 2695 commentariis
949 2685 959 2707 ,
991 2664 1100 2706 quos
1145 2650 1453 2705 Hieronymum
1503 2662 1675 2703 quoque

190 2721 400 2762 tractasse
437 2719 652 2775 diximus,
674 2720 877 2774 legisset.
900 2733 954 2762 ex
994 2719 1060 2762 his
1099 2723 1212 2762 certe
1247 2718 1444 2773 petitum,
1463 2721 1528 2759 est
1558 2716 1675 2770 quod

191 2787 364 2843 scripsit
393 2787 437 2829 in
475 2786 627 2830 eodem
658 2787 878 2830 Aeneidos
914 2787 1024 2829 libro
1055 2786 1166 2840 419:
1188 2799 1289 2828 nam
1325 2798 1420 2827 cum
1451 2784 1674 2827 Lucretius

188 2871 379 2912 panacas
398 2889 409 2910 ,
439 2859 646 2911 quantum
681 2855 838 2897 scimus
861 2888 871 2906 ‚
898 2855 1032 2897 semel
1067 2869 1123 2910 ιν,
1146 2854 1227 2896 124
1271 2857 1672 2907 commemorasset,

191 2923 265 2966 ille
285 2924 510 2981 Sciendum
531 2932 668 2966 tamen
698 2923 834 2978 inquit
855 2923 1096 2965 Lucretium
1113 2938 1350 2979 panaceam
1372 2922 1524 2978 ubique
1544 2922 1674 2964 salem

192 2992 356 3053 dicere.
380 3005 433 3050 ex
464 2991 615 3035 eodem
646 3004 804 3049 genere
826 3004 922 3036 esse
950 2995 1052 3047 puto
1080 3003 1191 3052 quae
1211 2989 1342 3037 habet
1362 2989 1418 3032 ad
1439 2989 1676 3051 georgicon
