2040 3328
423 217 504 260 258
1113 218 1170 260 IV

423 343 586 371 vorsum
622 327 703 371 ead
733 343 857 383 quam
890 327 934 369 in
978 330 1146 370 senatus
1190 328 1376 371 consulto
1412 329 1464 372 de
1504 329 1860 385 Bacchanalibus,

422 393 497 436 sed
527 395 619 437 sine
648 394 826 451 relativo
843 426 852 435 .

534 462 627 504 818.
658 475 747 502 Nos
778 475 1147 502 SUPPEDITETUR
1168 493 1178 503 .
1207 461 1436 505 Brixiensis
1467 463 1594 506 editio
1624 478 1740 507 Nos.

534 528 628 570 820.
659 527 712 568 IN
740 542 950 568 MANIBUS
981 542 1181 569 VIRTUTI
1209 541 1390 569 FAcTUS
1419 561 1427 569 .
1461 530 1510 571 In
1546 530 1751 583 quadrato
1781 545 1862 572 vm

420 608 502 634 un
536 593 691 636 factum
727 595 918 637 radendo
945 627 954 649 ‚
985 607 1121 648 neque
1150 595 1272 636 aliter
1302 595 1398 636 Itali
1428 600 1468 638 et
1496 596 1696 640 Marullus
1723 629 1732 639 .
1763 597 1861 639 olim

421 659 521 702 editi
551 662 616 702 vir
643 669 714 702 tun
744 666 785 703 et
813 663 877 703 vz'r
906 671 1027 715 tune,
1057 675 1161 715 quos
1191 661 1397 704 Avantius
1427 666 1592 716 secutus
1619 667 1708 706 est.

533 727 626 769 826.
673 727 813 778 QUOD
856 743 912 768 NE
955 743 1172 769 MIREMUR
1199 760 1208 770 .
1241 728 1372 770 Huius
1409 741 1555 771 versus
1594 742 1696 771 vera
1737 731 1860 772 sedes

420 805 529 846 quae
564 797 676 835 esset
711 798 917 836 corrector
953 795 1146 848 quadrati
1182 795 1398 838 annotavit
1423 826 1432 835 .
1464 795 1665 837 Marullus
1698 809 1861 850 quoque

418 859 551 902 vidit.

532 925 625 968 822.
664 927 813 968 ILLuD
851 942 899 967 IN
933 942 1009 968 ms
1045 942 1195 968 REBUS
1225 937 1398 968 v'1T1UM
1435 941 1758 968 vEHEMENTnR
1791 942 1861 968 m-

419 1007 533 1034 essa
565 993 825 1034 EFFUGERE
848 1026 856 1047 ,
879 1007 1071 1034 ERRORE
1100 1009 1425 1039 MULTAREQUE
1455 1008 1860 1036 PREMETUENTER.

420 1059 659 1110 Quadratus
674 1060 794 1101 Illud
811 1061 927 1101 i‘mtz's
949 1062 1069 1102 rebus
1085 1063 1235 1103 vicium
1250 1061 1489 1114 ‚oblongus
1505 1070 1862 1116 praemetuemwr.

419 1126 627 1167 Antonius
657 1125 779 1168 Marii
810 1143 946 1169 errore
975 1144 1059 1169 ‘mut
1051 1129 1125 1169 ’τας
1156 1145 1232 1183 que
1255 1127 1609 1183 premesztentur
1638 1141 1861 1168 ERROREM

421 1206 699 1238 vlTAREQUE
731 1192 881 1234 eximie
911 1198 1119 1235 corrector
1138 1195 1332 1248 quadrati
1354 1199 1394 1236 et
1414 1194 1650 1238 Avantius.
1675 1210 1861 1250 praeme-

420 1267 575 1301 menter
594 1263 705 1301 recte
725 1263 863 1302 tuetur
885 1259 1122 1302 Gronovius
1149 1263 1191 1302 in
1214 1262 1551 1304 observationum
1572 1276 1631 1315 111,
1648 1261 1674 1303 5
1695 1274 1734 1315 p.
1750 1260 1833 1303 463
1852 1275 1861 1302 t

419 1326 494 1368 sed
514 1325 625 1368 idem
648 1358 657 1381 ,
688 1326 801 1380 quod
822 1327 1001 1368 orationi
1027 1328 1213 1370 membra
1238 1342 1315 1370 sua
1334 1328 1519 1370 nondum
1539 1331 1731 1369 constant
1749 1327 1861 1380 (quis

418 1393 528 1435 enim
549 1406 640 1435 cum
661 1392 925 1435 Wakefieldo
947 1392 1060 1435 dicat
1078 1395 1209 1436 inesse
1230 1396 1283 1437 ab
1304 1397 1469 1437 interest
1497 1407 1583 1435 non
1610 1394 1778 1436 differre
1793 1393 1834 1446 ?)
1849 1425 1860 1446 ‚

417 1461 613 1514 probavit
640 1462 889 1503 vehementer
918 1461 1044 1501 inesto
1063 1493 1074 1513 ,
1101 1460 1144 1501 id
1175 1466 1268 1515 est,
1289 1462 1455 1516 inquit,
1477 1461 1555 1502 hoc
1583 1460 1658 1502 tibi
1685 1459 1863 1502 inculca-

416 1531 503 1569 tum
523 1560 533 1580 ‚
555 1528 633 1570 hoc
662 1527 834 1569 infixum
864 1527 948 1568 sit.
977 1526 1052 1568 sed
1083 1527 1161 1569 hoc
1188 1530 1315 1571 inesto
1346 1529 1424 1570 tibi
1448 1529 1622 1585 effuqere
1642 1539 1790 1569 vereor
1818 1529 1863 1568 ut

418 1594 567 1637 Latine
603 1594 684 1636 dici
720 1594 882 1648 possit,
914 1597 954 1635 et
984 1594 1223 1636 Gronovius
1258 1595 1301 1636 id
1330 1594 1496 1636 Marulli
1525 1595 1740 1636 inventum
1769 1605 1862 1635 esse

417 1661 672 1714 ignorabat,
695 1661 765 1714 qui
795 1660 885 1714 ipse
915 1660 1015 1713 quid
1045 1661 1229 1703 sentiens
1258 1662 1319 1703 ita
1345 1661 1560 1715 scripserit
1587 1673 1671 1702 non
1691 1672 1861 1714 possum

417 1732 529 1770 certo
567 1726 705 1769 dicere
734 1742 742 1768 :
775 1726 873 1769 fecit
909 1727 1019 1769 enim
1050 1728 1245 1783 Effuycre
1282 1744 1418 1770 errore
1455 1728 1622 1769 illorum
1657 1727 1734 1782 qui
1764 1727 1861 1767 haec

412 1794 769 1849 praemeditantur
794 1825 804 1835 .
834 1794 918 1835 iam
948 1794 983 1835 si
1014 1795 1252 1846 quaerimus
1282 1794 1325 1835 id
1355 1794 1468 1847 quod
1499 1793 1678 1835 omnium
1709 1793 1862 1846 simpli-

416 1860 628 1902 cissimum
649 1865 712 1902 est
733 1893 742 1913 ,
765 1860 820 1902 ad
846 1860 1135 1914 complendam
1165 1861 1412 1902 sententiam
1442 1860 1547 1902 nihil
1576 1859 1863 1901 accommoda-

415 1927 498 1968 tius
533 1927 767 1970 invenietur
803 1939 930 1980 quam
967 1936 1120 1982 oportet
1147 1959 1155 1968 .
1186 1927 1265 1969 hoc
1302 1932 1441 1969 tamen
1475 1940 1618 1968 verum
1649 1938 1742 1968 esse
1778 1938 1863 1967 non

416 1997 580 2048 potest,
604 1994 705 2048 quia
729 1994 966 2035 Lucretium
997 1989 1050 2035 ab
1081 1994 1158 2035 hoc
1187 1994 1315 2036 verbo
1346 2007 1431 2035 non
1461 1995 1551 2036 sine
1581 2006 1709 2035 causa
1737 1993 1864 2035 absti-

417 2060 560 2103 nuisse
582 2061 958 2103 demonstravimus
980 2060 1034 2102 ad
1055 2061 1208 2102 librum
1228 2075 1254 2114 1,
1274 2061 1353 2102 778
1375 2095 1384 2104 .
1407 2073 1518 2102 nunc
1537 2068 1756 2113 necessest,
1778 2072 1861 2114 quo

415 2131 542 2181 poeta
571 2129 627 2170 uti
658 2128 794 2181 solet,
821 2128 874 2169 ab
905 2129 1036 2169 inesse
1065 2132 1149 2169 tam
1179 2128 1324 2182 paucis
1353 2127 1502 2169 litteris
1533 2127 1690 2181 distat,
1715 2130 1761 2168 ut
1789 2126 1862 2168 vix

416 2194 615 2237 credibile
651 2195 704 2237 sit
739 2194 856 2236 aliud
895 2195 1117 2247 quicquam
1152 2194 1219 2236 hic
1255 2196 1385 2236 latere
1412 2227 1422 2237 .
1459 2198 1502 2235 at
1531 2193 1574 2235 id
1603 2206 1748 2236 versus
1777 2206 1862 2235 non

414 2262 600 2316 patitur.
628 2261 709 2307 sed?
732 2262 943 2316 patietur,
973 2262 1008 2303 si
1038 2261 1143 2302 illud
1172 2262 1292 2303 rebus
1321 2261 1363 2301 in
1392 2260 1515 2302 finem
1545 2272 1690 2302 versus
1720 2259 1861 2302 reicie-

414 2341 506 2371 mus
525 2361 534 2383 ,
563 2342 654 2371 cum
673 2328 871 2370 librarios
891 2328 1098 2370 formulae
1117 2328 1394 2370 Lucretianae
1414 2327 1499 2368 iam
1519 2327 1642 2368 nimis
1663 2325 1860 2368 adsuetos

414 2395 481 2437 hic
500 2408 667 2450 quoque
686 2395 807 2436 Illud
824 2396 869 2436 in
889 2396 953 2436 his
972 2396 1092 2436 rebus
1113 2395 1379 2436 continuasse
1400 2406 1483 2434 non
1513 2394 1567 2435 sit
1596 2392 1833 2434 mirandum
1849 2425 1859 2435 .

413 2462 644 2504 scribemus
673 2462 799 2515 igitur
826 2461 946 2502 Illud
973 2462 1018 2502 in
1046 2462 1110 2503 his
1130 2463 1273 2503 vitium
1293 2470 1491 2503 vementer
1521 2459 1660 2500 RnBu’
1689 2472 1861 2500 NECES-

414 2542 526 2570 sns'r
551 2529 747 2585 Effuqere
769 2560 778 2570 .
804 2528 867 2568 his
898 2528 1152 2569 simillimum
1184 2531 1246 2569 est
1273 2527 1317 2568 in
1346 2541 1388 2580 11,
1410 2526 1490 2568 581
1511 2526 1630 2568 Illud
1647 2527 1692 2568 in
1712 2527 1777 2568 his
1796 2526 1859 2567 ob-

412 2597 620 2652 szynatum
655 2611 814 2651 quoque
851 2585 972 2636 rebus
1005 2595 1151 2636 habere
1181 2594 1374 2636 Convenit
1398 2626 1409 2646 ‚
1440 2606 1578 2647 neque
1608 2593 1712 2635 haec
1742 2592 1861 2634 dissi-

412 2663 555 2717 milia,
577 2662 620 2704 in
642 2661 790 2703 eodem
810 2662 891 2702 216
921 2660 1040 2702 Illud
1065 2662 1110 2702 in
1139 2661 1203 2702 his
1233 2676 1390 2716 quoque
1420 2669 1455 2702 te
1483 2661 1604 2702 rebus
1623 2674 1860 2715 coqnoscere

412 2745 603 2783 avemus,
622 2733 662 2771 et
681 2729 760 2771 891
777 2728 935 2770 Illud
914 2744 959 2770 ‘m
979 2728 1043 2769 his
1063 2729 1192 2782 zqitur
1206 2728 1326 2769 rebus
1341 2728 1571 2769 memmisse
1587 2726 1763 2767 decebcc.
1785 2723 1860 2766 sed

410 2796 455 2837 in
494 2796 573 2838 hoc
607 2796 699 2838 loco
730 2795 861 2838 verba
895 2794 1126 2836 restituisse
1160 2807 1244 2835 non
1279 2794 1469 2836 sufficit:
1498 2794 1625 2848 longe
1655 2792 1766 2834 enim
1794 2791 1859 2832 hic

412 2861 622 2905 difficilius
653 2866 716 2904 est
745 2875 881 2904 rerum
913 2861 1102 2903 ordinem
1132 2865 1172 2902 et
1201 2860 1463 2902 tractationis
1493 2860 1715 2902 universae
1734 2857 1857 2899 ratio-

410 2941 505 2970 nem
543 2929 812 2983 perspicere.
844 2941 942 2969 nam
972 2932 1097 2982 poeta
1126 2928 1306 2982 primum
1336 2926 1570 2968 simulacris
1596 2937 1744 2967 sensus
1774 2936 1858 2964 mo-
