2040 3328
437 195 520 236 362
761 204 763 206 ’
1130 197 1186 237 VI

549 307 645 348 226.
675 319 875 346 MINUTIS
919 319 1262 352 MONTmUSQUE
1308 307 1645 350 Conpomnus.
1674 309 1743 350 Sic
1785 309 1878 350 libri

439 378 602 415 veteres
645 376 686 413 et
722 372 976 414 Veronensis
1017 372 1171 414 editio.
1194 373 1393 415 Marullus
1433 375 1650 417 verissime
1685 388 1879 416 Momm-

438 453 649 484 BusQUE.
674 439 878 480 Antonius
899 438 1019 480 Marii
1051 443 1092 480 et
1122 439 1348 481 Brixiensis
1379 440 1512 483 editor
1540 441 1680 495 inepte
1708 442 1880 484 motibus

438 515 558 560 atque
575 521 587 546 .·
607 505 649 546 id
680 505 970 548 Wakefieldus
999 506 1151 560 probat
1180 518 1272 547 cum
1301 507 1473 548 asseclis
1503 507 1616 548 suis.

551 572 644 613 228.
693 572 788 614 229.
838 573 1050 612 TRANSIT
1106 586 1221 612 ENIM
1277 587 1493 614 VALIDUM
1546 587 1735 614 FULMEN
1789 588 1879 615 PER

439 653 587 679 ssrTA
616 652 888 693 pomorum,
921 639 1119 682 CLAMOR
1154 653 1212 679 nr
1250 653 1308 695 Ae
1344 653 1527 694 vocas,
1560 653 1761 682 rnnzsrr
1789 655 1880 682 sz

439 719 725 760 SASCA,PER
761 720 913 748 ΔΕΚΑ.
936 705 1153 758 oblongus
1189 707 1264 747 hac
1298 722 1438 750 voces..
1459 723 1534 762 per
1571 720 1692 748 SAXA
1724 720 1880 750 correc-

439 777 502 814 tor
540 772 736 827 quadrati
778 777 818 815 et
854 773 977 814 Itali.
1000 772 1145 813 horum
1181 772 1295 826 prior
1331 786 1429 827 pars
1468 774 1509 814 in
1545 774 1679 828 primo
1717 787 1880 828 quoque

438 840 545 881 libro
567 840 718 893 legitur
739 840 797 881 ita
816 839 897 881 489
915 871 924 893 ,
951 840 1118 880 Transit
1139 840 1412 895 em'mflumen
1433 839 1541 880 caeli
1552 855 1630 894 per
1649 849 1792 896 saepta
1812 840 1879 882 do-

438 922 595 947 morum
611 938 622 959 ‚
645 906 809 947 Clamor
838 914 882 946 ut
917 905 974 946 ad
1009 921 1122 962 vpces
1138 922 1151 959 ;
1172 906 1244 947 ubi
1274 905 1538 947 scribendum
1573 919 1666 949 esse
1700 906 1880 949 vidimus

442 973 610 1014 Transit
639 973 746 1014 enim
761 972 931 1027 fulmen
957 973 1112 1014 caelum
1128 1005 1138 1025 ,
1159 989 1235 1027 per
1257 981 1398 1027 saepta
1428 971 1637 1014 domorum
1658 972 1822 1015 Clamor
1849 974 1882 1014 it

438 1055 487 1080 ac
516 1055 629 1080 voces
646 1071 655 1080 .
677 1038 752 1080 sed
787 1038 863 1080 illa
900 1050 1007 1092 quae
1036 1038 1132 1079 libri
1173 1037 1368 1080 exhibent
1397 1051 1451 1080 ne
1486 1038 1552 1080 hic
1581 1037 1748 1092 quidem
1783 1038 1881 1080 ferri

441 1109 643 1159 possunt:
663 1118 760 1147 nam
791 1117 927 1158 neque
957 1104 1172 1146 domorum
1208 1109 1356 1159 saepta
1385 1109 1469 1146 tam
1501 1105 1607 1147 dura
1635 1108 1731 1147 sunt
1759 1109 1804 1147 ut
1831 1118 1882 1147 ea

441 1173 605 1214 fulmini
635 1185 719 1214 non
751 1172 955 1214 obsistere
994 1171 1229 1213 mirandum
1265 1173 1344 1226 sit,
1366 1184 1502 1225 neque
1537 1171 1617 1213 hoe
1651 1183 1703 1214 ea
1732 1171 1883 1213 transit

442 1240 501 1280 ita
529 1244 575 1281 ut
605 1239 762 1281 clamor
799 1251 849 1280 ac
878 1251 1031 1292 voees,
1053 1239 1128 1280 sed
1163 1239 1408 1293 plerumque
1442 1237 1574 1280 laedit
1609 1241 1650 1279 et
1681 1241 1728 1279 ut
1755 1238 1881 1279 modo

444 1306 599 1347 dietum
630 1311 693 1347 est
722 1305 913 1347 accendit
943 1310 984 1347 et
1012 1306 1056 1347 in
1087 1306 1262 1347 aedibus
1290 1305 1550 1347 dominatur.
1573 1304 1714 1359 itaque
1744 1304 1882 1346 in-his

441 1386 608 1426 quoque
638 1372 754 1414 illum
775 1372 1115 1427 interpolatorem
1135 1371 1429 1426 philosophum
1456 1383 1640 1425 agnosco
1657 1403 1667 1422 ‚
1689 1371 1760 1424 qui
1790 1383 1882 1412 cum

440 1438 662 1492 utrobique
687 1441 855 1481 Transit
885 1441 991 1481 enim
999 1440 1168 1495 fulmen
1189 1440 1386 1492 legisset,
1409 1442 1480 1480 aut
1509 1437 1731 1491 utrumque
1747 1437 1882 1479 locum

441 1506 599 1561 pariter
630 1506 884 1560 corruperit,
907 1510 980 1547 aut
1009 1506 1181 1559 quaein
1210 1505 1316 1547 libro
1337 1506 1470 1560 primo
1498 1505 1581 1546 iam
1602 1508 1796 1558 corrupta
1823 1503 1883 1545 in-

442 1572 627 1614 venisset
657 1572 738 1614 huc
768 1573 958 1627 imperite
986 1572 1268 1615 transtulerit.
1290 1576 1416 1626 poe‘ta
1446 1571 1549 1613 haee
1569 1574 1727 1613 tantum
1756 1569 1884 1623 scrip-

441 1643 581 1692 serat,
607 1641 776 1681 Transit
805 1641 911 1681 enim
940 1639 1124 1680 validum
1141 1639 1310 1694 fulmen
1331 1655 1412 1694 per
1441 1654 1573 1691 saxa,
1589 1652 1822 1693 peraera.

552 1706 646 1748 231.
693 1705 858 1748 CURAT
902 1720 1015 1746 lrEM
1059 1718 1194 1745 VAS1s
1237 1719 1463 1746 INTEGms
1507 1717 1619 1744 va
1662 1716 1882 1744 REPENTE
1930 1702 1942 1709 ”

443 1773 750 1814 Drrrucmnr
769 1805 777 1814 .
799 1773 1027 1814 Lambinus
1057 1773 1150 1814 item
1180 1781 1248 1814 αι.
1271 1785 1373 1814 sane
1403 1787 1550 1813 curare
1585 1783 1675 1812 cum
1705 1770 1884 1824 simplici

442 1839 704 1882 coniunctivo
737 1839 932 1881 dixerunt
967 1839 1238 1894 paucissimi.
1260 1839 1303 1880 in
1339 1837 1530 1879 omnibus
1561 1836 1698 1878 Plauti
1727 1849 1778 1878 ac
1806 1837 1884 1878 Te-

443 1906 565 1948 rentii
596 1906 751 1948 fabulis
782 1920 909 1948 unum
941 1906 1177 1960 exemplum
1209 1909 1296 1959 est,
1325 1905 1368 1946 in
1399 1903 1646 1946 Curculione
1675 1903 1884 1956 1v,2‚31:

444 1973 519 2015 sed
548 1986 696 2015 versus
726 1974 833 2028 ruit,
855 1973 936 2014 nisi
967 1982 1011 2014 uc
1031 1973 1098 2015 vel
1129 1982 1165 2015 et
1184 1972 1423 2014 infulcimus
1453 1971 1536 2025 ita,
1558 1971 1764 2025 Elo'quere
1783 1970 1888 2025 quid

445 2042 507 2082 υἷε
526 2072 534 2080 .
554 2044 704 2095 qutieso
722 2049 766 2082 ut
781 2042 885 2082 hanc
901 2043 1019 2082 cures
1029 2072 1039 2093 ,
1058 2039 1149 2094 [ut]
1167 2039 1261 2080 bene
1276 2039 1330 2080 sit
1345 2039 1436 2079 isti.
1452 2037 1552 2078 item
1567 2037 1608 2078 in
1625 2049 1750 2078 versu
1765 2036 1885 2078 Pom-

442 2107 584 2162 ponii,
608 2107 679 2160 qui
711 2111 774 2149 est
794 2106 907 2160 apud
930 2106 1114 2148 Nonium
1135 2119 1174 2160 p.
1191 2106 1285 2159 275,
1302 2103 1357 2145 24
1386 2107 1426 2146 et
1449 2103 1545 2157 469,
1562 2103 1641 2157 20,
1663 2103 1802 2156 potius
1823 2106 1887 2144 est

441 2178 485 2214 ut
501 2171 731 2215 scribamus
742 2174 883 2229 Mayis
900 2174 1050 2214 curabo
1066 2182 1110 2214 ut
1123 2205 1134 2226 ,
1156 2173 1231 2213 ubi
1242 2171 1454 2226 coquorint
1467 2201 1478 2222 7
1500 2185 1635 2211 omnes
1650 2185 1736 2211 una
1750 2186 1885 2212 assen-

443 2242 571 2293 tiant,
594 2253 718 2293 quam
756 2253 847 2281 cum
878 2239 1052 2281 Munkio
1082 2253 1122 2292 p.
1140 2239 1194 2281 92
1223 2239 1364 2293 Mayis
1399 2237 1548 2280 curabo
1578 2237 1674 2278 ubi.
1698 2236 1886 2278 Lucilius

443 2307 555 2361 apud
573 2307 753 2348 Nonium
769 2320 809 2360 p.
825 2306 902 2348 118
919 2321 1066 2347 curare
1082 2305 1195 2347 domi
1206 2307 1288 2346 sint
1303 2303 1485 2346 Gerdius
1499 2334 1510 2355 ‚
1528 2302 1706 2344 ancillae
1719 2333 1730 2355 ,
1738 2303 1883 2357 pueri,

443 2374 625 2415 zonariu’
642 2405 652 2426 ‚
675 2381 806 2415 temtor
822 2403 832 2414 .
854 2373 896 2413 in
913 2372 1058 2414 lexicis
1081 2375 1144 2414 est
1164 2385 1215 2414 ex
1232 2369 1444 2414 Ciceronis
1466 2369 1654 2422 epistulis
1675 2383 1718 2418 11,
1735 2369 1772 2421 8,
1794 2368 1814 2408 1
1836 2384 1886 2410 ne

442 2440 518 2481 illa
538 2439 702 2495 quidem
722 2455 819 2481 curo
845 2440 952 2481 mihi
967 2439 1126 2480 scribas
1141 2469 1151 2491 ,
1174 2441 1214 2479 et
1234 2450 1286 2479 ex
1307 2435 1499 2477 Phaedro
1531 2449 1568 2487 V,
1586 2435 1612 2476 2
1631 2435 1716 2476 iam
1737 2435 1886 2476 cwrabo

442 2507 590 2548 sentiat
611 2507 719 2557 Quos
740 2505 1000 2547 adtemtarit.
1029 2504 1146 2546 addit
1166 2504 1429 2545 Burmannus
1446 2502 1700 2543 Petroniana
1720 2512 1771 2542 ex
1793 2511 1884 2553 cap.

442 2574 495 2615 58
513 2605 522 2627 ,
545 2573 694 2614 curabo
716 2573 800 2614 iam
816 2573 895 2614 tibi
906 2572 1016 2613 Iovis
1037 2572 1172 2612 iratus
1193 2571 1246 2612 sit
1268 2578 1303 2611 et
1319 2570 1393 2610 isti
1405 2569 1481 2624 qui
1497 2569 1574 2609 tibi
1585 2583 1666 2609 non
1685 2567 1859 2622 imperat
1874 2582 1888 2620 5

443 2640 602 2682 scilicet
621 2639 824 2692 magistro
846 2642 916 2679 tuo
938 2637 1245 2691 Agamemnoni
1266 2636 1383 2689 (nam
1404 2635 1650 2688 interpretes
1671 2646 1755 2675 non
1776 2636 1887 2675 recte

444 2707 656 2760 capiunt);
679 2710 719 2747 et
749 2718 801 2747 ex
822 2704 970 2747 eodem
991 2705 1129 2759 capite
1149 2704 1299 2745 curabo
1320 2702 1436 2756 lonqe
1464 2702 1543 2743 tibi
1557 2701 1611 2742 sit
1630 2700 1790 2742 comula
1807 2700 1889 2741 isca

445 2774 614 2815 bessalz's
632 2804 641 2813 .
661 2772 818 2814 Fronto
834 2772 963 2826 p.228
983 2772 1054 2824 (78
1071 2771 1142 2824 N.)
1159 2771 1236 2812 tibi
1248 2785 1369 2823 saepe
1384 2782 1550 2810 numero
1566 2765 1796 2808 curandum
1811 2798 1822 2819 ,
1843 2766 1888 2807 in
1946 2764 1952 2770 ”

445 2840 644 2880 lleeatrum
660 2854 820 2880 crocum
838 2839 954 2892 Zonye
971 2838 1106 2892 adque
1122 2838 1202 2878 alte
1218 2836 1475 2890 ewprimatur
1490 2865 1499 2874 .
1521 2833 1571 2886 in.
1581 2832 1796 2874 Ciceronis
1811 2843 1887 2885 pro

447 2905 631 2947 Caecina
647 2905 838 2946 oratione
853 2904 948 2945 libri
961 2904 1212 2945 dissentiunt
1223 2905 1258 2955 ἓ.
1272 2902 1319 2942 11
1335 2933 1344 2955 ,
1363 2901 1522 2942 curavit
1531 2899 1623 2954 [ut]
1637 2900 1682 2940 in
1699 2913 1742 2940 eo
1744 2895 1888 2951 fundo
