<?xml version="1.0" encoding="UTF-8"?>
<!DOCTYPE html PUBLIC "-//W3C//DTD XHTML 1.0 Transitional//EN"
    "http://www.w3.org/TR/xhtml1/DTD/xhtml1-transitional.dtd">
<html xmlns="http://www.w3.org/1999/xhtml" xml:lang="en" lang="en">
 <head>
  <title>
</title>
<meta http-equiv="Content-Type" content="text/html;charset=utf-8" />
  <meta name='ocr-system' content='tesseract 3.04.00' />
  <meta name='ocr-capabilities' content='ocr_page ocr_carea ocr_par ocr_line ocrx_word'/>
</head>
<body>
  <div class='ocr_page' id='page_1' title='image "./intlucretiicarid00lachuoft_0148.png"; bbox 0 0 2040 3328; ppageno 0'>
   <div class='ocr_carea' id='block_1_1' title="bbox 424 196 1172 263">
    <p class='ocr_par' dir='ltr' id='par_1_1' title="bbox 424 196 1172 263">
     <span class='ocr_line' id='line_1_1' title="bbox 424 196 1172 263; baseline -0.001 0"><span class='ocrx_word' id='word_1_1' title='bbox 424 222 504 263; x_wconf 89' lang='lat'>144</span> <span class='ocrx_word' id='word_1_2' title='bbox 1107 196 1172 263; x_wconf 76' lang='grc' dir='ltr'>ΠΙ</span> 
     </span>
    </p>
   </div>
   <div class='ocr_carea' id='block_1_2' title="bbox 421 330 1874 2987">
    <p class='ocr_par' dir='ltr' id='par_1_2' title="bbox 421 330 1870 1319">
     <span class='ocr_line' id='line_1_2' title="bbox 533 330 1866 374; baseline -0.001 -1"><span class='ocrx_word' id='word_1_3' title='bbox 533 333 600 374; x_wconf 83' lang='grc'>21.</span> <span class='ocrx_word' id='word_1_4' title='bbox 631 330 815 372; x_wconf 57' lang='grc' dir='ltr'><strong>ΒΕΜΡΕᾙ</strong></span> <span class='ocrx_word' id='word_1_5' title='bbox 850 343 1110 371; x_wconf 77' lang='lat' dir='ltr'>1NNUBILUS</span> <span class='ocrx_word' id='word_1_6' title='bbox 1151 345 1342 371; x_wconf 63' lang='lat' dir='ltr'>Ani-nnn</span> <span class='ocrx_word' id='word_1_7' title='bbox 1380 332 1579 372; x_wconf 68' lang='lat' dir='ltr'>Immvr</span> <span class='ocrx_word' id='word_1_8' title='bbox 1616 347 1669 372; x_wconf 79' lang='lat' dir='ltr'>ET</span> <span class='ocrx_word' id='word_1_9' title='bbox 1711 346 1866 373; x_wconf 78' lang='lat' dir='ltr'><strong>LARGE</strong></span> 
     </span>
     <span class='ocr_line' id='line_1_3' title="bbox 421 397 1868 455; baseline 0 -15"><span class='ocrx_word' id='word_1_10' title='bbox 421 413 630 455; x_wconf 15' lang='lat' dir='ltr'>Dlmruso</span> <span class='ocrx_word' id='word_1_11' title='bbox 662 412 845 439; x_wconf 70' lang='lat' dir='ltr'>nummi:</span> <span class='ocrx_word' id='word_1_12' title='bbox 875 410 1045 438; x_wconf 66' lang='lat' dir='ltr'>mour.</span> <span class='ocrx_word' id='word_1_13' title='bbox 1067 397 1214 449; x_wconf 80' lang='lat' dir='ltr'>Neque</span> <span class='ocrx_word' id='word_1_14' title='bbox 1242 397 1286 437; x_wconf 94' lang='lat' dir='ltr'>in</span> <span class='ocrx_word' id='word_1_15' title='bbox 1307 398 1511 451; x_wconf 85' lang='lat' dir='ltr'>asyndeto</span> <span class='ocrx_word' id='word_1_16' title='bbox 1539 399 1626 439; x_wconf 88' lang='lat' dir='ltr'>ulla</span> <span class='ocrx_word' id='word_1_17' title='bbox 1655 399 1868 452; x_wconf 81' lang='lat' dir='ltr'>elegantia</span> 
     </span>
     <span class='ocr_line' id='line_1_4' title="bbox 423 463 1866 520; baseline -0.001 -12"><span class='ocrx_word' id='word_1_18' title='bbox 423 471 497 520; x_wconf 86' lang='lat' dir='ltr'>est,</span> <span class='ocrx_word' id='word_1_19' title='bbox 529 479 621 507; x_wconf 88' lang='lat' dir='ltr'>cum</span> <span class='ocrx_word' id='word_1_20' title='bbox 642 465 696 505; x_wconf 87' lang='lat' dir='ltr'>ad</span> <span class='ocrx_word' id='word_1_21' title='bbox 727 466 869 519; x_wconf 67' lang='lat' dir='ltr'>z&#39;nteqit</span> <span class='ocrx_word' id='word_1_22' title='bbox 899 476 951 505; x_wconf 87' lang='lat' dir='ltr'>ex</span> <span class='ocrx_word' id='word_1_23' title='bbox 981 463 1267 517; x_wconf 87' lang='lat' dir='ltr'>superioribus</span> <span class='ocrx_word' id='word_1_24' title='bbox 1298 464 1428 518; x_wconf 90' lang='lat' dir='ltr'>repeti</span> <span class='ocrx_word' id='word_1_25' title='bbox 1459 464 1611 506; x_wconf 90' lang='lat' dir='ltr'>debeat</span> <span class='ocrx_word' id='word_1_26' title='bbox 1641 481 1709 507; x_wconf 83' lang='lat' dir='ltr'>eas</span> <span class='ocrx_word' id='word_1_27' title='bbox 1742 465 1866 507; x_wconf 87' lang='lat' dir='ltr'>sedes</span> 
     </span>
     <span class='ocr_line' id='line_1_5' title="bbox 423 530 1866 587; baseline -0.002 -12"><span class='ocrx_word' id='word_1_28' title='bbox 423 534 613 581; x_wconf 89' lang='lat' dir='ltr'>deorum,</span> <span class='ocrx_word' id='word_1_29' title='bbox 636 536 680 572; x_wconf 91' lang='lat' dir='ltr'>ut</span> <span class='ocrx_word' id='word_1_30' title='bbox 700 531 826 585; x_wconf 88' lang='lat' dir='ltr'>paulo</span> <span class='ocrx_word' id='word_1_31' title='bbox 848 533 944 584; x_wconf 87' lang='lat' dir='ltr'>post</span> <span class='ocrx_word' id='word_1_32' title='bbox 963 530 1016 571; x_wconf 82' lang='lat'>69</span> <span class='ocrx_word' id='word_1_33' title='bbox 1038 530 1232 585; x_wconf 67' lang='lat' dir='ltr'>Zonyeque</span> <span class='ocrx_word' id='word_1_34' title='bbox 1252 545 1425 572; x_wconf 76' lang='lat' dir='ltr'>remosse</span> <span class='ocrx_word' id='word_1_35' title='bbox 1447 543 1513 583; x_wconf 89' lang='lat' dir='ltr'>ea,</span> <span class='ocrx_word' id='word_1_36' title='bbox 1537 532 1717 587; x_wconf 67' lang='lat' dir='ltr'>(Inceyer</span> <span class='ocrx_word' id='word_1_37' title='bbox 1738 532 1866 585; x_wconf 90' lang='lat' dir='ltr'>enim,</span> 
     </span>
     <span class='ocr_line' id='line_1_6' title="bbox 424 596 1867 653; baseline 0 -13"><span class='ocrx_word' id='word_1_38' title='bbox 424 599 538 653; x_wconf 90' lang='lat' dir='ltr'>quod</span> <span class='ocrx_word' id='word_1_39' title='bbox 561 597 848 639; x_wconf 89' lang='lat' dir='ltr'>Wakefieldus</span> <span class='ocrx_word' id='word_1_40' title='bbox 869 597 1045 651; x_wconf 88' lang='lat' dir='ltr'>probat,</span> <span class='ocrx_word' id='word_1_41' title='bbox 1076 597 1183 651; x_wconf 86' lang='lat' dir='ltr'>turpi</span> <span class='ocrx_word' id='word_1_42' title='bbox 1214 609 1353 638; x_wconf 88' lang='lat' dir='ltr'>errore</span> <span class='ocrx_word' id='word_1_43' title='bbox 1383 596 1550 638; x_wconf 81' lang='lat' dir='ltr'>Brixiae</span> <span class='ocrx_word' id='word_1_44' title='bbox 1579 597 1770 640; x_wconf 85' lang='lat' dir='ltr'>Veronae</span> <span class='ocrx_word' id='word_1_45' title='bbox 1791 598 1867 640; x_wconf 90' lang='lat' dir='ltr'>Ve-</span> 
     </span>
     <span class='ocr_line' id='line_1_7' title="bbox 422 663 1867 719; baseline -0.001 -11"><span class='ocrx_word' id='word_1_46' title='bbox 422 666 546 708; x_wconf 89' lang='lat' dir='ltr'>netiis</span> <span class='ocrx_word' id='word_1_47' title='bbox 583 665 681 706; x_wconf 92' lang='lat' dir='ltr'>olim</span> <span class='ocrx_word' id='word_1_48' title='bbox 718 665 967 719; x_wconf 88' lang='lat' dir='ltr'>impressum</span> <span class='ocrx_word' id='word_1_49' title='bbox 997 663 1095 716; x_wconf 87' lang='lat' dir='ltr'>est):</span> <span class='ocrx_word' id='word_1_50' title='bbox 1134 676 1270 717; x_wconf 90' lang='lat' dir='ltr'>neque</span> <span class='ocrx_word' id='word_1_51' title='bbox 1301 663 1519 704; x_wconf 86' lang='lat' dir='ltr'>Lucretius</span> <span class='ocrx_word' id='word_1_52' title='bbox 1557 664 1658 706; x_wconf 88' lang='lat' dir='ltr'>alibi</span> <span class='ocrx_word' id='word_1_53' title='bbox 1689 666 1867 719; x_wconf 85' lang='lat' dir='ltr'>usqu&#39;am</span> 
     </span>
     <span class='ocr_line' id='line_1_8' title="bbox 422 729 1868 784; baseline -0.001 -10"><span class='ocrx_word' id='word_1_54' title='bbox 422 733 593 774; x_wconf 89' lang='lat' dir='ltr'>licentia</span> <span class='ocrx_word' id='word_1_55' title='bbox 621 744 647 773; x_wconf 90' lang='lat' dir='ltr'>a</span> <span class='ocrx_word' id='word_1_56' title='bbox 667 731 899 784; x_wconf 85' lang='lat' dir='ltr'>Forbigero</span> <span class='ocrx_word' id='word_1_57' title='bbox 927 730 982 772; x_wconf 88' lang='lat' dir='ltr'>ad</span> <span class='ocrx_word' id='word_1_58' title='bbox 1010 730 1161 771; x_wconf 90' lang='lat' dir='ltr'>librum</span> <span class='ocrx_word' id='word_1_59' title='bbox 1193 744 1219 784; x_wconf 94' lang='lat'>1,</span> <span class='ocrx_word' id='word_1_60' title='bbox 1254 730 1298 770; x_wconf 83' lang='lat'>11</span> <span class='ocrx_word' id='word_1_61' title='bbox 1334 730 1452 784; x_wconf 69' lang='lat' dir='ltr'>poesi</span> <span class='ocrx_word' id='word_1_62' title='bbox 1473 729 1656 771; x_wconf 88' lang='lat' dir='ltr'>nondum</span> <span class='ocrx_word' id='word_1_63' title='bbox 1678 731 1868 773; x_wconf 82' lang='lat' dir='ltr'>excultae</span> 
     </span>
     <span class='ocr_line' id='line_1_9' title="bbox 423 792 1867 855; baseline -0.001 -14"><span class='ocrx_word' id='word_1_64' title='bbox 423 800 614 855; x_wconf 37' lang='lat' dir='ltr'>benigne·</span> <span class='ocrx_word' id='word_1_65' title='bbox 627 797 864 840; x_wconf 88' lang='lat' dir='ltr'>condonata</span> <span class='ocrx_word' id='word_1_66' title='bbox 884 810 982 839; x_wconf 86' lang='lat' dir='ltr'>usus</span> <span class='ocrx_word' id='word_1_67' title='bbox 1005 802 1091 850; x_wconf 88' lang='lat' dir='ltr'>est,</span> <span class='ocrx_word' id='word_1_68' title='bbox 1122 796 1196 838; x_wconf 90' lang='lat' dir='ltr'>sed</span> <span class='ocrx_word' id='word_1_69' title='bbox 1218 809 1244 837; x_wconf 88' lang='lat' dir='ltr'>a</span> <span class='ocrx_word' id='word_1_70' title='bbox 1266 797 1528 838; x_wconf 83' lang='lat' dir='ltr'>Graecanica</span> <span class='ocrx_word' id='word_1_71' title='bbox 1559 801 1648 838; x_wconf 88' lang='lat' dir='ltr'>arte</span> <span class='ocrx_word' id='word_1_72' title='bbox 1676 792 1867 839; x_wconf 86' lang='lat' dir='ltr'>brevium</span> 
     </span>
     <span class='ocr_line' id='line_1_10' title="bbox 423 862 1867 920; baseline -0.002 -13"><span class='ocrx_word' id='word_1_73' title='bbox 423 866 680 920; x_wconf 80' lang='lat' dir='ltr'>syllabarum</span> <span class='ocrx_word' id='word_1_74' title='bbox 722 864 1087 919; x_wconf 86' lang='lat' dir='ltr'>producendarum</span> <span class='ocrx_word' id='word_1_75' title='bbox 1129 862 1315 904; x_wconf 81' lang='lat' dir='ltr'>studiose</span> <span class='ocrx_word' id='word_1_76' title='bbox 1357 863 1585 904; x_wconf 84' lang='lat' dir='ltr'>abstinuit.</span> <span class='ocrx_word' id='word_1_77' title='bbox 1616 867 1727 905; x_wconf 86' lang='lat' dir='ltr'>recte</span> <span class='ocrx_word' id='word_1_78' title='bbox 1767 876 1867 916; x_wconf 84' lang='lat' dir='ltr'>ergo</span> 
     </span>
     <span class='ocr_line' id='line_1_11' title="bbox 421 928 1869 987; baseline -0.003 -13"><span class='ocrx_word' id='word_1_79' title='bbox 421 933 621 974; x_wconf 85' lang='lat' dir='ltr'>Marullus</span> <span class='ocrx_word' id='word_1_80' title='bbox 638 947 794 987; x_wconf 76' lang='lat' dir='ltr'>semper</span> <span class='ocrx_word' id='word_1_81' title='bbox 815 945 907 976; x_wconf 77' lang='lat' dir='ltr'>QUE</span> <span class='ocrx_word' id='word_1_82' title='bbox 929 931 1139 972; x_wconf 73' lang='lat' dir='ltr'>innubilus</span> <span class='ocrx_word' id='word_1_83' title='bbox 1161 930 1297 971; x_wconf 74' lang='lat' dir='ltr'>aether</span> <span class='ocrx_word' id='word_1_84' title='bbox 1312 930 1464 984; x_wconf 67' lang='lat' dir='ltr'>Inteqit</span> <span class='ocrx_word' id='word_1_85' title='bbox 1478 946 1492 983; x_wconf 83' lang='lat'>,·</span> <span class='ocrx_word' id='word_1_86' title='bbox 1513 928 1625 982; x_wconf 88' lang='lat' dir='ltr'>quod</span> <span class='ocrx_word' id='word_1_87' title='bbox 1645 930 1869 984; x_wconf 83' lang='lat' dir='ltr'>respondet</span> 
     </span>
     <span class='ocr_line' id='line_1_12' title="bbox 423 991 1869 1052; baseline -0.002 -11"><span class='ocrx_word' id='word_1_88' title='bbox 423 999 654 1041; x_wconf 79' lang='lat' dir='ltr'>Homericis</span> <span class='ocrx_word' id='word_1_89' title='bbox 672 1030 681 1052; x_wconf 96' lang='lat'>,</span> <span class='ocrx_word' id='word_1_90' title='bbox 699 1010 807 1050; x_wconf 86' lang='lat' dir='ltr'>quae</span> <span class='ocrx_word' id='word_1_91' title='bbox 829 1001 924 1038; x_wconf 90' lang='lat' dir='ltr'>sunt</span> <span class='ocrx_word' id='word_1_92' title='bbox 944 997 987 1038; x_wconf 90' lang='lat' dir='ltr'>in</span> <span class='ocrx_word' id='word_1_93' title='bbox 1004 995 1222 1051; x_wconf 81' lang='lat' dir='ltr'>Odysseae</span> <span class='ocrx_word' id='word_1_94' title='bbox 1243 1000 1360 1037; x_wconf 88' lang='lat' dir='ltr'>sexto</span> <span class='ocrx_word' id='word_1_95' title='bbox 1381 996 1460 1050; x_wconf 91' lang='lat'>44,</span> <span class='ocrx_word' id='word_1_96' title='bbox 1485 992 1598 1037; x_wconf 79' lang='grc' dir='ltr'><em>ἀλλὰ</em></span> <span class='ocrx_word' id='word_1_97' title='bbox 1613 991 1712 1048; x_wconf 79' lang='grc' dir='ltr'><strong><em>μάλ’</em></strong></span> <span class='ocrx_word' id='word_1_98' title='bbox 1732 992 1869 1051; x_wconf 77' lang='grc' dir='ltr'><em>αἴθρη</em></span> 
     </span>
     <span class='ocr_line' id='line_1_13' title="bbox 423 1059 1870 1120; baseline -0.003 -12"><span class='ocrx_word' id='word_1_99' title='bbox 423 1065 658 1108; x_wconf 81' lang='grc' dir='ltr'><strong><em>Πέπταται</em></strong></span> <span class='ocrx_word' id='word_1_100' title='bbox 689 1059 927 1120; x_wconf 78' lang='grc' dir='ltr'><strong><em>ἀνέφελος.</em></strong></span> <span class='ocrx_word' id='word_1_101' title='bbox 949 1063 1025 1104; x_wconf 88' lang='lat' dir='ltr'>sed</span> <span class='ocrx_word' id='word_1_102' title='bbox 1054 1067 1274 1117; x_wconf 89' lang='lat' dir='ltr'>praeterea</span> <span class='ocrx_word' id='word_1_103' title='bbox 1302 1062 1568 1105; x_wconf 88' lang='lat' dir='ltr'>scribendum</span> <span class='ocrx_word' id='word_1_104' title='bbox 1599 1066 1663 1104; x_wconf 91' lang='lat' dir='ltr'>est</span> <span class='ocrx_word' id='word_1_105' title='bbox 1692 1072 1728 1105; x_wconf 79' lang='lat' dir='ltr'>et</span> <span class='ocrx_word' id='word_1_106' title='bbox 1755 1063 1870 1118; x_wconf 68' lang='lat' dir='ltr'>Zarye</span> 
     </span>
     <span class='ocr_line' id='line_1_14' title="bbox 423 1129 1870 1188; baseline -0.003 -14"><span class='ocrx_word' id='word_1_107' title='bbox 423 1133 572 1188; x_wconf 58' lang='lat' dir='ltr'>dg&#39;ffuso</span> <span class='ocrx_word' id='word_1_108' title='bbox 603 1132 754 1173; x_wconf 72' lang='lat' dir='ltr'>lumine</span> <span class='ocrx_word' id='word_1_109' title='bbox 785 1144 986 1184; x_wconf 65' lang='lat' dir='ltr'>runem,</span> <span class='ocrx_word' id='word_1_110' title='bbox 1019 1129 1190 1171; x_wconf 90' lang='lat' dir='ltr'>deorum</span> <span class='ocrx_word' id='word_1_111' title='bbox 1220 1129 1367 1183; x_wconf 81' lang='lat' dir='ltr'>sedes,</span> <span class='ocrx_word' id='word_1_112' title='bbox 1398 1143 1481 1171; x_wconf 92' lang='lat' dir='ltr'>non</span> <span class='ocrx_word' id='word_1_113' title='bbox 1511 1129 1682 1184; x_wconf 84' lang='lat' dir='ltr'>aether,</span> <span class='ocrx_word' id='word_1_114' title='bbox 1714 1129 1870 1171; x_wconf 89' lang='lat' dir='ltr'>lumine</span> 
     </span>
     <span class='ocr_line' id='line_1_15' title="bbox 422 1196 1870 1250; baseline -0.002 -10"><span class='ocrx_word' id='word_1_115' title='bbox 422 1198 632 1240; x_wconf 85' lang='lat' dir='ltr'>aetheris:</span> <span class='ocrx_word' id='word_1_116' title='bbox 662 1197 799 1239; x_wconf 71' lang='lat' dir='ltr'>ridere</span> <span class='ocrx_word' id='word_1_117' title='bbox 830 1197 940 1239; x_wconf 90' lang='lat' dir='ltr'>enim</span> <span class='ocrx_word' id='word_1_118' title='bbox 970 1196 1163 1238; x_wconf 89' lang='lat' dir='ltr'>dicuntur</span> <span class='ocrx_word' id='word_1_119' title='bbox 1194 1210 1301 1250; x_wconf 90' lang='lat' dir='ltr'>quae</span> <span class='ocrx_word' id='word_1_120' title='bbox 1330 1197 1615 1250; x_wconf 88' lang='lat' dir='ltr'>illustrantur,</span> <span class='ocrx_word' id='word_1_121' title='bbox 1646 1209 1730 1238; x_wconf 91' lang='lat' dir='ltr'>non</span> <span class='ocrx_word' id='word_1_122' title='bbox 1761 1208 1870 1250; x_wconf 87' lang='lat' dir='ltr'>quae</span> 
     </span>
     <span class='ocr_line' id='line_1_16' title="bbox 422 1259 1778 1319; baseline -0.001 -13"><span class='ocrx_word' id='word_1_123' title='bbox 422 1266 654 1307; x_wconf 88' lang='lat' dir='ltr'>illustrant.</span> <span class='ocrx_word' id='word_1_124' title='bbox 678 1263 790 1318; x_wconf 88' lang='lat' dir='ltr'>apud</span> <span class='ocrx_word' id='word_1_125' title='bbox 821 1264 1045 1306; x_wconf 91' lang='lat' dir='ltr'>Homerum</span> <span class='ocrx_word' id='word_1_126' title='bbox 1076 1262 1202 1319; x_wconf 82' lang='grc' dir='ltr'><strong><em>λευκὴ</em></strong></span> <span class='ocrx_word' id='word_1_127' title='bbox 1234 1260 1273 1306; x_wconf 77' lang='grc' dir='ltr'>δ’</span> <span class='ocrx_word' id='word_1_128' title='bbox 1307 1262 1595 1319; x_wconf 78' lang='grc' dir='ltr'><em>ἐπιδέδρομεν</em></span> <span class='ocrx_word' id='word_1_129' title='bbox 1626 1259 1778 1318; x_wconf 74' lang='grc' dir='ltr'><em>αἴγλη.</em></span> 
     </span>
    </p>

    <p class='ocr_par' dir='ltr' id='par_1_3' title="bbox 423 1328 1870 1453">
     <span class='ocr_line' id='line_1_17' title="bbox 534 1328 1870 1374; baseline -0.002 -2"><span class='ocrx_word' id='word_1_130' title='bbox 534 1332 601 1374; x_wconf 82' lang='grc'>28.</span> <span class='ocrx_word' id='word_1_131' title='bbox 631 1332 717 1373; x_wconf 81' lang='lat' dir='ltr'>Hrs</span> <span class='ocrx_word' id='word_1_132' title='bbox 747 1345 828 1372; x_wconf 87' lang='lat' dir='ltr'>UBI</span> <span class='ocrx_word' id='word_1_133' title='bbox 855 1345 918 1370; x_wconf 82' lang='lat' dir='ltr'>ME</span> <span class='ocrx_word' id='word_1_134' title='bbox 948 1345 1098 1371; x_wconf 70' lang='lat' dir='ltr'>annus</span> <span class='ocrx_word' id='word_1_135' title='bbox 1117 1362 1125 1370; x_wconf 90' lang='lat'>.</span> <span class='ocrx_word' id='word_1_136' title='bbox 1147 1330 1274 1372; x_wconf 80' lang='lat' dir='ltr'>Recte</span> <span class='ocrx_word' id='word_1_137' title='bbox 1304 1345 1371 1370; x_wconf 78' lang='lat'>1131</span> <span class='ocrx_word' id='word_1_138' title='bbox 1402 1330 1640 1372; x_wconf 85' lang='lat' dir='ltr'>Gronovius</span> <span class='ocrx_word' id='word_1_139' title='bbox 1672 1329 1728 1371; x_wconf 87' lang='lat' dir='ltr'>ad</span> <span class='ocrx_word' id='word_1_140' title='bbox 1758 1328 1870 1370; x_wconf 91' lang='lat' dir='ltr'>Livii</span> 
     </span>
     <span class='ocr_line' id='line_1_18' title="bbox 423 1396 1795 1453; baseline -0.001 -14"><span class='ocrx_word' id='word_1_141' title='bbox 423 1413 498 1453; x_wconf 85' lang='lat' dir='ltr'>vn,</span> <span class='ocrx_word' id='word_1_142' title='bbox 529 1399 603 1451; x_wconf 83' lang='lat'>26,</span> <span class='ocrx_word' id='word_1_143' title='bbox 635 1403 676 1440; x_wconf 89' lang='lat' dir='ltr'>et</span> <span class='ocrx_word' id='word_1_144' title='bbox 705 1397 994 1440; x_wconf 86' lang='lat' dir='ltr'>Wakefieldus</span> <span class='ocrx_word' id='word_1_145' title='bbox 1025 1397 1089 1440; x_wconf 74' lang='lat' dir='ltr'>‘ex</span> <span class='ocrx_word' id='word_1_146' title='bbox 1119 1398 1283 1450; x_wconf 84' lang='lat' dir='ltr'>ingenii</span> <span class='ocrx_word' id='word_1_147' title='bbox 1315 1398 1474 1452; x_wconf 88' lang='lat' dir='ltr'>proprii</span> <span class='ocrx_word' id='word_1_148' title='bbox 1506 1396 1795 1439; x_wconf 88' lang='lat' dir='ltr'>divinatione’.</span> 
     </span>
    </p>

    <p class='ocr_par' dir='ltr' id='par_1_4' title="bbox 536 1464 1784 1519">
     <span class='ocr_line' id='line_1_19' title="bbox 536 1464 1784 1519; baseline -0.002 -12"><span class='ocrx_word' id='word_1_149' title='bbox 536 1466 602 1508; x_wconf 79' lang='lat'>29.</span> <span class='ocrx_word' id='word_1_150' title='bbox 635 1465 775 1516; x_wconf 81' lang='lat' dir='ltr'><strong>QUOD</strong></span> <span class='ocrx_word' id='word_1_151' title='bbox 807 1478 1104 1506; x_wconf 79' lang='lat' dir='ltr'>SIGNATURA.</span> <span class='ocrx_word' id='word_1_152' title='bbox 1128 1464 1333 1506; x_wconf 86' lang='lat' dir='ltr'>Avantius</span> <span class='ocrx_word' id='word_1_153' title='bbox 1364 1464 1474 1519; x_wconf 82' lang='lat' dir='ltr'>quod</span> <span class='ocrx_word' id='word_1_154' title='bbox 1503 1478 1574 1504; x_wconf 80' lang='lat' dir='ltr'>src</span> <span class='ocrx_word' id='word_1_155' title='bbox 1605 1472 1784 1505; x_wconf 75' lang='lat' dir='ltr'>natura.</span> 
     </span>
    </p>

    <p class='ocr_par' dir='ltr' id='par_1_5' title="bbox 422 1529 1871 1787">
     <span class='ocr_line' id='line_1_20' title="bbox 534 1529 1871 1580; baseline -0.004 -5"><span class='ocrx_word' id='word_1_156' title='bbox 534 1533 602 1575; x_wconf 86' lang='lat'>33.</span> <span class='ocrx_word' id='word_1_157' title='bbox 630 1546 858 1573; x_wconf 78' lang='lat' dir='ltr'>ALTERNO</span> <span class='ocrx_word' id='word_1_158' title='bbox 895 1545 1105 1572; x_wconf 82' lang='lat' dir='ltr'>PERCITA</span> <span class='ocrx_word' id='word_1_159' title='bbox 1145 1544 1277 1572; x_wconf 77' lang='lat' dir='ltr'>Moru</span> <span class='ocrx_word' id='word_1_160' title='bbox 1295 1563 1303 1571; x_wconf 94' lang='lat'>.</span> <span class='ocrx_word' id='word_1_161' title='bbox 1327 1530 1564 1580; x_wconf 80' lang='lat' dir='ltr'>Quadratus</span> <span class='ocrx_word' id='word_1_162' title='bbox 1601 1530 1762 1572; x_wconf 76' lang='lat' dir='ltr'>alterna</span> <span class='ocrx_word' id='word_1_163' title='bbox 1781 1561 1790 1570; x_wconf 94' lang='lat'>.</span> <span class='ocrx_word' id='word_1_164' title='bbox 1812 1529 1871 1570; x_wconf 88' lang='lat' dir='ltr'>in—</span> 
     </span>
     <span class='ocr_line' id='line_1_21' title="bbox 423 1596 1870 1653; baseline -0.003 -11"><span class='ocrx_word' id='word_1_165' title='bbox 423 1600 489 1642; x_wconf 87' lang='lat' dir='ltr'>fra</span> <span class='ocrx_word' id='word_1_166' title='bbox 505 1601 547 1641; x_wconf 91' lang='lat' dir='ltr'>in</span> <span class='ocrx_word' id='word_1_167' title='bbox 563 1613 618 1653; x_wconf 93' lang='lat' dir='ltr'>1v,</span> <span class='ocrx_word' id='word_1_168' title='bbox 640 1600 692 1640; x_wconf 83' lang='lat'>47</span> <span class='ocrx_word' id='word_1_169' title='bbox 707 1632 718 1653; x_wconf 89' lang='lat'>,</span> <span class='ocrx_word' id='word_1_170' title='bbox 739 1599 811 1641; x_wconf 90' lang='lat' dir='ltr'>ubi</span> <span class='ocrx_word' id='word_1_171' title='bbox 828 1599 931 1640; x_wconf 89' lang='lat' dir='ltr'>haec</span> <span class='ocrx_word' id='word_1_172' title='bbox 948 1598 1058 1639; x_wconf 88' lang='lat' dir='ltr'>male</span> <span class='ocrx_word' id='word_1_173' title='bbox 1074 1597 1251 1652; x_wconf 89' lang='lat' dir='ltr'>repetita</span> <span class='ocrx_word' id='word_1_174' title='bbox 1267 1596 1484 1651; x_wconf 85' lang='lat' dir='ltr'>exhibent,</span> <span class='ocrx_word' id='word_1_175' title='bbox 1503 1601 1678 1650; x_wconf 89' lang='lat' dir='ltr'>uterque</span> <span class='ocrx_word' id='word_1_176' title='bbox 1694 1596 1850 1638; x_wconf 76' lang='lat' dir='ltr'>alterno</span> <span class='ocrx_word' id='word_1_177' title='bbox 1861 1627 1870 1637; x_wconf 96' lang='lat'>.</span> 
     </span>
     <span class='ocr_line' id='line_1_22' title="bbox 422 1662 1870 1719; baseline -0.003 -12"><span class='ocrx_word' id='word_1_178' title='bbox 422 1680 647 1708; x_wconf 75' lang='lat' dir='ltr'>AETERNO</span> <span class='ocrx_word' id='word_1_179' title='bbox 684 1667 727 1707; x_wconf 92' lang='lat' dir='ltr'>in</span> <span class='ocrx_word' id='word_1_180' title='bbox 763 1670 910 1719; x_wconf 86' lang='lat' dir='ltr'>quarto</span> <span class='ocrx_word' id='word_1_181' title='bbox 941 1665 1206 1719; x_wconf 83' lang='lat' dir='ltr'>Naugerius,</span> <span class='ocrx_word' id='word_1_182' title='bbox 1245 1664 1288 1704; x_wconf 90' lang='lat' dir='ltr'>in</span> <span class='ocrx_word' id='word_1_183' title='bbox 1323 1663 1445 1705; x_wconf 90' lang='lat' dir='ltr'>tertio</span> <span class='ocrx_word' id='word_1_184' title='bbox 1477 1662 1726 1704; x_wconf 87' lang='lat' dir='ltr'>Creechius.</span> <span class='ocrx_word' id='word_1_185' title='bbox 1748 1663 1791 1704; x_wconf 90' lang='lat' dir='ltr'>in</span> <span class='ocrx_word' id='word_1_186' title='bbox 1821 1676 1870 1716; x_wconf 93' lang='lat'>11,</span> 
     </span>
     <span class='ocr_line' id='line_1_23' title="bbox 426 1731 1477 1787; baseline -0.004 -12"><span class='ocrx_word' id='word_1_187' title='bbox 426 1735 532 1777; x_wconf 79' lang='lat'>1055</span> <span class='ocrx_word' id='word_1_188' title='bbox 564 1733 772 1786; x_wconf 84' lang='lat' dir='ltr'>oblongus</span> <span class='ocrx_word' id='word_1_189' title='bbox 802 1742 989 1787; x_wconf 72' lang='lat' dir='ltr'>aeterno,</span> <span class='ocrx_word' id='word_1_190' title='bbox 1022 1731 1254 1786; x_wconf 84' lang='lat' dir='ltr'>quadratus</span> <span class='ocrx_word' id='word_1_191' title='bbox 1285 1739 1477 1772; x_wconf 74' lang='lat' dir='ltr'>aeterna.</span> 
     </span>
    </p>

    <p class='ocr_par' dir='ltr' id='par_1_6' title="bbox 423 1796 1871 1991">
     <span class='ocr_line' id='line_1_24' title="bbox 533 1796 1871 1843; baseline -0.005 0"><span class='ocrx_word' id='word_1_192' title='bbox 533 1801 599 1843; x_wconf 88' lang='lat'>39.</span> <span class='ocrx_word' id='word_1_193' title='bbox 632 1800 793 1842; x_wconf 78' lang='lat' dir='ltr'><strong>OMNIA</strong></span> <span class='ocrx_word' id='word_1_194' title='bbox 836 1812 1151 1840; x_wconf 76' lang='lat' dir='ltr'>SUFFUNDANS</span> <span class='ocrx_word' id='word_1_195' title='bbox 1193 1811 1368 1838; x_wconf 82' lang='lat' dir='ltr'>MORTIS</span> <span class='ocrx_word' id='word_1_196' title='bbox 1414 1810 1627 1838; x_wconf 67' lang='lat' dir='ltr'>meacm:</span> <span class='ocrx_word' id='word_1_197' title='bbox 1651 1828 1661 1838; x_wconf 85' lang='lat'>.</span> <span class='ocrx_word' id='word_1_198' title='bbox 1688 1796 1785 1838; x_wconf 85' lang='lat' dir='ltr'>Itali</span> <span class='ocrx_word' id='word_1_199' title='bbox 1830 1799 1871 1838; x_wconf 91' lang='lat' dir='ltr'>et</span> 
     </span>
     <span class='ocr_line' id='line_1_25' title="bbox 423 1863 1870 1920; baseline -0.004 -10"><span class='ocrx_word' id='word_1_200' title='bbox 423 1868 627 1910; x_wconf 88' lang='lat' dir='ltr'>Marullus</span> <span class='ocrx_word' id='word_1_201' title='bbox 649 1880 956 1908; x_wconf 75' lang='lat' dir='ltr'>SUFFUNDENS</span> <span class='ocrx_word' id='word_1_202' title='bbox 975 1899 982 1907; x_wconf 93' lang='lat'>.</span> <span class='ocrx_word' id='word_1_203' title='bbox 1005 1866 1048 1907; x_wconf 91' lang='lat' dir='ltr'>in</span> <span class='ocrx_word' id='word_1_204' title='bbox 1079 1879 1134 1918; x_wconf 87' lang='lat' dir='ltr'>vl,</span> <span class='ocrx_word' id='word_1_205' title='bbox 1154 1864 1236 1906; x_wconf 83' lang='lat'>479</span> <span class='ocrx_word' id='word_1_206' title='bbox 1258 1864 1589 1920; x_wconf 71' lang='lat' dir='ltr'>Suffunduntque</span> <span class='ocrx_word' id='word_1_207' title='bbox 1615 1880 1692 1905; x_wconf 82' lang='lat' dir='ltr'>sua</span> <span class='ocrx_word' id='word_1_208' title='bbox 1712 1863 1870 1904; x_wconf 77' lang='lat' dir='ltr'>caelum</span> 
     </span>
     <span class='ocr_line' id='line_1_26' title="bbox 423 1936 624 1991; baseline -0.005 -14"><span class='ocrx_word' id='word_1_209' title='bbox 423 1936 624 1991; x_wconf 70' lang='lat' dir='ltr'>caliqine.</span> 
     </span>
    </p>

    <p class='ocr_par' dir='ltr' id='par_1_7' title="bbox 425 1986 1870 2188">
     <span class='ocr_line' id='line_1_27' title="bbox 534 1986 1869 2044; baseline -0.005 -1"><span class='ocrx_word' id='word_1_210' title='bbox 534 2002 601 2044; x_wconf 86' lang='lat'>43.</span> <span class='ocrx_word' id='word_1_211' title='bbox 633 2002 699 2043; x_wconf 81' lang='grc' dir='ltr'>ΕΤ</span> <span class='ocrx_word' id='word_1_212' title='bbox 730 2015 781 2041; x_wconf 79' lang='lat' dir='ltr'>SE</span> <span class='ocrx_word' id='word_1_213' title='bbox 819 2015 956 2041; x_wconf 71' lang='lat' dir='ltr'>somn</span> <span class='ocrx_word' id='word_1_214' title='bbox 986 2013 1136 2040; x_wconf 80' lang='lat' dir='ltr'><strong>ANIME</strong></span> <span class='ocrx_word' id='word_1_215' title='bbox 1171 2012 1405 2039; x_wconf 79' lang='lat' dir='ltr'>NATURAM</span> <span class='ocrx_word' id='word_1_216' title='bbox 1436 2010 1695 2038; x_wconf 83' lang='lat' dir='ltr'>SANGUINIS</span> <span class='ocrx_word' id='word_1_217' title='bbox 1725 1986 1869 2037; x_wconf 68' lang='lat' dir='ltr'>n&#39;ssn.</span> 
     </span>
     <span class='ocr_line' id='line_1_28' title="bbox 425 2063 1870 2120; baseline -0.005 -9"><span class='ocrx_word' id='word_1_218' title='bbox 425 2068 664 2120; x_wconf 80' lang='lat' dir='ltr'>Quadratus</span> <span class='ocrx_word' id='word_1_219' title='bbox 694 2069 799 2109; x_wconf 70' lang='lat' dir='ltr'>seim·</span> <span class='ocrx_word' id='word_1_220' title='bbox 812 2100 821 2109; x_wconf 87' lang='lat'>.</span> <span class='ocrx_word' id='word_1_221' title='bbox 843 2072 929 2109; x_wconf 91' lang='lat' dir='ltr'>tum</span> <span class='ocrx_word' id='word_1_222' title='bbox 961 2067 1167 2120; x_wconf 86' lang='lat' dir='ltr'>oblongus</span> <span class='ocrx_word' id='word_1_223' title='bbox 1202 2070 1243 2108; x_wconf 88' lang='lat' dir='ltr'>et</span> <span class='ocrx_word' id='word_1_224' title='bbox 1269 2065 1405 2107; x_wconf 86' lang='lat' dir='ltr'>Italici</span> <span class='ocrx_word' id='word_1_225' title='bbox 1435 2065 1592 2106; x_wconf 76' lang='lat' dir='ltr'>animi:</span> <span class='ocrx_word' id='word_1_226' title='bbox 1621 2063 1697 2106; x_wconf 87' lang='lat' dir='ltr'>sed</span> <span class='ocrx_word' id='word_1_227' title='bbox 1726 2077 1870 2106; x_wconf 87' lang='lat' dir='ltr'>verum</span> 
     </span>
     <span class='ocr_line' id='line_1_29' title="bbox 425 2135 1025 2188; baseline -0.003 -11"><span class='ocrx_word' id='word_1_228' title='bbox 425 2140 488 2178; x_wconf 87' lang='lat' dir='ltr'>est</span> <span class='ocrx_word' id='word_1_229' title='bbox 517 2137 681 2177; x_wconf 76' lang='lat' dir='ltr'>animae</span> <span class='ocrx_word' id='word_1_230' title='bbox 696 2167 707 2188; x_wconf 87' lang='lat'><em>‚</em></span> <span class='ocrx_word' id='word_1_231' title='bbox 739 2135 869 2177; x_wconf 87' lang='lat' dir='ltr'>dandi</span> <span class='ocrx_word' id='word_1_232' title='bbox 900 2146 1000 2176; x_wconf 83' lang='lat' dir='ltr'>casu</span> <span class='ocrx_word' id='word_1_233' title='bbox 1017 2165 1025 2174; x_wconf 93' lang='lat'>.</span> 
     </span>
    </p>

    <p class='ocr_par' dir='ltr' id='par_1_8' title="bbox 424 2199 1874 2856">
     <span class='ocr_line' id='line_1_30' title="bbox 534 2199 1869 2253; baseline -0.004 -11"><span class='ocrx_word' id='word_1_234' title='bbox 534 2202 601 2243; x_wconf 87' lang='lat'>44.</span> <span class='ocrx_word' id='word_1_235' title='bbox 634 2203 737 2244; x_wconf 71' lang='lat' dir='ltr'>NEC</span> <span class='ocrx_word' id='word_1_236' title='bbox 773 2214 994 2242; x_wconf 83' lang='lat' dir='ltr'>PROSUM.</span> <span class='ocrx_word' id='word_1_237' title='bbox 1015 2201 1081 2242; x_wconf 90' lang='lat' dir='ltr'>Ita</span> <span class='ocrx_word' id='word_1_238' title='bbox 1116 2199 1371 2253; x_wconf 87' lang='lat' dir='ltr'>quadratus:</span> <span class='ocrx_word' id='word_1_239' title='bbox 1410 2199 1616 2252; x_wconf 84' lang='lat' dir='ltr'>oblongus</span> <span class='ocrx_word' id='word_1_240' title='bbox 1650 2213 1869 2253; x_wconf 74' lang='lat' dir='ltr'>prorsum.</span> 
     </span>
     <span class='ocr_line' id='line_1_31' title="bbox 425 2265 1871 2323; baseline -0.005 -12"><span class='ocrx_word' id='word_1_241' title='bbox 425 2282 550 2311; x_wconf 88' lang='lat' dir='ltr'>versu</span> <span class='ocrx_word' id='word_1_242' title='bbox 585 2268 669 2311; x_wconf 84' lang='lat'>514</span> <span class='ocrx_word' id='word_1_243' title='bbox 699 2282 894 2323; x_wconf 69' lang='lat' dir='ltr'>‘prorsum</span> <span class='ocrx_word' id='word_1_244' title='bbox 931 2267 1042 2308; x_wconf 91' lang='lat' dir='ltr'>idem</span> <span class='ocrx_word' id='word_1_245' title='bbox 1080 2267 1288 2319; x_wconf 84' lang='lat' dir='ltr'>oblongus</span> <span class='ocrx_word' id='word_1_246' title='bbox 1325 2279 1351 2307; x_wconf 90' lang='lat' dir='ltr'>a</span> <span class='ocrx_word' id='word_1_247' title='bbox 1387 2269 1644 2307; x_wconf 87' lang='lat' dir='ltr'>correctore.</span> <span class='ocrx_word' id='word_1_248' title='bbox 1672 2265 1871 2305; x_wconf 75' lang='lat' dir='ltr'>introsum</span> 
     </span>
     <span class='ocr_line' id='line_1_32' title="bbox 424 2329 1872 2389; baseline -0.006 -11"><span class='ocrx_word' id='word_1_249' title='bbox 424 2341 596 2389; x_wconf 89' lang='lat' dir='ltr'>uterque</span> <span class='ocrx_word' id='word_1_250' title='bbox 618 2336 659 2376; x_wconf 89' lang='lat' dir='ltr'>in</span> <span class='ocrx_word' id='word_1_251' title='bbox 680 2349 739 2389; x_wconf 90' lang='lat'>111,</span> <span class='ocrx_word' id='word_1_252' title='bbox 756 2335 865 2388; x_wconf 81' lang='lat'>534,</span> <span class='ocrx_word' id='word_1_253' title='bbox 888 2334 986 2376; x_wconf 91' lang='lat' dir='ltr'>item</span> <span class='ocrx_word' id='word_1_254' title='bbox 1001 2350 1144 2375; x_wconf 75' lang='lat' dir='ltr'>rusum</span> <span class='ocrx_word' id='word_1_255' title='bbox 1164 2334 1207 2374; x_wconf 90' lang='lat' dir='ltr'>in</span> <span class='ocrx_word' id='word_1_256' title='bbox 1227 2347 1288 2387; x_wconf 92' lang='lat'>111,</span> <span class='ocrx_word' id='word_1_257' title='bbox 1312 2333 1417 2375; x_wconf 88' lang='lat'>1001</span> <span class='ocrx_word' id='word_1_258' title='bbox 1440 2346 1494 2383; x_wconf 80' lang='lat' dir='ltr'>w,</span> <span class='ocrx_word' id='word_1_259' title='bbox 1513 2331 1593 2373; x_wconf 81' lang='lat'>333</span> <span class='ocrx_word' id='word_1_260' title='bbox 1615 2343 1653 2384; x_wconf 80' lang='lat' dir='ltr'>V,</span> <span class='ocrx_word' id='word_1_261' title='bbox 1677 2329 1757 2372; x_wconf 83' lang='lat'>749</span> <span class='ocrx_word' id='word_1_262' title='bbox 1777 2361 1784 2370; x_wconf 94' lang='lat'>.</span> <span class='ocrx_word' id='word_1_263' title='bbox 1807 2345 1872 2371; x_wconf 80' lang='lat' dir='ltr'>su-</span> 
     </span>
     <span class='ocr_line' id='line_1_33' title="bbox 424 2394 1873 2454; baseline -0.006 -10"><span class='ocrx_word' id='word_1_264' title='bbox 424 2419 514 2444; x_wconf 82' lang='lat' dir='ltr'>sum</span> <span class='ocrx_word' id='word_1_265' title='bbox 545 2403 589 2443; x_wconf 92' lang='lat' dir='ltr'>in</span> <span class='ocrx_word' id='word_1_266' title='bbox 619 2401 684 2444; x_wconf 90' lang='lat' dir='ltr'>his</span> <span class='ocrx_word' id='word_1_267' title='bbox 713 2401 833 2443; x_wconf 88' lang='lat' dir='ltr'>libris</span> <span class='ocrx_word' id='word_1_268' title='bbox 863 2401 1061 2454; x_wconf 89' lang='lat' dir='ltr'>scriptum</span> <span class='ocrx_word' id='word_1_269' title='bbox 1092 2413 1174 2441; x_wconf 92' lang='lat' dir='ltr'>non</span> <span class='ocrx_word' id='word_1_270' title='bbox 1204 2399 1315 2452; x_wconf 86' lang='lat' dir='ltr'>legi.</span> <span class='ocrx_word' id='word_1_271' title='bbox 1339 2402 1520 2440; x_wconf 85' lang='lat' dir='ltr'>ceterum</span> <span class='ocrx_word' id='word_1_272' title='bbox 1550 2396 1630 2438; x_wconf 87' lang='lat' dir='ltr'>hac</span> <span class='ocrx_word' id='word_1_273' title='bbox 1659 2394 1873 2437; x_wconf 90' lang='lat' dir='ltr'>scribendi</span> 
     </span>
     <span class='ocr_line' id='line_1_34' title="bbox 425 2460 1872 2523; baseline -0.007 -12"><span class='ocrx_word' id='word_1_274' title='bbox 425 2470 618 2523; x_wconf 85' lang='lat' dir='ltr'>ratione,</span> <span class='ocrx_word' id='word_1_275' title='bbox 651 2481 735 2522; x_wconf 89' lang='lat' dir='ltr'>qua</span> <span class='ocrx_word' id='word_1_276' title='bbox 769 2485 792 2508; x_wconf 74' lang='grc' dir='ltr'><em>ν</em></span> <span class='ocrx_word' id='word_1_277' title='bbox 829 2468 966 2509; x_wconf 87' lang='lat' dir='ltr'>littera</span> <span class='ocrx_word' id='word_1_278' title='bbox 1002 2471 1096 2521; x_wconf 86' lang='lat' dir='ltr'>post</span> <span class='ocrx_word' id='word_1_279' title='bbox 1125 2466 1315 2508; x_wconf 86' lang='lat' dir='ltr'>vocalem</span> <span class='ocrx_word' id='word_1_280' title='bbox 1344 2465 1513 2517; x_wconf 86' lang='lat' dir='ltr'>longam</span> <span class='ocrx_word' id='word_1_281' title='bbox 1543 2462 1735 2516; x_wconf 88' lang='lat' dir='ltr'>eliditur,</span> <span class='ocrx_word' id='word_1_282' title='bbox 1766 2460 1872 2503; x_wconf 88' lang='lat' dir='ltr'>nihil</span> 
     </span>
     <span class='ocr_line' id='line_1_35' title="bbox 425 2527 1872 2589; baseline -0.006 -12"><span class='ocrx_word' id='word_1_283' title='bbox 425 2535 638 2589; x_wconf 81' lang='lat' dir='ltr'>vulgatius</span> <span class='ocrx_word' id='word_1_284' title='bbox 669 2540 756 2589; x_wconf 88' lang='lat' dir='ltr'>est,</span> <span class='ocrx_word' id='word_1_285' title='bbox 787 2535 904 2576; x_wconf 88' lang='lat' dir='ltr'>cuius</span> <span class='ocrx_word' id='word_1_286' title='bbox 934 2539 1019 2576; x_wconf 91' lang='lat' dir='ltr'>tum</span> <span class='ocrx_word' id='word_1_287' title='bbox 1050 2546 1149 2575; x_wconf 88' lang='lat' dir='ltr'>casu</span> <span class='ocrx_word' id='word_1_288' title='bbox 1179 2533 1394 2574; x_wconf 89' lang='lat' dir='ltr'>immemor</span> <span class='ocrx_word' id='word_1_289' title='bbox 1425 2529 1642 2572; x_wconf 87' lang='lat' dir='ltr'>Madvicus</span> <span class='ocrx_word' id='word_1_290' title='bbox 1671 2528 1716 2570; x_wconf 91' lang='lat' dir='ltr'>in</span> <span class='ocrx_word' id='word_1_291' title='bbox 1745 2542 1787 2568; x_wconf 90' lang='lat' dir='ltr'>1v</span> <span class='ocrx_word' id='word_1_292' title='bbox 1809 2527 1872 2570; x_wconf 88' lang='lat' dir='ltr'>Ci-</span> 
     </span>
     <span class='ocr_line' id='line_1_36' title="bbox 426 2595 1873 2650; baseline -0.007 -5"><span class='ocrx_word' id='word_1_293' title='bbox 426 2602 590 2646; x_wconf 83' lang='lat' dir='ltr'>ceronis</span> <span class='ocrx_word' id='word_1_294' title='bbox 621 2602 675 2644; x_wconf 89' lang='lat' dir='ltr'>de</span> <span class='ocrx_word' id='word_1_295' title='bbox 704 2601 856 2644; x_wconf 89' lang='lat' dir='ltr'>finibus</span> <span class='ocrx_word' id='word_1_296' title='bbox 887 2601 940 2643; x_wconf 83' lang='lat'>68</span> <span class='ocrx_word' id='word_1_297' title='bbox 970 2613 1055 2642; x_wconf 88' lang='lat' dir='ltr'>nou</span> <span class='ocrx_word' id='word_1_298' title='bbox 1083 2598 1290 2641; x_wconf 86' lang='lat' dir='ltr'>intellexit</span> <span class='ocrx_word' id='word_1_299' title='bbox 1318 2597 1584 2640; x_wconf 88' lang='lat' dir='ltr'>scribendum</span> <span class='ocrx_word' id='word_1_300' title='bbox 1615 2607 1707 2637; x_wconf 89' lang='lat' dir='ltr'>esse</span> <span class='ocrx_word' id='word_1_301' title='bbox 1728 2595 1873 2650; x_wconf 77' lang='lat' dir='ltr'>Itaque</span> 
     </span>
     <span class='ocr_line' id='line_1_37' title="bbox 424 2661 1874 2722; baseline -0.008 -10"><span class='ocrx_word' id='word_1_302' title='bbox 424 2685 548 2712; x_wconf 69' lang='lat' dir='ltr'>rusus</span> <span class='ocrx_word' id='word_1_303' title='bbox 579 2668 718 2711; x_wconf 82' lang='lat' dir='ltr'>eadem</span> <span class='ocrx_word' id='word_1_304' title='bbox 747 2669 905 2710; x_wconf 73' lang='lat' dir='ltr'>ratione</span> <span class='ocrx_word' id='word_1_305' title='bbox 920 2699 931 2721; x_wconf 87' lang='lat'><em>‚</em></span> <span class='ocrx_word' id='word_1_306' title='bbox 967 2683 1050 2722; x_wconf 80' lang='lat' dir='ltr'>qua</span> <span class='ocrx_word' id='word_1_307' title='bbox 1079 2682 1169 2708; x_wconf 81' lang='lat' dir='ltr'>sum</span> <span class='ocrx_word' id='word_1_308' title='bbox 1190 2665 1322 2720; x_wconf 75' lang='lat' dir='ltr'>paulo</span> <span class='ocrx_word' id='word_1_309' title='bbox 1353 2672 1445 2705; x_wconf 73' lang='lat' dir='ltr'>ante</span> <span class='ocrx_word' id='word_1_310' title='bbox 1474 2679 1573 2705; x_wconf 78' lang='lat' dir='ltr'>usus</span> <span class='ocrx_word' id='word_1_311' title='bbox 1587 2695 1597 2716; x_wconf 85' lang='lat'>,</span> <span class='ocrx_word' id='word_1_312' title='bbox 1628 2661 1845 2704; x_wconf 70' lang='lat' dir='ltr'>ham-ebitis</span> <span class='ocrx_word' id='word_1_313' title='bbox 1860 2675 1874 2713; x_wconf 84' lang='lat'>,·</span> 
     </span>
     <span class='ocr_line' id='line_1_38' title="bbox 426 2727 1874 2789; baseline -0.007 -11"><span class='ocrx_word' id='word_1_314' title='bbox 426 2737 498 2778; x_wconf 91' lang='lat' dir='ltr'>ubi</span> <span class='ocrx_word' id='word_1_315' title='bbox 538 2736 580 2777; x_wconf 90' lang='lat' dir='ltr'>in</span> <span class='ocrx_word' id='word_1_316' title='bbox 621 2735 739 2778; x_wconf 87' lang='lat' dir='ltr'>libris</span> <span class='ocrx_word' id='word_1_317' title='bbox 775 2737 839 2776; x_wconf 87' lang='lat' dir='ltr'>est</span> <span class='ocrx_word' id='word_1_318' title='bbox 874 2733 1021 2789; x_wconf 74' lang='lat' dir='ltr'>Itaque</span> <span class='ocrx_word' id='word_1_319' title='bbox 1057 2747 1156 2774; x_wconf 78' lang='lat' dir='ltr'>usus</span> <span class='ocrx_word' id='word_1_320' title='bbox 1182 2762 1191 2772; x_wconf 93' lang='lat'>.</span> <span class='ocrx_word' id='word_1_321' title='bbox 1218 2735 1338 2773; x_wconf 89' lang='lat' dir='ltr'>vetus</span> <span class='ocrx_word' id='word_1_322' title='bbox 1372 2730 1505 2772; x_wconf 88' lang='lat' dir='ltr'>codex</span> <span class='ocrx_word' id='word_1_323' title='bbox 1550 2727 1874 2783; x_wconf 86' lang='lat' dir='ltr'>gromaticorum</span> 
     </span>
     <span class='ocr_line' id='line_1_39' title="bbox 426 2799 1210 2856; baseline -0.005 -13"><span class='ocrx_word' id='word_1_324' title='bbox 426 2816 466 2856; x_wconf 90' lang='lat' dir='ltr'>p.</span> <span class='ocrx_word' id='word_1_325' title='bbox 493 2802 583 2856; x_wconf 80' lang='lat'>195,</span> <span class='ocrx_word' id='word_1_326' title='bbox 618 2801 669 2843; x_wconf 79' lang='lat'>12</span> <span class='ocrx_word' id='word_1_327' title='bbox 699 2801 859 2843; x_wconf 75' lang='lat' dir='ltr'>diosum</span> <span class='ocrx_word' id='word_1_328' title='bbox 887 2813 963 2854; x_wconf 86' lang='lat' dir='ltr'>pro</span> <span class='ocrx_word' id='word_1_329' title='bbox 994 2799 1182 2841; x_wconf 77' lang='lat' dir='ltr'>deorsum</span> <span class='ocrx_word' id='word_1_330' title='bbox 1202 2829 1210 2839; x_wconf 90' lang='lat'>.</span> 
     </span>
    </p>

    <p class='ocr_par' dir='ltr' id='par_1_9' title="bbox 428 2861 1870 2987">
     <span class='ocr_line' id='line_1_40' title="bbox 538 2861 1870 2914; baseline -0.006 -6"><span class='ocrx_word' id='word_1_331' title='bbox 538 2869 604 2909; x_wconf 89' lang='grc'>47.</span> <span class='ocrx_word' id='word_1_332' title='bbox 636 2869 843 2910; x_wconf 57' lang='lat' dir='ltr'>Lacum</span> <span class='ocrx_word' id='word_1_333' title='bbox 864 2880 1058 2908; x_wconf 77' lang='lat' dir='ltr'>CAUSAM</span> <span class='ocrx_word' id='word_1_334' title='bbox 1077 2898 1086 2906; x_wconf 90' lang='lat'>.</span> <span class='ocrx_word' id='word_1_335' title='bbox 1108 2864 1204 2907; x_wconf 87' lang='lat' dir='ltr'>Itali</span> <span class='ocrx_word' id='word_1_336' title='bbox 1226 2877 1380 2904; x_wconf 81' lang='lat' dir='ltr'>CAUSA</span> <span class='ocrx_word' id='word_1_337' title='bbox 1399 2895 1408 2905; x_wconf 93' lang='lat'>.</span> <span class='ocrx_word' id='word_1_338' title='bbox 1430 2863 1506 2905; x_wconf 88' lang='lat' dir='ltr'>sed</span> <span class='ocrx_word' id='word_1_339' title='bbox 1537 2874 1684 2905; x_wconf 86' lang='lat' dir='ltr'>versus</span> <span class='ocrx_word' id='word_1_340' title='bbox 1711 2861 1766 2902; x_wconf 88' lang='lat'>46</span> <span class='ocrx_word' id='word_1_341' title='bbox 1788 2872 1870 2914; x_wconf 92' lang='lat' dir='ltr'>quo</span> 
     </span>
     <span class='ocr_line' id='line_1_41' title="bbox 428 2922 1653 2987; baseline -0.007 -11"><span class='ocrx_word' id='word_1_342' title='bbox 428 2933 673 2977; x_wconf 88' lang='lat' dir='ltr'>referendus</span> <span class='ocrx_word' id='word_1_343' title='bbox 705 2938 841 2987; x_wconf 88' lang='lat' dir='ltr'>esset,</span> <span class='ocrx_word' id='word_1_344' title='bbox 874 2937 970 2974; x_wconf 89' lang='lat' dir='ltr'>ante</span> <span class='ocrx_word' id='word_1_345' title='bbox 1002 2932 1234 2974; x_wconf 87' lang='lat' dir='ltr'>Bentleium</span> <span class='ocrx_word' id='word_1_346' title='bbox 1266 2944 1385 2972; x_wconf 89' lang='lat' dir='ltr'>nemo</span> <span class='ocrx_word' id='word_1_347' title='bbox 1416 2922 1653 2984; x_wconf 84' lang='lat' dir='ltr'>perspexit.</span> 
     </span>
    </p>
   </div>
  </div>
 </body>
</html>
