2040 3328
397 203 476 245 120
1097 204 1137 244 II

393 315 611 357 Lucretius
640 329 730 356 eum
751 315 869 356 clara
882 314 1110 370 praeclara
1129 314 1284 356 diurna
1306 316 1393 357 luce
1413 316 1563 358 dixerit
1584 320 1624 358 et
1649 316 1837 358 similiter

394 386 558 432 cetera,
601 386 807 423 corrector
847 380 1042 434 quadrati
1074 384 1114 422 et
1141 380 1348 423 Antonius
1379 382 1501 424 Marii
1531 383 1712 437 itemque
1742 387 1837 437 post

394 448 470 491 hos
500 461 645 490 omnes
676 452 786 490 reete
817 447 1038 502 scripsisse
1069 446 1262 489 videntur
1291 461 1481 490 LARGA.

505 516 598 558 809.
635 515 783 557 Some
823 528 963 554 mem*
1002 527 1108 554 snm
1145 527 1203 554 Eo
1239 528 1375 555 ruem
1411 529 1507 556 NON
1542 530 1719 558 POSSET
1755 531 1836 558 PU-

393 596 594 623 TANDUM
624 596 732 622 EST.
755 580 973 622 Coi-rector
1001 580 1197 634 quadrati
1228 586 1269 622 et
1298 582 1422 623 ceteri
1452 597 1600 623 Possm
1623 615 1631 623 .
1654 584 1730 626 sed
1751 585 1836 626 Ma-

392 649 524 691 rullus
546 652 769 703 praeterea
789 646 945 689 delevit
965 656 1023 689 est
1037 664 1052 701 ,-
1080 660 1163 688 non
1185 652 1321 701 reete,
1344 649 1425 690 nisi
1447 649 1619 704 insuper
1639 651 1838 694 scriberet

379 717 488 771 ficri
512 732 594 757 non
624 731 708 756 6336
732 714 992 770 putandum,
1025 718 1070 756 ut
1097 714 1140 755 in
1170 729 1229 768 111,
1247 715 1328 756 866
1349 715 1464 758 Scire
1485 716 1577 758 licet
1597 718 1710 759 nobis
1731 719 1838 760 nihil

393 798 477 824 6336
507 783 551 823 in
582 790 707 823 morte
737 780 959 822 timendum
977 813 985 822 .
1016 781 1144 822 multo
1167 781 1319 823 rectius
1340 781 1567 824 Lambinus
1597 788 1637 826 et
1665 797 1836 838 prorsus

392 861 415 890 e
437 848 739 890 consuetudine
759 851 910 902 poetae
932 848 1096 890 Scilicet
1125 848 1173 889 id
1199 850 1360 890 sz'ne'eo
1377 849 1486 903 fleri
1509 865 1589 891 mon
1609 866 1734 906 posse
1756 868 1835 907 pu-

392 916 562 957 tandum
584 924 641 957 cst
664 947 673 956 .
695 915 753 956 ita
772 915 814 955 in
836 928 888 967 1v,
907 915 987 956 773
1009 914 1174 956 Scilicet
1194 914 1355 969 idfleri
1371 915 1497 956 celeri
1512 917 1670 958 ratione
1686 927 1835 973 putan-

392 982 527 1023 dumst
541 1014 552 1034 ‚
581 987 622 1023 et
651 981 693 1022 in
720 996 763 1035 11,
783 982 864 1023 710
893 981 1056 1023 Scilicet
1086 981 1134 1022 id
1161 990 1270 1022 certa
1286 982 1396 1036 ficri
1419 983 1578 1024 ratione
1607 994 1835 1026 necessust.

391 1053 520 1090 restat
550 1053 689 1089 tamen
719 1052 763 1088 ut
791 1047 1071 1099 deliberetur,
1103 1048 1338 1101 potueritne
1368 1046 1436 1089 hie
1466 1049 1595 1090 semel
1620 1050 1837 1093 Lucretius

391 1117 497 1157 scire
519 1116 610 1156 licet
630 1114 822 1156 absolute
843 1127 1025 1169 ponere,
1049 1127 1141 1155 eum
1173 1119 1317 1156 eontra
1346 1115 1687 1157 consuetudinem
1717 1129 1836 1158 suam

391 1182 521 1224 semel
542 1182 697 1223 scilicet
716 1181 899 1235 itemque
921 1181 1050 1222 semel
1071 1180 1258 1222 videlicet
1278 1194 1367 1222 eum
1386 1181 1592 1225 infinitivo
1614 1182 1837 1225 coniunxe-

390 1249 467 1303 rit,
497 1249 539 1289 in
561 1263 603 1302 11,
625 1247 708 1290 469
728 1248 893 1291 Scilicet
914 1264 998 1290 6336
1015 1248 1185 1304 9Ζοόο3α
1199 1281 1210 1301 ,
1233 1252 1274 1290 et
1294 1249 1336 1290 in
1356 1263 1384 1302 1,
1407 1249 1490 1291 210
1518 1251 1622 1292 Esse
1651 1251 1838 1293 videlicet

391 1317 435 1358 in
465 1316 587 1357 terris
613 1315 850 1370 primordia
878 1331 1015 1356 rerum
1037 1346 1046 1355 .

501 1381 596 1423 813.
642 1396 702 1422 EA
743 1395 870 1427 QUAE
908 1395 1096 1421 TANGAS
1133 1396 1227 1427 Quo
1263 1396 1418 1424 Foru-E
1455 1397 1642 1424 COLORE
1681 1385 1836 1426 PRAE-

388 1462 508 1489 DxrA
540 1462 678 1502 SUNT,
711 1462 878 1489 VERUM
909 1462 1061 1494 QUALI
1090 1463 1272 1489 MAGNIS
1303 1463 1425 1490 APTA
1447 1465 1650 1493 meum.
1671 1453 1836 1509 Tanqas

387 1522 589 1570 uterque,
620 1528 704 1557 non
735 1517 872 1572 tanyz's
891 1548 899 1557 .
929 1516 1136 1569 oblongus
1154 1517 1325 1572 fqura
1346 1549 1355 1557 .
1383 1518 1587 1560 Praedita
1617 1533 1730 1559 SINT
1752 1519 1837 1560 Ma-

388 1583 546 1637 rullus,
578 1596 725 1623 MAGIS
747 1592 846 1638 apta
875 1587 1085 1624 corrector
1115 1584 1312 1636 quadrati
1342 1588 1383 1626 et
1412 1585 1565 1626 ceteri.

499 1651 594 1692 815.
630 1664 765 1698 mnu,
806 1664 1074 1690 PRINCIPIIS
1112 1664 1235 1691 opus
1265 1666 1383 1692 ESSE
1414 1665 1604 1692 cohoRE
1636 1683 1645 1693 .
1676 1651 1837 1693 Nonius

386 1732 426 1772 p.
448 1718 559 1771 481,
581 1717 635 1759 33
671 1718 740 1759 Sic
771 1726 806 1758 el
835 1733 938 1772 opus
967 1717 1086 1758 illam
1116 1734 1200 1759 rem
1230 1718 1395 1772 (debuit
1424 1719 1607 1761 seribere
1636 1719 1714 1761 illa
1742 1733 1837 1760 res:

387 1797 484 1826 nam
515 1784 593 1826 hoe
622 1784 826 1839 exemplis
856 1783 1023 1837 docuit,
1061 1797 1144 1826 non
1179 1785 1376 1840 alterum)
1398 1802 1479 1842 pro
1510 1787 1587 1828 illa
1616 1803 1690 1828 re.

386 1853 607 1894 Lucretius
638 1853 707 1893 lib.
737 1866 768 1891 11
798 1851 914 1894 Scire
945 1851 1037 1906 licet
1066 1852 1175 1893 m‘ln'l
1201 1853 1246 1893 in
1271 1854 1497 1909 principiis
1527 1870 1629 1909 opus
1659 1870 1744 1896 6336
1773 1870 1835 1896 co—

385 1919 491 1961 lores
508 1950 517 1959 .
539 1918 645 1974 nihil
674 1918 874 1972 interestb:
907 1917 1137 1960 scribemus
1167 1922 1307 1961 tamen
1338 1921 1476 1975 potius
1507 1934 1601 1962 eum
1630 1921 1836 1963 Lambino

386 2000 623 2041 conones,
646 1986 748 2039 quia
769 1989 810 2027 et
830 1985 1108 2038 antiquiorem
1129 1989 1277 2028 testem
1298 1987 1423 2030 habet
1444 1992 1484 2030 et
1504 1988 1641 2030 minus
1661 1989 1838 2042 vulgare

385 2057 478 2095 est.
509 2054 553 2094 in
582 2052 720 2095 Plauti
750 2052 972 2094 Baeohisin
1001 2066 1056 2102 1v,
1073 2052 1113 2106 4,
1129 2053 1183 2095 56
1218 2054 1441 2107 legendum
1479 2059 1542 2097 est
1579 2055 1670 2111 Eyo
1706 2055 1835 2097 dabo.

384 2129 467 2161 tum
497 2121 612 2162 nobis
642 2135 744 2175 opus
775 2129 832 2162 cst
860 2127 1047 2174 sumplus
1064 2152 1074 2162 .
1101 2136 1152 2173 a,
1175 2121 1343 2175 placide
1372 2123 1460 2164 volo
1499 2123 1632 2164 Unum
1662 2123 1836 2178 quicque

384 2202 558 2242 ayamus
573 2203 587 2240 ,·
616 2186 688 2228 ubi
717 2186 814 2228 libri
844 2186 999 2228 habent
1027 2195 1191 2242 sumptu
1213 2218 1221 2227 .

496 2253 590 2297 821.
622 2253 909 2296 OMmeus
930 2267 1149 2294 PERFUSA
1171 2268 1442 2296 conomssus
1461 2287 1469 2296 .
1487 2256 1726 2313 Ornnzyenzk
1747 2269 1834 2298 eor-

383 2323 518 2362 reetor
548 2320 746 2374 quadrati
764 2354 775 2374 ‚
813 2321 1018 2362 Antonius
1053 2321 1349 2375 Florentinus,
1392 2322 1601 2376 ceterique
1633 2353 1643 2363 .
1681 2323 1834 2365 rectius

388 2381 525 2429 O'MNE
552 2403 683 2442 ycnus
700 2420 709 2429 .

494 2453 589 2495 827,
620 2451 1095 2496 D1STRAH1'rUR'Hoc
1126 2469 1276 2495 MAGIS
1306 2470 1455 2497 MAors
1485 2471 1569 2497 EST
1599 2490 1607 2498 .
1635 2457 1704 2499 Sic
1733 2471 1832 2512 qua-

382 2520 527 2562 dratus
553 2554 562 2574 ,
595 2522 670 2563 sed
708 2523 942 2564 Discraitur
970 2554 978 2562 .
1011 2523 1218 2576 oblongus
1256 2526 1368 2564 reete
1396 2524 1659 2566 Distralzz'cur
1687 2539 1832 2566 MAGIS

379 2602 473 2629 noe
504 2589 637 2644 magis
668 2598 749 2643 esc,
780 2589 856 2631 sed
886 2603 912 2631 a
942 2594 1175 2632 correctore
1215 2589 1382 2632 Saxone
1417 2591 1460 2632 in
1498 2591 1627 2634 litura
1660 2592 1833 2636 totidem

379 2655 610 2697 litterarum
640 2657 775 2712 maqis
804 2657 876 2698 hoc
893 2689 902 2697 .

491 2723 585 2765 829.
630 2737 689 2764 UT
734 2737 810 2764 FIT
840 2738 920 2764 UBI
963 2739 1010 2764 IN
1055 2738 1241 2765 PARvAs
1284 2738 1457 2765 PARTIS
1503 2739 1832 2768 mscmsz'run

379 2803 578 2830 AURUM:
615 2790 853 2832 PURPURA
890 2805 1271 2838 Poumcrmsour:
1309 2806 1469 2833 COLOR
1505 2807 1831 2835 cLAmssmth

378 2870 570 2910 Munro,
607 2858 817 2898 FILATIM
861 2873 955 2900 cum
990 2873 1305 2901 msa-nmmum
1340 2874 1452 2914 EST,
1488 2874 1832 2901 D1SPERDITUR

381 2936 525 2965 enims
549 2955 557 2964 .
589 2925 650 2966 Ex
677 2924 741 2966 his
769 2929 865 2969 ante
888 2927 1028 2970 omnia
1049 2926 1350 2970 removendum
1378 2932 1442 2969 est
1467 2927 1717 2979 vocabulum
1739 2926 1830 2971 bar-
