2040 3328
847 229 914 271 III
1537 228 1620 270 205

140 329 362 399 glossariis
369 343 597 399 ficeculam
629 347 671 385 et
686 342 922 400 fecetulam
950 342 1152 396 invenio,
1175 340 1291 396 apud
1312 341 1497 383 Nonium
1516 343 1620 398 fice-

141 412 272 454 tulam
303 416 345 454 et
375 411 692 467 querquetulam
722 425 762 466 p.
779 411 848 466 48,
867 411 923 453 20
939 410 1035 466 274,
1056 410 1105 451 11
1124 410 1191 465 91,
1208 409 1263 463 4,
1286 408 1401 464 apud
1423 410 1622 452 Plautum

139 480 184 522 in
205 479 410 522 Asinaria
430 493 490 533 111,
507 479 546 534 3,
568 478 648 521 104
670 483 712 522 et
743 479 787 521 in
808 478 1000 534 Captivis
1019 493 1060 534 v,
1078 478 1118 534 4,
1134 478 1161 521 5
1190 477 1448 520 monerulam
1467 509 1476 518 .
1499 477 1621 520 Luci-

137 547 186 590 lii
217 547 332 604 apud
363 547 551 590 Nonium
582 546 780 590 versiculi
812 546 874 589 sic
902 547 1077 601 legendi
1108 550 1233 601 sunt,
1264 554 1301 588 et
1331 547 1487 588 civ-cum
1519 546 1619 588 voli-

138 625 227 659 tant
241 616 420 672 fleetula
435 649 447 670 ,
471 615 591 658 turdi
608 616 762 659 Curatz‘
785 616 885 657 scite
901 631 914 656 :
935 615 1031 657 libri
1039 615 1240 672 fleetulae
1261 617 1303 656 et
1329 614 1488 656 curatis
1507 615 1619 656 soci.

139 683 194 727 de
224 685 400 739 cuneta,
423 697 535 738 quae
566 683 770 726 cunabula
801 682 954 725 dicitur
992 683 1035 725 in
1073 682 1296 737 glossariis
1328 682 1519 724 Labbaei
1549 682 1622 734 (ea

139 751 316 794 Graecis
347 756 413 794 est
432 747 582 808 κονίλη
612 749 756 804 media
776 750 949 807 syllaba
977 750 1232 806 producta),
1256 750 1490 805 expectabo
1513 749 1621 791 iudi·

139 820 249 863 cium
266 819 504 862 doctiorum
517 852 527 861 .
544 832 596 862 ac
611 818 739 863 video
755 818 986 861 Ritschelio
1003 819 1059 862 ad
1076 819 1369 861 Trinummum
1386 832 1428 874 p.
1439 832 1620 859 ccrxxnr

138 887 314 944 probari
345 889 530 931 cunilam
561 887 704 930 media
734 891 954 943 correpta.

255 956 376 999 1016.
409 971 471 997 nr:
503 969 628 997 sAxo
659 969 839 998 morus
869 969 1064 998 norum.
1092 956 1274 998 Prorsus
1302 955 1475 1010 egregie
1497 955 1620 997 Lam-

138 1024 265 1068 binus
295 1026 419 1068 iaetu’
449 1038 681 1066 DEORSUM
699 1060 710 1071 .

254 1093 378 1136 1017.
408 1093 664 1148 VERBERA,
684 1107 1317 1148 CARN1r1cEs,R013UR,P1x
1335 1126 1345 1148 ,
1365 1106 1451 1133 IAM
1468 1106 1618 1147 MINA,

139 1177 300 1204 TAEDE
317 1195 326 1203 .
351 1161 596 1214 Quadratus
618 1162 832 1217 carnificis
849 1195 859 1205 .
882 1166 970 1203 tum
991 1161 1181 1204 eiusdem
1203 1165 1415 1204 eon-ector
1437 1162 1619 1215 lamina,

137 1231 282 1285 itaque
302 1230 490 1272 Venetus
513 1229 652 1271 editor
681 1233 723 1272 et
744 1229 946 1272 Marullus
969 1263 976 1272 .
1000 1229 1080 1272 hoc
1102 1230 1260 1272 rectius
1281 1229 1478 1272 scribitur
1498 1243 1619 1270 LAM-

135 1311 256 1339 mnA
275 1312 285 1353 ς
307 1298 375 1340 eui
396 1310 470 1340 cur
494 1297 730 1340 breviorem
753 1297 931 1340 formam
949 1331 959 1354 ,
983 1311 1094 1352 quae
1115 1303 1179 1340 est
1201 1299 1344 1340 lamna
1359 1331 1370 1352 ,
1392 1297 1468 1339 Ph.
1488 1298 1618 1352 Wag-

135 1380 265 1410 nerus
286 1366 511 1410 adversari
533 1365 648 1408 dicat
677 1366 720 1408 in
751 1365 1060 1420 orthographia
1080 1366 1329 1420 Vergiliana
1359 1380 1400 1422 p.
1417 1366 1503 1407 444
1533 1379 1618 1408 non

137 1447 344 1490 assequor
361 1467 370 1476 .
399 1435 624 1477 lamminae
653 1433 770 1488 apud
803 1434 1060 1476 Frontonem
1091 1449 1131 1490 p.
1155 1435 1264 1490 240,
1296 1435 1498 1477 lammina
1518 1434 1621 1476 Pru·

137 1503 308 1548 dentius
337 1503 502 1547 Heinsii
530 1502 623 1558 peri
654 1502 791 1558 steph.
808 1502 848 1558 5,
866 1503 948 1558 62,
971 1503 1034 1546 sic
1064 1507 1185 1547 vetus
1215 1503 1358 1545 Plauti
1390 1502 1434 1544 in
1465 1503 1619 1545 Asina-

136 1571 203 1614 ria
237 1586 298 1627 111,
319 1571 359 1626 2,
380 1570 435 1626 4,
458 1570 595 1614 codex
632 1571 809 1613 Arnobii
846 1571 955 1614 libro
994 1586 1038 1613 VI
1074 1586 1115 1628 p.
1135 1572 1243 1627 201,
1272 1571 1446 1614 Tacitus
1487 1571 1620 1613 Medi-

137 1651 237 1683 ceus
267 1638 541 1682 historiarum
562 1654 589 1691 1,
608 1640 662 1683 79
682 1672 692 1695 ,
715 1653 794 1683 nec
825 1639 974 1683 debuit
992 1641 1138 1696 sperni
1170 1640 1214 1683 in
1236 1639 1382 1692 Ovidii
1414 1639 1620 1683 fastorum

136 1707 265 1764 1,·208
283 1740 293 1751 .

253 1775 377 1819 1019.
408 1789 704 1824 TORRETQUE
734 1791 1037 1820 FLAGELms.
1067 1778 1214 1820 Potest
1251 1777 1408 1832 aliquis
1446 1778 1520 1819 uri
1547 1776 1619 1819 fla-

135 1843 291 1900 gellis,
319 1845 478 1887 torreri
493 1858 578 1887 non
601 1849 768 1901 potest.
792 1846 845 1888 N.
877 1846 1078 1889 Heinsius
1109 1846 1152 1888 in
1182 1845 1446 1888 adversariis
1476 1860 1518 1901 p.
1540 1846 1617 1888 177

136 1921 376 1969 torquetque
392 1945 402 1955 .
425 1912 502 1956 sed
531 1913 612 1955 hoc
632 1926 803 1968 quoque
832 1913 1037 1956 nimium:
1061 1914 1165 1957 satis
1198 1918 1261 1957 est
1290 1913 1457 1956 adhibet
1477 1915 1619 1957 stimu-

137 1981 200 2024 los
229 1995 523 2027 TERRETQUE
539 1981 763 2038 flayellis.

255 2049 377 2092 1031.
410 2063 563 2091 suren
593 2063 674 2090 me
704 2063 954 2092 LUCUNAS.
978 2050 1046 2093 Ita
1067 2050 1308 2104 oblongus:
1330 2050 1374 2093 in
1405 2049 1616 2105 quadrato

137 2117 235 2174 ipsa
262 2118 402 2174 prima
422 2130 573 2160 manus
603 2131 657 2160 ex
688 2134 715 2160 u
737 2117 838 2160 fecit
868 2135 920 2161 a.
942 2119 987 2160 in
1018 2133 1073 2174 vr,
1090 2119 1174 2162 538
1204 2123 1384 2173 uterque
1415 2120 1616 2162 lucunas.

135 2186 182 2229 in
211 2185 363 2229 eodem
392 2185 477 2229 552
508 2187 684 2229 lucunas
710 2186 848 2241 prima
877 2200 1006 2230 manu
1027 2185 1266 2243 oblongus,
1289 2187 1526 2242 quadratus
1557 2189 1618 2230 Za-

135 2270 293 2297 cunas.
315 2254 359 2296 in
389 2254 623 2309 georgicon
653 2269 714 2310 111,
732 2255 816 2298 365
837 2255 1055 2298 Mediceus
1085 2256 1224 2311 prima
1253 2269 1383 2298 manu
1413 2256 1590 2299 lucanae
1608 2289 1617 2299 .

135 2321 216 2365 hoc
244 2335 329 2377 quo
361 2321 606 2366 confirmem
635 2327 808 2379 praeter
838 2323 1037 2379 exempla
1066 2323 1109 2366 in
1130 2324 1376 2379 praesentia
1406 2324 1513 2366 nihil
1545 2324 1618 2367 ha-

135 2390 243 2434 beo:
266 2390 344 2434 sed
374 2390 506 2433 malui
528 2391 760 2434 observare
781 2395 822 2434 et
841 2391 1026 2447 posteris
1054 2391 1354 2434 illustrandum
1376 2393 1618 2447 relinquere

135 2472 297 2515 quam,
325 2458 442 2514 quod
472 2459 612 2502 adhuc
643 2459 802 2503 factum
832 2463 927 2516 est,
957 2460 1098 2502 celare
1126 2493 1135 2502 .
1165 2465 1351 2503 ceterum
1387 2461 1484 2503 libri
1517 2461 1618 2503 olim

135 2527 333 2583 impressi
364 2532 406 2571 et
425 2527 632 2571 Marullus
662 2528 823 2571 habent
851 2545 1055 2586 superare
1085 2529 1294 2584 lacunas,·
1315 2542 1397 2583 quo
1428 2528 1616 2570 admisso

99 2619 102 2621 >
136 2598 279 2638 tamen
307 2609 393 2639 non
424 2596 586 2639 tollitur
615 2597 798 2640 molesta
827 2610 879 2639 ac
899 2609 1075 2651 prorsus
1107 2597 1388 2654 intolerabilis
1411 2596 1617 2638 orationis

138 2662 428 2706 abundantia.
451 2677 583 2719 quare
614 2659 757 2708 verius
779 2678 874 2708 esse
905 2677 1060 2708 censeo
1083 2665 1325 2707 Lucretium
1357 2664 1434 2706 hos
1467 2677 1617 2706 versus

135 2730 274 2786 primo
304 2730 431 2774 aliter
461 2733 642 2788 scriptos
664 2732 838 2775 dedisse
854 2765 864 2783 ‚
886 2745 1000 2774 nunc
1030 2737 1171 2775 autem
1193 2733 1345 2774 ceteris
1373 2732 1434 2774 ita
1453 2735 1499 2773 ut
1520 2735 1619 2773 sunt

135 2799 374 2859 constitutis
402 2800 515 2842 hunc
540 2813 711 2842 versum
742 2813 770 2842 a
790 2805 1054 2855 correctore,
1078 2813 1203 2855 quem
1226 2813 1356 2854 saepe
1388 2799 1618 2853 neglegen-

134 2867 345 2911 tissimum
367 2866 500 2918 fuisse
521 2866 787 2923 videbimus,
810 2868 967 2910 iniuria
988 2872 1203 2911 servatum
1226 2881 1349 2922 esse,
1373 2880 1466 2910 cum
1489 2866 1616 2910 debe-

135 2939 200 2979 ret
229 2934 542 2979 circumscribi.
