2040 3328
907 246 945 290 V
1589 245 1671 290 291

187 379 268 409 nus
283 362 382 407 dum
397 364 488 407 volo
505 379 592 406 esse
607 363 783 406 conviva
798 396 810 418 ,
832 362 1072 406 Orationem
1089 363 1135 405 in
1151 361 1326 405 Antium
1338 362 1560 418 petitorem
1576 359 1672 402 Ple-

187 450 286 476 nam
300 433 452 476 veneni
465 440 502 474 et
514 430 781 487 pestilentiae
798 432 886 490 leqi
895 464 906 485 ‚
927 444 1015 473 non
1031 431 1131 487 Zeqit
1144 463 1156 485 ‚
1177 434 1224 472 ut
1239 430 1370 486 paulo
1386 432 1485 485 post
1499 429 1543 471 si
1553 427 1672 484 nefa-

185 502 256 544 ria
285 502 447 557 scripta
476 499 590 543 Sesti
615 515 782 556 reoepso
805 531 815 542 .
846 503 891 542 at
919 499 964 541 in
994 498 1134 554 prima
1169 497 1455 540 multitudinis
1486 508 1676 552 persona

183 574 339 631 poetae
358 567 684 623 ambiguitatem
713 581 799 610 non
819 567 945 611 veriti
972 565 1165 623 syllabas
1197 570 1526 608 contraxerunt.
1548 564 1673 607 Plau-

185 642 254 682 tus
283 638 327 680 in
348 636 536 680 Poenulo
557 650 584 692 1,
603 636 642 690 2,
659 638 686 680 9
707 636 821 678 Nam
851 651 926 678 nos
945 650 1078 691 usque
1108 634 1160 676 ab
1182 649 1342 676 aurora
1371 633 1432 676 ad
1459 634 1533 676 hoc
1563 631 1678 690 quod

185 706 310 750 dieist
329 707 401 749 Ea:
427 704 643 748 industria
664 705 809 747 ambae
838 718 1068 760 numquam
1097 717 1386 744 concessamus
1407 702 1578 744 Lavari
1602 710 1676 744 aut

180 774 345 830 fricari
356 806 366 815 .
388 773 614 816 Terentius
634 773 678 815 in
694 771 902 828 Adelphis
917 785 977 826 111,
994 771 1034 826 3,
1057 770 1105 812 11
1129 785 1288 812 omnem
1307 785 1396 812 rem
1412 769 1534 813 modo
1554 770 1672 823 seni,

184 843 276 896 Quo
286 850 410 900 pacto
426 842 615 894 haberet,
641 856 890 883 enarramus
905 838 1054 882 ordine
1070 870 1080 881 .
1098 837 1315 892 Vergilius
1332 839 1439 880 Aen.
1458 851 1499 892 V,
1510 837 1563 880 57
1581 836 1673 879 Ad-

183 927 328 954 sumus
358 919 395 953 et
410 918 559 967 portus
589 908 722 952 delati
742 909 950 951 intramus
981 907 1139 950 amicos
1156 939 1166 948 .
1189 906 1437 962 Propertius
1458 905 1672 960 111‚15‚39

183 979 320 1032 Quam
349 978 483 1021 multa
513 976 710 1035 adposita
737 992 966 1019 narramus
995 976 1121 1018 verba
1158 975 1332 1017 lucerna
1347 974 1365 1017 l
1386 975 1522 1027 Quam
1552 974 1672 1016 vario

182 1047 382 1104 amplexu
411 1054 621 1088 mutamus
650 1044 880 1088 bracchia!
900 1043 1158 1100 Calpurnius
1180 1043 1219 1097 7,
1241 1043 1292 1086 18
1323 1060 1397 1086 neo
1426 1043 1537 1086 mihi

183 1114 321 1158 Grata
349 1115 486 1172 magis
502 1114 677 1172 fuerint
706 1130 832 1170 quam
863 1128 970 1169 quae
999 1121 1234 1170 spectamus
1263 1113 1309 1154 in
1338 1112 1439 1154 urbe
1457 1143 1467 1153 .
1493 1113 1672 1168 Proper-

182 1184 266 1227 tius
295 1183 341 1225 in
370 1197 415 1234 11,
433 1183 471 1238 7,
489 1182 516 1224 2
531 1182 688 1239 flemus
716 1190 888 1238 uterque
919 1180 1021 1236 diu,
1052 1181 1119 1223 Ni
1143 1196 1219 1223 nos
1251 1179 1458 1223 divideret
1472 1196 1487 1236 ,-
1515 1181 1584 1223 cui
1616 1181 1671 1224 si—

182 1251 405 1294 millimum
436 1254 501 1294 est
529 1267 676 1294 nomus
705 1250 861 1292 Ennii.

296 1320 392 1363 397.
425 1333 522 1361 cum
557 1331 1024 1361 PnrosrANARAPAx
1060 1331 1138 1358 VIS
1164 1348 1173 1357 .
1202 1315 1448 1368 Quadratus
1483 1326 1671 1374 petonta·

180 1403 328 1444 napax
346 1420 356 1430 .
382 1387 483 1430 Itali
514 1388 717 1431 Phetonta
746 1403 888 1444 rapax
903 1420 914 1442 ‚
941 1387 1085 1442 itaque
1118 1386 1354 1429 Brixiensis
1385 1385 1517 1429 editio
1535 1421 1544 1430 .
1572 1400 1671 1430 mox

181 1456 392 1510 oblongus
419 1457 670 1513 phaetonta,
690 1455 926 1511 quadratus
957 1456 1150 1498 baetonta
1168 1487 1178 1497 .

294 1525 392 1568 399.
423 1538 505 1566 IRA
542 1538 639 1566 CUM
674 1538 916 1566 Puucmus
940 1556 949 1565 .
978 1522 1224 1575 Quadratus
1260 1524 1331 1566 ira
1366 1524 1643 1580 compercitus
1657 1557 1669 1579 ,

180 1593 388 1636 Marullus
419 1608 516 1636 rum
538 1594 755 1651 percitus.

290 1662 390 1706 400.
420 1675 634 1703 Rursum
663 1675 902 1703 numius
933 1675 1051 1703 reru
1069 1696 1078 1705 .
1102 1659 1329 1704 Correotor
1356 1659 1535 1715 oblongi
1558 1674 1671 1704 rm.-

178 1743 314 1772 mms
331 1763 341 1772 .

291 1798 390 1842 405.
422 1812 623 1840 GRATUM
641 1831 650 1841 .
672 1798 773 1841 Itali
805 1798 1011 1842 GRAIUM
1029 1831 1038 1841 .

290 1867 388 1911 410.
435 1868 540 1910 Aur
585 1882 811 1909 pannum
856 1882 942 1909 RES
972 1901 981 1910 .
1019 1867 1240 1910 Librarius
1286 1867 1484 1922 quadrati
1530 1868 1667 1923 primo

181 1934 414 1991 scripserat
452 1936 528 1988 Ut,
559 1940 647 1978 tum
685 1935 785 1978 fecit
814 1937 919 1979 AUt
937 1969 946 1978 .
969 1935 1121 1979 horum
1158 1939 1353 1978 neutrum
1391 1949 1539 1979 verum
1577 1941 1667 1992 est,

179 2002 257 2045 sed
277 2003 405 2046 scribi
438 2003 565 2047 debet
586 2005 653 2046 Er
685 2003 836 2047 ordine
867 2017 1068 2048 versuum
1100 2008 1290 2047 mutato.
1314 2015 1388 2048 aut
1418 2007 1478 2050 ita
1499 2007 1669 2063 capien-

180 2069 280 2113 dum
312 2070 449 2127 foret,
470 2076 541 2127 ut,
565 2073 648 2114 nisi
678 2073 744 2116 vis
776 2072 940 2127 ignium
972 2073 1207 2128 aliquando
1239 2074 1436 2130 cederet,
1459 2089 1528 2118 res
1558 2076 1669 2131 peri-

179 2142 302 2182 turae
335 2153 432 2183 esse
462 2140 730 2187 dicerentur:
763 2141 824 2184 ita
853 2145 996 2184 autem
1036 2142 1181 2196 ignem
1212 2159 1416 2199 superare
1443 2160 1592 2200 posse,
1623 2148 1670 2187 ut

177 2220 408 2263 numquam
438 2209 712 2264 revincatur,
734 2208 947 2265 Epicurus
977 2215 1135 2264 negat.

290 2276 388 2318 412.
411 2290 644 2320 ΗοΜΙΝυΜ
665 2292 857 2319 MULTAS
879 2292 1083 2324 QUANDO
1114 2293 1297 2321 oenum·
1319 2294 1493 2322 UNDIS.
1517 2281 1668 2337 Inepte

178 2343 406 2394 Antonius,
427 2345 551 2388 Marii
574 2379 583 2400 ‚
617 2345 816 2389 Gifanius
838 2379 848 2402 ,
880 2346 1176 2391 Wakefieldus
1199 2381 1208 2403 ,
1241 2348 1452 2392 hominum
1488 2351 1640 2393 multos
1657 2383 1668 2393 .

179 2411 387 2455 Marullus
418 2414 576 2469 optime
606 2415 760 2457 multas
790 2429 931 2457 muns
951 2449 960 2458 .

290 2481 388 2524 425.
422 2480 820 2530 Ommmomso'ur:
858 2498 1040 2526 cornu.
1073 2484 1344 2529 correctores
1382 2486 1668 2542 antiquissimi

180 2561 330 2591 coum
346 2582 358 2604 ‚
380 2553 428 2592 ut
455 2563 584 2594 versu
617 2552 699 2596 190
715 2585 725 2595 .

290 2617 388 2660 428.
421 2617 719 2661 Ommcnsus
757 2635 946 2664 comus
963 2657 972 2666 .
1004 2621 1227 2665 Corrector
1263 2622 1439 2676 oblongi
1478 2623 1668 2679 Omnzjqe—

178 2700 280 2727 nos.
302 2684 380 2728 sed
410 2685 453 2727 in
483 2686 592 2728 libro
625 2688 779 2743 1,1026
810 2693 925 2733 reete
956 2691 1161 2747 scriptum
1193 2695 1258 2734 est
1288 2691 1429 2735 OMNE
1456 2707 1617 2748 ymas,

290 2752 388 2796 429.
418 2767 480 2794 EA
512 2767 608 2799 QUE
639 2769 900 2799 CONVENTA
930 2772 1186 2799 Rarum-s.
1208 2758 1277 2801 Ad
1306 2759 1462 2802 librum
1493 2759 1666 2814 11,1061

178 2819 268 2862 dixi
298 2820 526 2875 legendum
558 2834 654 2865 esse
685 2837 948 2868 cosvucu
967 2859 978 2869 .

291 2888 388 2933 430.
419 2904 614 2931 FLUUNT
644 2906 874 2934 Exortum
906 2907 1089 2935 SAEPE.
1111 2895 1162 2936 In
1183 2895 1369 2938 secundo
1388 2897 1574 2952 flerent:
1598 2898 1667 2941 hie

176 2956 273 2999 Itali
306 2962 420 3000 recte
449 2973 596 3000 mour
614 2992 623 3001 .
646 2960 721 3003 sed
745 2966 972 3017 praeterea
1001 2975 1055 3005 ex
1084 2962 1194 3005 libro
1225 2964 1414 3007 secundo
1437 2966 1662 3009 adsumen-

176 3024 277 3068 dum
309 3031 374 3069 est
403 3041 594 3069 SEMPER
610 3061 620 3079 ‚
642 3028 723 3072 hoc
754 3034 818 3073 est
838 3031 1035 3085 quotiens
1059 3031 1119 3074 ita
1147 3031 1359 3076 elementa
1380 3033 1438 3076 ad
1457 3035 1661 3079 mundum

1308 3101 1394 3144 19*
