<?xml version="1.0" encoding="UTF-8"?>
<!DOCTYPE html PUBLIC "-//W3C//DTD XHTML 1.0 Transitional//EN"
    "http://www.w3.org/TR/xhtml1/DTD/xhtml1-transitional.dtd">
<html xmlns="http://www.w3.org/1999/xhtml" xml:lang="en" lang="en">
 <head>
  <title>
</title>
<meta http-equiv="Content-Type" content="text/html;charset=utf-8" />
  <meta name='ocr-system' content='tesseract 3.04.00' />
  <meta name='ocr-capabilities' content='ocr_page ocr_carea ocr_par ocr_line ocrx_word'/>
</head>
<body>
  <div class='ocr_page' id='page_1' title='image "./intlucretiicarid00lachuoft_0189.png"; bbox 0 0 2040 3328; ppageno 0'>
   <div class='ocr_carea' id='block_1_1' title="bbox 859 223 1634 269">
    <p class='ocr_par' dir='ltr' id='par_1_1' title="bbox 859 223 1634 269">
     <span class='ocr_line' id='line_1_1' title="bbox 859 223 1634 269; baseline -0.003 -1"><span class='ocrx_word' id='word_1_1' title='bbox 859 226 924 269; x_wconf 93' lang='lat' dir='ltr'>III</span> <span class='ocrx_word' id='word_1_2' title='bbox 1555 223 1634 266; x_wconf 82' lang='lat'>185</span> 
     </span>
    </p>
   </div>
   <div class='ocr_carea' id='block_1_2' title="bbox 141 338 1643 3047">
    <p class='ocr_par' dir='ltr' id='par_1_2' title="bbox 141 338 1643 2309">
     <span class='ocr_line' id='line_1_2' title="bbox 152 338 1638 400; baseline -0.005 -13"><span class='ocrx_word' id='word_1_3' title='bbox 152 343 388 400; x_wconf 85' lang='lat' dir='ltr'>quadratus</span> <span class='ocrx_word' id='word_1_4' title='bbox 418 342 556 398; x_wconf 90' lang='lat' dir='ltr'>prima</span> <span class='ocrx_word' id='word_1_5' title='bbox 586 354 742 397; x_wconf 89' lang='lat' dir='ltr'>manu,</span> <span class='ocrx_word' id='word_1_6' title='bbox 771 341 958 394; x_wconf 84' lang='lat' dir='ltr'><strong>itemque</strong></span> <span class='ocrx_word' id='word_1_7' title='bbox 980 351 1007 382; x_wconf 90' lang='lat' dir='ltr'>a</span> <span class='ocrx_word' id='word_1_8' title='bbox 1029 342 1267 382; x_wconf 89' lang='lat' dir='ltr'>correctore</span> <span class='ocrx_word' id='word_1_9' title='bbox 1299 338 1523 394; x_wconf 84' lang='lat' dir='ltr'>oblongus,</span> <span class='ocrx_word' id='word_1_10' title='bbox 1554 355 1638 381; x_wconf 79' lang='lat' dir='ltr'>res·</span> 
     </span>
     <span class='ocr_line' id='line_1_3' title="bbox 149 406 1635 470; baseline -0.005 -15"><span class='ocrx_word' id='word_1_11' title='bbox 149 428 280 470; x_wconf 80' lang='lat' dir='ltr'>puere</span> <span class='ocrx_word' id='word_1_12' title='bbox 309 413 439 454; x_wconf 76' lang='lat' dir='ltr'>iectus</span> <span class='ocrx_word' id='word_1_13' title='bbox 461 443 470 452; x_wconf 91' lang='lat'><em>.</em></span> <span class='ocrx_word' id='word_1_14' title='bbox 492 411 535 452; x_wconf 92' lang='lat' dir='ltr'>in</span> <span class='ocrx_word' id='word_1_15' title='bbox 573 410 697 453; x_wconf 90' lang='lat' dir='ltr'>tertio</span> <span class='ocrx_word' id='word_1_16' title='bbox 736 409 970 464; x_wconf 89' lang='lat' dir='ltr'>quadratus</span> <span class='ocrx_word' id='word_1_17' title='bbox 1001 416 1126 464; x_wconf 78' lang='lat' dir='ltr'>queat</span> <span class='ocrx_word' id='word_1_18' title='bbox 1155 416 1274 449; x_wconf 77' lang='lat' dir='ltr'>artus</span> <span class='ocrx_word' id='word_1_19' title='bbox 1296 439 1304 447; x_wconf 95' lang='lat'><strong><em>.</em></strong></span> <span class='ocrx_word' id='word_1_20' title='bbox 1327 407 1372 449; x_wconf 91' lang='lat' dir='ltr'>in</span> <span class='ocrx_word' id='word_1_21' title='bbox 1410 406 1635 450; x_wconf 88' lang='lat' dir='ltr'>undecimo</span> 
     </span>
     <span class='ocr_line' id='line_1_4' title="bbox 154 475 1636 535; baseline -0.005 -11"><span class='ocrx_word' id='word_1_22' title='bbox 154 480 366 534; x_wconf 87' lang='lat' dir='ltr'>oblongus</span> <span class='ocrx_word' id='word_1_23' title='bbox 397 495 528 535; x_wconf 81' lang='lat' dir='ltr'>neque</span> <span class='ocrx_word' id='word_1_24' title='bbox 560 479 675 521; x_wconf 70' lang='lat' dir='ltr'>exire</span> <span class='ocrx_word' id='word_1_25' title='bbox 706 510 715 519; x_wconf 90' lang='lat'><strong>.</strong></span> <span class='ocrx_word' id='word_1_26' title='bbox 757 490 880 520; x_wconf 92' lang='lat' dir='ltr'>omne</span> <span class='ocrx_word' id='word_1_27' title='bbox 911 480 1053 518; x_wconf 89' lang='lat' dir='ltr'>autem</span> <span class='ocrx_word' id='word_1_28' title='bbox 1082 479 1381 529; x_wconf 85' lang='lat' dir='ltr'><strong>argumentum</strong></span> <span class='ocrx_word' id='word_1_29' title='bbox 1411 479 1454 518; x_wconf 91' lang='lat' dir='ltr'>et</span> <span class='ocrx_word' id='word_1_30' title='bbox 1482 475 1636 530; x_wconf 90' lang='lat' dir='ltr'>imper-</span> 
     </span>
     <span class='ocr_line' id='line_1_5' title="bbox 154 543 1635 599; baseline -0.004 -8"><span class='ocrx_word' id='word_1_31' title='bbox 154 547 310 592; x_wconf 85' lang='lat' dir='ltr'>fectum</span> <span class='ocrx_word' id='word_1_32' title='bbox 348 551 414 590; x_wconf 85' lang='lat' dir='ltr'>est</span> <span class='ocrx_word' id='word_1_33' title='bbox 450 551 492 589; x_wconf 88' lang='lat' dir='ltr'>et</span> <span class='ocrx_word' id='word_1_34' title='bbox 522 550 664 589; x_wconf 86' lang='lat' dir='ltr'>cetera</span> <span class='ocrx_word' id='word_1_35' title='bbox 693 544 988 599; x_wconf 81' lang='lat' dir='ltr'>interrumpit,</span> <span class='ocrx_word' id='word_1_36' title='bbox 1027 543 1198 599; x_wconf 82' lang='lat' dir='ltr'>ipsique</span> <span class='ocrx_word' id='word_1_37' title='bbox 1228 556 1377 586; x_wconf 87' lang='lat' dir='ltr'>versus</span> <span class='ocrx_word' id='word_1_38' title='bbox 1412 543 1526 586; x_wconf 86' lang='lat' dir='ltr'>infra</span> <span class='ocrx_word' id='word_1_39' title='bbox 1556 556 1635 585; x_wconf 85' lang='lat' dir='ltr'>suo</span> 
     </span>
     <span class='ocr_line' id='line_1_6' title="bbox 153 611 1636 669; baseline -0.003 -11"><span class='ocrx_word' id='word_1_40' title='bbox 153 615 248 658; x_wconf 87' lang='lat' dir='ltr'>loco</span> <span class='ocrx_word' id='word_1_41' title='bbox 270 619 491 658; x_wconf 88' lang='lat' dir='ltr'>recurrunt</span> <span class='ocrx_word' id='word_1_42' title='bbox 513 614 556 656; x_wconf 91' lang='lat' dir='ltr'>in</span> <span class='ocrx_word' id='word_1_43' title='bbox 576 614 686 656; x_wconf 91' lang='lat' dir='ltr'>libro</span> <span class='ocrx_word' id='word_1_44' title='bbox 709 628 748 669; x_wconf 91' lang='lat' dir='ltr'>v,</span> <span class='ocrx_word' id='word_1_45' title='bbox 766 612 992 656; x_wconf 80' lang='lat'>351—363</span> <span class='ocrx_word' id='word_1_46' title='bbox 1010 644 1019 654; x_wconf 88' lang='lat'>.</span> <span class='ocrx_word' id='word_1_47' title='bbox 1044 611 1150 654; x_wconf 91' lang='lat' dir='ltr'>haec</span> <span class='ocrx_word' id='word_1_48' title='bbox 1180 613 1311 666; x_wconf 86' lang='lat' dir='ltr'>igitur</span> <span class='ocrx_word' id='word_1_49' title='bbox 1342 611 1486 654; x_wconf 90' lang='lat' dir='ltr'>omnia</span> <span class='ocrx_word' id='word_1_50' title='bbox 1506 625 1534 654; x_wconf 92' lang='lat' dir='ltr'>a</span> <span class='ocrx_word' id='word_1_51' title='bbox 1554 612 1636 654; x_wconf 91' lang='lat' dir='ltr'>Lu-</span> 
     </span>
     <span class='ocr_line' id='line_1_7' title="bbox 154 679 1636 738; baseline -0.003 -12"><span class='ocrx_word' id='word_1_52' title='bbox 154 683 284 727; x_wconf 90' lang='lat' dir='ltr'>cretio</span> <span class='ocrx_word' id='word_1_53' title='bbox 327 683 397 725; x_wconf 93' lang='lat' dir='ltr'>hic</span> <span class='ocrx_word' id='word_1_54' title='bbox 434 683 593 738; x_wconf 88' lang='lat' dir='ltr'>scripta</span> <span class='ocrx_word' id='word_1_55' title='bbox 629 696 715 725; x_wconf 92' lang='lat' dir='ltr'>non</span> <span class='ocrx_word' id='word_1_56' title='bbox 751 694 847 724; x_wconf 88' lang='lat' dir='ltr'>esse</span> <span class='ocrx_word' id='word_1_57' title='bbox 876 679 1151 723; x_wconf 85' lang='lat' dir='ltr'>manifestum</span> <span class='ocrx_word' id='word_1_58' title='bbox 1182 684 1272 735; x_wconf 89' lang='lat' dir='ltr'>est,</span> <span class='ocrx_word' id='word_1_59' title='bbox 1313 680 1390 723; x_wconf 89' lang='lat' dir='ltr'>sed</span> <span class='ocrx_word' id='word_1_60' title='bbox 1420 693 1448 723; x_wconf 91' lang='lat' dir='ltr'>a</span> <span class='ocrx_word' id='word_1_61' title='bbox 1477 680 1636 723; x_wconf 89' lang='lat' dir='ltr'>lectore</span> 
     </span>
     <span class='ocr_line' id='line_1_8' title="bbox 153 748 1635 808; baseline -0.003 -14"><span class='ocrx_word' id='word_1_62' title='bbox 153 750 408 808; x_wconf 88' lang='lat' dir='ltr'>philosopho</span> <span class='ocrx_word' id='word_1_63' title='bbox 426 784 436 807; x_wconf 92' lang='lat'>,</span> <span class='ocrx_word' id='word_1_64' title='bbox 455 751 529 806; x_wconf 93' lang='lat' dir='ltr'>qui</span> <span class='ocrx_word' id='word_1_65' title='bbox 550 751 630 793; x_wconf 87' lang='lat' dir='ltr'>hoc</span> <span class='ocrx_word' id='word_1_66' title='bbox 651 762 821 805; x_wconf 91' lang='lat' dir='ltr'>quoque</span> <span class='ocrx_word' id='word_1_67' title='bbox 841 751 1094 803; x_wconf 85' lang='lat' dir='ltr'>argumento</span> <span class='ocrx_word' id='word_1_68' title='bbox 1112 761 1165 790; x_wconf 81' lang='lat' dir='ltr'>ex</span> <span class='ocrx_word' id='word_1_69' title='bbox 1187 748 1272 790; x_wconf 92' lang='lat' dir='ltr'>alio</span> <span class='ocrx_word' id='word_1_70' title='bbox 1294 748 1389 791; x_wconf 91' lang='lat' dir='ltr'>loco</span> <span class='ocrx_word' id='word_1_71' title='bbox 1411 748 1635 803; x_wconf 89' lang='lat' dir='ltr'>desumpto</span> 
     </span>
     <span class='ocr_line' id='line_1_9' title="bbox 154 815 1634 874; baseline -0.003 -11"><span class='ocrx_word' id='word_1_72' title='bbox 154 833 244 863; x_wconf 90' lang='lat' dir='ltr'>rem</span> <span class='ocrx_word' id='word_1_73' title='bbox 278 819 500 862; x_wconf 89' lang='lat' dir='ltr'>commode</span> <span class='ocrx_word' id='word_1_74' title='bbox 529 817 731 862; x_wconf 82' lang='lat' dir='ltr'>illustrari</span> <span class='ocrx_word' id='word_1_75' title='bbox 761 831 890 874; x_wconf 90' lang='lat' dir='ltr'>posse</span> <span class='ocrx_word' id='word_1_76' title='bbox 920 816 1187 859; x_wconf 83' lang='lat' dir='ltr'>existimaret</span> <span class='ocrx_word' id='word_1_77' title='bbox 1218 849 1227 857; x_wconf 93' lang='lat'>.</span> <span class='ocrx_word' id='word_1_78' title='bbox 1259 815 1327 858; x_wconf 89' lang='lat' dir='ltr'>hic</span> <span class='ocrx_word' id='word_1_79' title='bbox 1362 820 1506 859; x_wconf 89' lang='lat' dir='ltr'>tamen</span> <span class='ocrx_word' id='word_1_80' title='bbox 1542 829 1634 858; x_wconf 90' lang='lat' dir='ltr'>cum</span> 
     </span>
     <span class='ocr_line' id='line_1_10' title="bbox 153 883 1638 943; baseline -0.003 -13"><span class='ocrx_word' id='word_1_81' title='bbox 153 891 318 931; x_wconf 86' lang='lat' dir='ltr'>ceteros</span> <span class='ocrx_word' id='word_1_82' title='bbox 349 900 500 930; x_wconf 88' lang='lat' dir='ltr'>versus</span> <span class='ocrx_word' id='word_1_83' title='bbox 518 921 526 943; x_wconf 93' lang='lat'>,</span> <span class='ocrx_word' id='word_1_84' title='bbox 560 887 715 943; x_wconf 89' lang='lat' dir='ltr'>quibus</span> <span class='ocrx_word' id='word_1_85' title='bbox 746 886 800 928; x_wconf 92' lang='lat' dir='ltr'>de</span> <span class='ocrx_word' id='word_1_86' title='bbox 822 885 942 928; x_wconf 91' lang='lat' dir='ltr'>caelo</span> <span class='ocrx_word' id='word_1_87' title='bbox 964 889 1190 940; x_wconf 79' lang='lat' dir='ltr'>ageretur,</span> <span class='ocrx_word' id='word_1_88' title='bbox 1217 898 1303 927; x_wconf 91' lang='lat' dir='ltr'>non</span> <span class='ocrx_word' id='word_1_89' title='bbox 1324 888 1411 926; x_wconf 88' lang='lat' dir='ltr'>tam</span> <span class='ocrx_word' id='word_1_90' title='bbox 1433 884 1560 927; x_wconf 89' lang='lat' dir='ltr'>facile</span> <span class='ocrx_word' id='word_1_91' title='bbox 1581 883 1638 926; x_wconf 90' lang='lat' dir='ltr'>ad</span> 
     </span>
     <span class='ocr_line' id='line_1_11' title="bbox 153 951 1635 1011; baseline -0.003 -13"><span class='ocrx_word' id='word_1_92' title='bbox 153 955 342 999; x_wconf 89' lang='lat' dir='ltr'>animum</span> <span class='ocrx_word' id='word_1_93' title='bbox 361 954 585 998; x_wconf 86' lang='lat' dir='ltr'>transferri</span> <span class='ocrx_word' id='word_1_94' title='bbox 606 967 736 1011; x_wconf 89' lang='lat' dir='ltr'>posse</span> <span class='ocrx_word' id='word_1_95' title='bbox 757 953 1056 1009; x_wconf 84' lang='lat' dir='ltr'>intellegeret,</span> <span class='ocrx_word' id='word_1_96' title='bbox 1088 966 1116 995; x_wconf 93' lang='lat' dir='ltr'>a</span> <span class='ocrx_word' id='word_1_97' title='bbox 1142 957 1294 1009; x_wconf 88' lang='lat' dir='ltr'>coepto</span> <span class='ocrx_word' id='word_1_98' title='bbox 1322 951 1635 995; x_wconf 80' lang='lat' dir='ltr'>transcribendi</span> 
     </span>
     <span class='ocr_line' id='line_1_12' title="bbox 151 1019 1637 1067; baseline -0.003 0"><span class='ocrx_word' id='word_1_99' title='bbox 151 1024 300 1067; x_wconf 86' lang='lat' dir='ltr'>labore</span> <span class='ocrx_word' id='word_1_100' title='bbox 328 1036 431 1065; x_wconf 85' lang='lat' dir='ltr'>mox</span> <span class='ocrx_word' id='word_1_101' title='bbox 461 1022 622 1066; x_wconf 81' lang='lat' dir='ltr'>destitit</span> <span class='ocrx_word' id='word_1_102' title='bbox 643 1055 652 1065; x_wconf 95' lang='lat'><strong>.</strong></span> <span class='ocrx_word' id='word_1_103' title='bbox 675 1027 720 1065; x_wconf 91' lang='lat' dir='ltr'>at</span> <span class='ocrx_word' id='word_1_104' title='bbox 739 1022 950 1065; x_wconf 90' lang='lat' dir='ltr'>Micbahel</span> <span class='ocrx_word' id='word_1_105' title='bbox 972 1021 1178 1064; x_wconf 85' lang='lat' dir='ltr'>Marullus</span> <span class='ocrx_word' id='word_1_106' title='bbox 1200 1022 1273 1064; x_wconf 91' lang='lat' dir='ltr'>illo</span> <span class='ocrx_word' id='word_1_107' title='bbox 1296 1021 1503 1063; x_wconf 83' lang='lat' dir='ltr'>audacior</span> <span class='ocrx_word' id='word_1_108' title='bbox 1532 1019 1637 1062; x_wconf 92' lang='lat' dir='ltr'>nihil</span> 
     </span>
     <span class='ocr_line' id='line_1_13' title="bbox 153 1089 1636 1145; baseline -0.003 -10"><span class='ocrx_word' id='word_1_109' title='bbox 153 1092 315 1135; x_wconf 83' lang='lat' dir='ltr'>veritus</span> <span class='ocrx_word' id='word_1_110' title='bbox 334 1095 399 1134; x_wconf 90' lang='lat' dir='ltr'>est</span> <span class='ocrx_word' id='word_1_111' title='bbox 412 1091 564 1134; x_wconf 88' lang='lat' dir='ltr'>ceteris</span> <span class='ocrx_word' id='word_1_112' title='bbox 580 1090 892 1134; x_wconf 82' lang='lat' dir='ltr'>transferendis</span> <span class='ocrx_word' id='word_1_113' title='bbox 910 1090 1118 1132; x_wconf 86' lang='lat' dir='ltr'>immanes</span> <span class='ocrx_word' id='word_1_114' title='bbox 1130 1090 1315 1145; x_wconf 85' lang='lat' dir='ltr'>ineptias</span> <span class='ocrx_word' id='word_1_115' title='bbox 1332 1089 1511 1143; x_wconf 72' lang='lat' dir='ltr'>inferre,</span> <span class='ocrx_word' id='word_1_116' title='bbox 1528 1102 1636 1143; x_wconf 87' lang='lat' dir='ltr'>quos</span> 
     </span>
     <span class='ocr_line' id='line_1_14' title="bbox 153 1156 1637 1214; baseline -0.003 -11"><span class='ocrx_word' id='word_1_117' title='bbox 153 1173 304 1203; x_wconf 85' lang='lat' dir='ltr'>versus</span> <span class='ocrx_word' id='word_1_118' title='bbox 335 1173 428 1203; x_wconf 84' lang='lat' dir='ltr'>cum</span> <span class='ocrx_word' id='word_1_119' title='bbox 459 1172 607 1202; x_wconf 89' lang='lat' dir='ltr'>omnes</span> <span class='ocrx_word' id='word_1_120' title='bbox 638 1159 758 1201; x_wconf 90' lang='lat' dir='ltr'>libris</span> <span class='ocrx_word' id='word_1_121' title='bbox 789 1158 1005 1202; x_wconf 84' lang='lat' dir='ltr'>veteribus</span> <span class='ocrx_word' id='word_1_122' title='bbox 1036 1159 1129 1201; x_wconf 88' lang='lat' dir='ltr'>sine</span> <span class='ocrx_word' id='word_1_123' title='bbox 1160 1159 1409 1214; x_wconf 78' lang='lat' dir='ltr'>exceptione</span> <span class='ocrx_word' id='word_1_124' title='bbox 1441 1156 1637 1199; x_wconf 88' lang='lat' dir='ltr'>omnibus</span> 
     </span>
     <span class='ocr_line' id='line_1_15' title="bbox 154 1225 1636 1282; baseline -0.002 -11"><span class='ocrx_word' id='word_1_125' title='bbox 154 1228 307 1272; x_wconf 86' lang='lat' dir='ltr'>abesse</span> <span class='ocrx_word' id='word_1_126' title='bbox 338 1232 412 1270; x_wconf 91' lang='lat' dir='ltr'>aut</span> <span class='ocrx_word' id='word_1_127' title='bbox 444 1227 602 1269; x_wconf 89' lang='lat' dir='ltr'>scirent</span> <span class='ocrx_word' id='word_1_128' title='bbox 632 1231 707 1270; x_wconf 89' lang='lat' dir='ltr'>aut</span> <span class='ocrx_word' id='word_1_129' title='bbox 743 1232 857 1270; x_wconf 84' lang='lat' dir='ltr'>certe</span> <span class='ocrx_word' id='word_1_130' title='bbox 895 1227 1102 1270; x_wconf 91' lang='lat' dir='ltr'>deberent</span> <span class='ocrx_word' id='word_1_131' title='bbox 1136 1227 1273 1281; x_wconf 90' lang='lat' dir='ltr'>scire,</span> <span class='ocrx_word' id='word_1_132' title='bbox 1310 1226 1506 1282; x_wconf 88' lang='lat' dir='ltr'>plerique</span> <span class='ocrx_word' id='word_1_133' title='bbox 1542 1225 1636 1268; x_wconf 89' lang='lat' dir='ltr'>sine</span> 
     </span>
     <span class='ocr_line' id='line_1_16' title="bbox 154 1294 1637 1351; baseline -0.003 -12"><span class='ocrx_word' id='word_1_134' title='bbox 154 1295 448 1339; x_wconf 89' lang='lat' dir='ltr'>admonitione</span> <span class='ocrx_word' id='word_1_135' title='bbox 478 1300 784 1351; x_wconf 89' lang='lat' dir='ltr'>susceperunt,</span> <span class='ocrx_word' id='word_1_136' title='bbox 806 1295 1128 1351; x_wconf 88' lang='lat' dir='ltr'>Wakefieldus,</span> <span class='ocrx_word' id='word_1_137' title='bbox 1161 1295 1226 1337; x_wconf 91' lang='lat' dir='ltr'>cui</span> <span class='ocrx_word' id='word_1_138' title='bbox 1248 1295 1456 1349; x_wconf 87' lang='lat' dir='ltr'>Forbiger</span> <span class='ocrx_word' id='word_1_139' title='bbox 1486 1294 1637 1336; x_wconf 89' lang='lat' dir='ltr'>adsen-</span> 
     </span>
     <span class='ocr_line' id='line_1_17' title="bbox 153 1363 1638 1420; baseline -0.002 -12"><span class='ocrx_word' id='word_1_140' title='bbox 153 1378 227 1408; x_wconf 89' lang='lat' dir='ltr'>sus</span> <span class='ocrx_word' id='word_1_141' title='bbox 257 1368 348 1419; x_wconf 90' lang='lat' dir='ltr'>est,</span> <span class='ocrx_word' id='word_1_142' title='bbox 371 1363 551 1419; x_wconf 70' lang='lat' dir='ltr'>‘poetae&#39;</span> <span class='ocrx_word' id='word_1_143' title='bbox 577 1363 638 1420; x_wconf 93' lang='lat' dir='ltr'>(id</span> <span class='ocrx_word' id='word_1_144' title='bbox 662 1368 727 1406; x_wconf 90' lang='lat' dir='ltr'>est</span> <span class='ocrx_word' id='word_1_145' title='bbox 748 1363 937 1418; x_wconf 84' lang='lat' dir='ltr'>Marulli)</span> <span class='ocrx_word' id='word_1_146' title='bbox 958 1364 1137 1406; x_wconf 87' lang='lat' dir='ltr'>miratur</span> <span class='ocrx_word' id='word_1_147' title='bbox 1158 1363 1487 1407; x_wconf 79' lang='lat' dir='ltr'>‘consideratam</span> <span class='ocrx_word' id='word_1_148' title='bbox 1519 1375 1638 1405; x_wconf 88' lang='lat' dir='ltr'>seve-</span> 
     </span>
     <span class='ocr_line' id='line_1_18' title="bbox 154 1431 1640 1488; baseline -0.002 -12"><span class='ocrx_word' id='word_1_149' title='bbox 154 1433 324 1476; x_wconf 88' lang='lat' dir='ltr'>ritatem</span> <span class='ocrx_word' id='word_1_150' title='bbox 354 1431 606 1487; x_wconf 87' lang='lat' dir='ltr'>diligitque,</span> <span class='ocrx_word' id='word_1_151' title='bbox 629 1445 706 1488; x_wconf 90' lang='lat' dir='ltr'>per</span> <span class='ocrx_word' id='word_1_152' title='bbox 727 1437 814 1474; x_wconf 89' lang='lat' dir='ltr'>tam</span> <span class='ocrx_word' id='word_1_153' title='bbox 836 1432 1068 1474; x_wconf 84' lang='lat' dir='ltr'>dilucidam</span> <span class='ocrx_word' id='word_1_154' title='bbox 1090 1433 1460 1475; x_wconf 89' lang='lat' dir='ltr'>ratiocinationem</span> <span class='ocrx_word' id='word_1_155' title='bbox 1482 1431 1640 1487; x_wconf 91' lang='lat' dir='ltr'>simpli-</span> 
     </span>
     <span class='ocr_line' id='line_1_19' title="bbox 154 1500 1641 1556; baseline -0.001 -12"><span class='ocrx_word' id='word_1_156' title='bbox 154 1501 261 1545; x_wconf 88' lang='lat' dir='ltr'>citer</span> <span class='ocrx_word' id='word_1_157' title='bbox 290 1503 477 1543; x_wconf 90' lang='lat' dir='ltr'>mentem</span> <span class='ocrx_word' id='word_1_158' title='bbox 507 1513 628 1543; x_wconf 90' lang='lat' dir='ltr'>suam</span> <span class='ocrx_word' id='word_1_159' title='bbox 659 1501 925 1556; x_wconf 85' lang='lat' dir='ltr'>exponentis&#39;</span> <span class='ocrx_word' id='word_1_160' title='bbox 959 1531 968 1540; x_wconf 90' lang='lat'><em>.</em></span> <span class='ocrx_word' id='word_1_161' title='bbox 1001 1501 1103 1543; x_wconf 90' lang='lat' dir='ltr'>mihi</span> <span class='ocrx_word' id='word_1_162' title='bbox 1135 1501 1307 1544; x_wconf 88' lang='lat' dir='ltr'>Marulli</span> <span class='ocrx_word' id='word_1_163' title='bbox 1343 1501 1456 1543; x_wconf 90' lang='lat' dir='ltr'>male</span> <span class='ocrx_word' id='word_1_164' title='bbox 1487 1500 1641 1542; x_wconf 87' lang='lat' dir='ltr'>sedula</span> 
     </span>
     <span class='ocr_line' id='line_1_20' title="bbox 155 1569 1639 1625; baseline -0.001 -12"><span class='ocrx_word' id='word_1_165' title='bbox 155 1569 413 1625; x_wconf 87' lang='lat' dir='ltr'>simplicitas</span> <span class='ocrx_word' id='word_1_166' title='bbox 442 1581 529 1611; x_wconf 89' lang='lat' dir='ltr'>non</span> <span class='ocrx_word' id='word_1_167' title='bbox 560 1569 686 1611; x_wconf 84' lang='lat' dir='ltr'>nimis</span> <span class='ocrx_word' id='word_1_168' title='bbox 717 1569 982 1624; x_wconf 86' lang='lat' dir='ltr'>exagitanda</span> <span class='ocrx_word' id='word_1_169' title='bbox 1011 1583 1107 1613; x_wconf 89' lang='lat' dir='ltr'>esse</span> <span class='ocrx_word' id='word_1_170' title='bbox 1127 1570 1327 1613; x_wconf 90' lang='lat' dir='ltr'>videtur:</span> <span class='ocrx_word' id='word_1_171' title='bbox 1349 1569 1558 1612; x_wconf 89' lang='lat' dir='ltr'>subiciam</span> <span class='ocrx_word' id='word_1_172' title='bbox 1578 1573 1639 1611; x_wconf 93' lang='lat' dir='ltr'>ta-</span> 
     </span>
     <span class='ocr_line' id='line_1_21' title="bbox 158 1636 1640 1694; baseline -0.001 -13"><span class='ocrx_word' id='word_1_173' title='bbox 158 1650 257 1681; x_wconf 85' lang='lat' dir='ltr'>men</span> <span class='ocrx_word' id='word_1_174' title='bbox 278 1637 370 1680; x_wconf 88' lang='lat' dir='ltr'>eius</span> <span class='ocrx_word' id='word_1_175' title='bbox 390 1636 627 1680; x_wconf 84' lang='lat' dir='ltr'>versiculos</span> <span class='ocrx_word' id='word_1_176' title='bbox 644 1671 654 1693; x_wconf 96' lang='lat'>,</span> <span class='ocrx_word' id='word_1_177' title='bbox 671 1641 718 1680; x_wconf 92' lang='lat' dir='ltr'>ut</span> <span class='ocrx_word' id='word_1_178' title='bbox 738 1642 948 1694; x_wconf 90' lang='lat' dir='ltr'>appareat</span> <span class='ocrx_word' id='word_1_179' title='bbox 969 1651 1082 1693; x_wconf 90' lang='lat' dir='ltr'>quae</span> <span class='ocrx_word' id='word_1_180' title='bbox 1104 1638 1324 1681; x_wconf 89' lang='lat' dir='ltr'>Lambinis</span> <span class='ocrx_word' id='word_1_181' title='bbox 1346 1642 1388 1681; x_wconf 88' lang='lat' dir='ltr'>et</span> <span class='ocrx_word' id='word_1_182' title='bbox 1409 1636 1640 1680; x_wconf 87' lang='lat' dir='ltr'>Wakefiel-</span> 
     </span>
     <span class='ocr_line' id='line_1_22' title="bbox 159 1705 1636 1767; baseline 0.001 -18"><span class='ocrx_word' id='word_1_183' title='bbox 159 1706 226 1767; x_wconf 83' lang='lat' dir='ltr'>dis</span> <span class='ocrx_word' id='word_1_184' title='bbox 254 1705 441 1760; x_wconf 89' lang='lat' dir='ltr'>(ceteros</span> <span class='ocrx_word' id='word_1_185' title='bbox 471 1717 584 1747; x_wconf 86' lang='lat' dir='ltr'>nunc</span> <span class='ocrx_word' id='word_1_186' title='bbox 615 1705 780 1759; x_wconf 89' lang='lat' dir='ltr'>omitto)</span> <span class='ocrx_word' id='word_1_187' title='bbox 807 1706 1007 1749; x_wconf 89' lang='lat' dir='ltr'>Lucretio</span> <span class='ocrx_word' id='word_1_188' title='bbox 1038 1706 1294 1761; x_wconf 87' lang='lat' dir='ltr'>dignissima</span> <span class='ocrx_word' id='word_1_189' title='bbox 1324 1707 1421 1750; x_wconf 88' lang='lat' dir='ltr'>visa</span> <span class='ocrx_word' id='word_1_190' title='bbox 1452 1706 1636 1750; x_wconf 84' lang='lat' dir='ltr'>fuerint.</span> 
     </span>
     <span class='ocr_line' id='line_1_23' title="bbox 154 1773 1639 1831; baseline -0.001 -13"><span class='ocrx_word' id='word_1_191' title='bbox 154 1775 214 1818; x_wconf 79' lang='lat' dir='ltr'>At</span> <span class='ocrx_word' id='word_1_192' title='bbox 241 1789 406 1830; x_wconf 76' lang='lat' dir='ltr'>neque,</span> <span class='ocrx_word' id='word_1_193' title='bbox 437 1773 505 1816; x_wconf 74' lang='lat' dir='ltr'>uti</span> <span class='ocrx_word' id='word_1_194' title='bbox 530 1773 679 1823; x_wconf 76' lang='lat' dir='ltr'>docui,</span> <span class='ocrx_word' id='word_1_195' title='bbox 705 1774 840 1817; x_wconf 73' lang='lat' dir='ltr'>solido</span> <span class='ocrx_word' id='word_1_196' title='bbox 860 1791 952 1817; x_wconf 82' lang='lat' dir='ltr'>eum</span> <span class='ocrx_word' id='word_1_197' title='bbox 977 1791 1150 1831; x_wconf 79' lang='lat' dir='ltr'>corpore</span> <span class='ocrx_word' id='word_1_198' title='bbox 1178 1775 1332 1818; x_wconf 83' lang='lat' dir='ltr'>mentis</span> <span class='ocrx_word' id='word_1_199' title='bbox 1353 1775 1524 1817; x_wconf 75' lang='lat' dir='ltr'>Natura</span> <span class='ocrx_word' id='word_1_200' title='bbox 1554 1783 1639 1828; x_wconf 82' lang='lat' dir='ltr'>est,</span> 
     </span>
     <span class='ocr_line' id='line_1_24' title="bbox 155 1841 1640 1901; baseline -0.001 -15"><span class='ocrx_word' id='word_1_201' title='bbox 155 1843 354 1901; x_wconf 77' lang='lat' dir='ltr'>quoniam</span> <span class='ocrx_word' id='word_1_202' title='bbox 391 1841 619 1884; x_wconf 76' lang='lat' dir='ltr'>admistum</span> <span class='ocrx_word' id='word_1_203' title='bbox 656 1852 715 1885; x_wconf 80' lang='lat' dir='ltr'>est</span> <span class='ocrx_word' id='word_1_204' title='bbox 750 1844 797 1885; x_wconf 74' lang='lat' dir='ltr'>in</span> <span class='ocrx_word' id='word_1_205' title='bbox 833 1843 957 1885; x_wconf 77' lang='lat' dir='ltr'>rebus</span> <span class='ocrx_word' id='word_1_206' title='bbox 993 1844 1146 1898; x_wconf 77' lang='lat' dir='ltr'>inane,</span> <span class='ocrx_word' id='word_1_207' title='bbox 1191 1844 1280 1886; x_wconf 87' lang='lat' dir='ltr'>Nec</span> <span class='ocrx_word' id='word_1_208' title='bbox 1322 1852 1458 1886; x_wconf 79' lang='lat' dir='ltr'>tamen</span> <span class='ocrx_word' id='word_1_209' title='bbox 1500 1852 1559 1885; x_wconf 77' lang='lat' dir='ltr'>est</span> <span class='ocrx_word' id='word_1_210' title='bbox 1595 1852 1640 1884; x_wconf 74' lang='lat' dir='ltr'>ut</span> 
     </span>
     <span class='ocr_line' id='line_1_25' title="bbox 154 1910 1641 1968; baseline -0.002 -13"><span class='ocrx_word' id='word_1_211' title='bbox 154 1913 281 1955; x_wconf 75' lang='lat' dir='ltr'>inane</span> <span class='ocrx_word' id='word_1_212' title='bbox 297 1926 310 1952; x_wconf 90' lang='lat'><em>:</em></span> <span class='ocrx_word' id='word_1_213' title='bbox 340 1925 474 1967; x_wconf 69' lang='lat' dir='ltr'>‘neque</span> <span class='ocrx_word' id='word_1_214' title='bbox 502 1919 640 1953; x_wconf 77' lang='lat' dir='ltr'>autem</span> <span class='ocrx_word' id='word_1_215' title='bbox 670 1927 848 1968; x_wconf 76' lang='lat' dir='ltr'>corpora</span> <span class='ocrx_word' id='word_1_216' title='bbox 875 1910 1023 1954; x_wconf 75' lang='lat' dir='ltr'>desunt</span> <span class='ocrx_word' id='word_1_217' title='bbox 1043 1912 1115 1954; x_wconf 73' lang='lat' dir='ltr'>Ex</span> <span class='ocrx_word' id='word_1_218' title='bbox 1135 1912 1298 1968; x_wconf 77' lang='lat' dir='ltr'>infinito</span> <span class='ocrx_word' id='word_1_219' title='bbox 1314 1945 1325 1965; x_wconf 90' lang='lat'>,</span> <span class='ocrx_word' id='word_1_220' title='bbox 1354 1928 1461 1968; x_wconf 79' lang='lat' dir='ltr'>quae</span> <span class='ocrx_word' id='word_1_221' title='bbox 1477 1911 1641 1968; x_wconf 75' lang='lat' dir='ltr'>possint</span> 
     </span>
     <span class='ocr_line' id='line_1_26' title="bbox 141 1979 1638 2037; baseline -0.002 -14"><span class='ocrx_word' id='word_1_222' title='bbox 141 1980 263 2037; x_wconf 78' lang='lat' dir='ltr'>forte</span> <span class='ocrx_word' id='word_1_223' title='bbox 298 1986 439 2022; x_wconf 75' lang='lat' dir='ltr'>coorta</span> <span class='ocrx_word' id='word_1_224' title='bbox 477 1979 682 2022; x_wconf 71' lang='lat' dir='ltr'>Gom-uere</span> <span class='ocrx_word' id='word_1_225' title='bbox 718 1981 824 2022; x_wconf 75' lang='lat' dir='ltr'>hanc</span> <span class='ocrx_word' id='word_1_226' title='bbox 867 1980 1020 2022; x_wconf 88' lang='lat' dir='ltr'>mentis</span> <span class='ocrx_word' id='word_1_227' title='bbox 1063 1980 1238 2022; x_wconf 74' lang='lat' dir='ltr'>violento</span> <span class='ocrx_word' id='word_1_228' title='bbox 1280 1980 1443 2022; x_wconf 76' lang='lat' dir='ltr'>turbine</span> <span class='ocrx_word' id='word_1_229' title='bbox 1485 1979 1638 2020; x_wconf 90' lang='lat' dir='ltr'>molem</span> 
     </span>
     <span class='ocr_line' id='line_1_27' title="bbox 154 2047 1639 2104; baseline -0.001 -13"><span class='ocrx_word' id='word_1_230' title='bbox 154 2047 243 2091; x_wconf 76' lang='lat' dir='ltr'>Aut</span> <span class='ocrx_word' id='word_1_231' title='bbox 268 2047 402 2089; x_wconf 81' lang='lat' dir='ltr'>aliam</span> <span class='ocrx_word' id='word_1_232' title='bbox 430 2049 623 2103; x_wconf 80' lang='lat' dir='ltr'>quamvis</span> <span class='ocrx_word' id='word_1_233' title='bbox 652 2047 814 2091; x_wconf 76' lang='lat' dir='ltr'>cladem</span> <span class='ocrx_word' id='word_1_234' title='bbox 844 2050 1072 2104; x_wconf 72' lang='lat' dir='ltr'>importare</span> <span class='ocrx_word' id='word_1_235' title='bbox 1099 2048 1282 2103; x_wconf 76' lang='lat' dir='ltr'>pericli:</span> <span class='ocrx_word' id='word_1_236' title='bbox 1303 2049 1391 2090; x_wconf 88' lang='lat' dir='ltr'>Nee</span> <span class='ocrx_word' id='word_1_237' title='bbox 1414 2063 1544 2104; x_wconf 78' lang='lat' dir='ltr'>porro</span> <span class='ocrx_word' id='word_1_238' title='bbox 1565 2064 1639 2089; x_wconf 76' lang='lat' dir='ltr'>na—</span> 
     </span>
     <span class='ocr_line' id='line_1_28' title="bbox 156 2115 1641 2173; baseline -0.001 -15"><span class='ocrx_word' id='word_1_239' title='bbox 156 2124 254 2158; x_wconf 74' lang='lat' dir='ltr'>tura</span> <span class='ocrx_word' id='word_1_240' title='bbox 300 2115 385 2157; x_wconf 77' lang='lat' dir='ltr'>loci</span> <span class='ocrx_word' id='word_1_241' title='bbox 416 2116 688 2173; x_wconf 77' lang='lat' dir='ltr'>spacz&#39;umque</span> <span class='ocrx_word' id='word_1_242' title='bbox 719 2116 938 2173; x_wconf 75' lang='lat' dir='ltr'>profundi</span> <span class='ocrx_word' id='word_1_243' title='bbox 970 2116 1154 2172; x_wconf 70' lang='lat' dir='ltr'>Deficit,</span> <span class='ocrx_word' id='word_1_244' title='bbox 1183 2118 1368 2173; x_wconf 69' lang='lat' dir='ltr'>eaeparqi</span> <span class='ocrx_word' id='word_1_245' title='bbox 1393 2132 1474 2173; x_wconf 79' lang='lat' dir='ltr'>quo</span> <span class='ocrx_word' id='word_1_246' title='bbox 1502 2115 1641 2171; x_wconf 87' lang='lat' dir='ltr'>possit</span> 
     </span>
     <span class='ocr_line' id='line_1_29' title="bbox 155 2181 1643 2242; baseline 0 -16"><span class='ocrx_word' id='word_1_247' title='bbox 155 2183 222 2226; x_wconf 83' lang='lat' dir='ltr'>vis</span> <span class='ocrx_word' id='word_1_248' title='bbox 260 2181 419 2225; x_wconf 85' lang='lat' dir='ltr'>animai</span> <span class='ocrx_word' id='word_1_249' title='bbox 457 2182 545 2225; x_wconf 78' lang='lat' dir='ltr'>Aut</span> <span class='ocrx_word' id='word_1_250' title='bbox 582 2184 672 2226; x_wconf 77' lang='lat' dir='ltr'>alia</span> <span class='ocrx_word' id='word_1_251' title='bbox 709 2186 860 2241; x_wconf 77' lang='lat' dir='ltr'>quavis</span> <span class='ocrx_word' id='word_1_252' title='bbox 896 2184 1035 2239; x_wconf 86' lang='lat' dir='ltr'>possit</span> <span class='ocrx_word' id='word_1_253' title='bbox 1065 2185 1111 2226; x_wconf 78' lang='lat' dir='ltr'>vi</span> <span class='ocrx_word' id='word_1_254' title='bbox 1132 2185 1260 2242; x_wconf 77' lang='lat' dir='ltr'>pulsa</span> <span class='ocrx_word' id='word_1_255' title='bbox 1288 2187 1432 2241; x_wconf 79' lang='lat' dir='ltr'>perire</span> <span class='ocrx_word' id='word_1_256' title='bbox 1464 2218 1476 2228; x_wconf 91' lang='lat'><strong><em>.</em></strong></span> <span class='ocrx_word' id='word_1_257' title='bbox 1506 2184 1643 2227; x_wconf 82' lang='lat' dir='ltr'>Haud</span> 
     </span>
     <span class='ocr_line' id='line_1_30' title="bbox 154 2251 1080 2309; baseline 0 -15"><span class='ocrx_word' id='word_1_258' title='bbox 154 2252 290 2309; x_wconf 70' lang='lat' dir='ltr'>iqitur</span> <span class='ocrx_word' id='word_1_259' title='bbox 319 2251 396 2293; x_wconf 76' lang='lat' dir='ltr'>leti</span> <span class='ocrx_word' id='word_1_260' title='bbox 411 2251 644 2307; x_wconf 75' lang='lat' dir='ltr'>praeclusa</span> <span class='ocrx_word' id='word_1_261' title='bbox 675 2261 734 2295; x_wconf 78' lang='lat' dir='ltr'>est</span> <span class='ocrx_word' id='word_1_262' title='bbox 762 2254 895 2295; x_wconf 78' lang='lat' dir='ltr'>ianua</span> <span class='ocrx_word' id='word_1_263' title='bbox 923 2253 1080 2295; x_wconf 85' lang='lat' dir='ltr'>menti.</span> 
     </span>
    </p>

    <p class='ocr_par' dir='ltr' id='par_1_3' title="bbox 154 2318 1642 2923">
     <span class='ocr_line' id='line_1_31' title="bbox 269 2318 1639 2371; baseline 0.001 -10"><span class='ocrx_word' id='word_1_264' title='bbox 269 2319 368 2362; x_wconf 83' lang='lat'><strong>820.</strong></span> <span class='ocrx_word' id='word_1_265' title='bbox 400 2318 546 2371; x_wconf 78' lang='lat' dir='ltr'>Qnon</span> <span class='ocrx_word' id='word_1_266' title='bbox 577 2335 845 2363; x_wconf 75' lang='lat' dir='ltr'>v1TAL113us</span> <span class='ocrx_word' id='word_1_267' title='bbox 876 2335 938 2362; x_wconf 78' lang='lat' dir='ltr'>AB</span> <span class='ocrx_word' id='word_1_268' title='bbox 968 2336 1125 2364; x_wconf 82' lang='lat' dir='ltr'>REBUS</span> <span class='ocrx_word' id='word_1_269' title='bbox 1148 2355 1158 2364; x_wconf 87' lang='lat'><strong>.</strong></span> <span class='ocrx_word' id='word_1_270' title='bbox 1181 2322 1416 2365; x_wconf 86' lang='lat' dir='ltr'>Lambinus</span> <span class='ocrx_word' id='word_1_271' title='bbox 1436 2335 1639 2363; x_wconf 77' lang='lat' dir='ltr'>LETALI-</span> 
     </span>
     <span class='ocr_line' id='line_1_32' title="bbox 154 2390 1640 2446; baseline -0.001 -14"><span class='ocrx_word' id='word_1_272' title='bbox 154 2403 278 2444; x_wconf 72' lang='lat' dir='ltr'>nus,</span> <span class='ocrx_word' id='word_1_273' title='bbox 301 2391 417 2431; x_wconf 88' lang='lat' dir='ltr'>recte</span> <span class='ocrx_word' id='word_1_274' title='bbox 441 2403 450 2430; x_wconf 92' lang='lat'>:</span> <span class='ocrx_word' id='word_1_275' title='bbox 472 2401 572 2431; x_wconf 87' lang='lat' dir='ltr'>nam</span> <span class='ocrx_word' id='word_1_276' title='bbox 597 2390 778 2432; x_wconf 92' lang='lat' dir='ltr'>alterum</span> <span class='ocrx_word' id='word_1_277' title='bbox 806 2390 935 2446; x_wconf 90' lang='lat' dir='ltr'>plane</span> <span class='ocrx_word' id='word_1_278' title='bbox 962 2390 1194 2433; x_wconf 89' lang='lat' dir='ltr'>absurdum</span> <span class='ocrx_word' id='word_1_279' title='bbox 1218 2394 1310 2433; x_wconf 90' lang='lat' dir='ltr'>est.</span> <span class='ocrx_word' id='word_1_280' title='bbox 1333 2390 1446 2433; x_wconf 91' lang='lat' dir='ltr'>idem</span> <span class='ocrx_word' id='word_1_281' title='bbox 1470 2390 1640 2432; x_wconf 90' lang='lat' dir='ltr'>Lambi-</span> 
     </span>
     <span class='ocr_line' id='line_1_33' title="bbox 154 2456 1641 2515; baseline -0.001 -14"><span class='ocrx_word' id='word_1_282' title='bbox 154 2471 264 2509; x_wconf 86' lang='lat' dir='ltr'>nus,</span> <span class='ocrx_word' id='word_1_283' title='bbox 294 2469 391 2500; x_wconf 91' lang='lat' dir='ltr'>cum</span> <span class='ocrx_word' id='word_1_284' title='bbox 421 2456 630 2500; x_wconf 88' lang='lat' dir='ltr'>Marullus</span> <span class='ocrx_word' id='word_1_285' title='bbox 667 2458 905 2501; x_wconf 89' lang='lat' dir='ltr'>orationem</span> <span class='ocrx_word' id='word_1_286' title='bbox 945 2458 1203 2514; x_wconf 91' lang='lat' dir='ltr'>pendentem</span> <span class='ocrx_word' id='word_1_287' title='bbox 1243 2473 1372 2502; x_wconf 86' lang='lat' dir='ltr'>versu</span> <span class='ocrx_word' id='word_1_288' title='bbox 1402 2463 1501 2515; x_wconf 86' lang='lat' dir='ltr'>post</span> <span class='ocrx_word' id='word_1_289' title='bbox 1531 2457 1641 2500; x_wconf 89' lang='lat' dir='ltr'>hunc</span> 
     </span>
     <span class='ocr_line' id='line_1_34' title="bbox 156 2524 1642 2582; baseline 0.001 -15"><span class='ocrx_word' id='word_1_290' title='bbox 156 2525 304 2568; x_wconf 88' lang='lat' dir='ltr'>addito</span> <span class='ocrx_word' id='word_1_291' title='bbox 335 2524 552 2580; x_wconf 85' lang='lat' dir='ltr'>fulsisset,</span> <span class='ocrx_word' id='word_1_292' title='bbox 586 2527 730 2569; x_wconf 85' lang='lat' dir='ltr'>verius</span> <span class='ocrx_word' id='word_1_293' title='bbox 760 2526 893 2570; x_wconf 90' lang='lat' dir='ltr'>sensit</span> <span class='ocrx_word' id='word_1_294' title='bbox 922 2531 1020 2582; x_wconf 90' lang='lat' dir='ltr'>post</span> <span class='ocrx_word' id='word_1_295' title='bbox 1050 2540 1222 2569; x_wconf 84' lang='lat' dir='ltr'>versum</span> <span class='ocrx_word' id='word_1_296' title='bbox 1249 2532 1446 2582; x_wconf 85' lang='lat' dir='ltr'>quartum</span> <span class='ocrx_word' id='word_1_297' title='bbox 1477 2526 1642 2582; x_wconf 87' lang='lat' dir='ltr'>perisse</span> 
     </span>
     <span class='ocr_line' id='line_1_35' title="bbox 155 2593 1642 2650; baseline -0.001 -14"><span class='ocrx_word' id='word_1_298' title='bbox 155 2593 369 2649; x_wconf 88' lang='lat' dir='ltr'>apodosin</span> <span class='ocrx_word' id='word_1_299' title='bbox 391 2607 401 2635; x_wconf 76' lang='lat' dir='ltr'>t</span> <span class='ocrx_word' id='word_1_300' title='bbox 424 2593 502 2636; x_wconf 90' lang='lat' dir='ltr'>sed</span> <span class='ocrx_word' id='word_1_301' title='bbox 532 2594 701 2637; x_wconf 90' lang='lat' dir='ltr'>Marulli</span> <span class='ocrx_word' id='word_1_302' title='bbox 731 2608 930 2650; x_wconf 87' lang='lat' dir='ltr'>versum,</span> <span class='ocrx_word' id='word_1_303' title='bbox 959 2595 1031 2649; x_wconf 92' lang='lat' dir='ltr'>qui</span> <span class='ocrx_word' id='word_1_304' title='bbox 1063 2599 1157 2637; x_wconf 89' lang='lat' dir='ltr'>erat</span> <span class='ocrx_word' id='word_1_305' title='bbox 1186 2595 1282 2650; x_wconf 91' lang='lat' dir='ltr'>hic,</span> <span class='ocrx_word' id='word_1_306' title='bbox 1306 2596 1475 2639; x_wconf 74' lang='lat' dir='ltr'>Scilicet</span> <span class='ocrx_word' id='word_1_307' title='bbox 1495 2611 1522 2636; x_wconf 85' lang='lat' dir='ltr'>a</span> <span class='ocrx_word' id='word_1_308' title='bbox 1541 2610 1642 2636; x_wconf 84' lang='lat' dir='ltr'>vera</span> 
     </span>
     <span class='ocr_line' id='line_1_36' title="bbox 156 2662 1641 2719; baseline -0.001 -15"><span class='ocrx_word' id='word_1_309' title='bbox 156 2662 277 2719; x_wconf 74' lang='lat' dir='ltr'>lonqe</span> <span class='ocrx_word' id='word_1_310' title='bbox 303 2662 467 2704; x_wconf 75' lang='lat' dir='ltr'>ratione</span> <span class='ocrx_word' id='word_1_311' title='bbox 495 2671 696 2706; x_wconf 76' lang='lat' dir='ltr'>remotum</span> <span class='ocrx_word' id='word_1_312' title='bbox 727 2672 786 2706; x_wconf 71' lang='lat' dir='ltr'>est</span> <span class='ocrx_word' id='word_1_313' title='bbox 805 2697 816 2718; x_wconf 87' lang='lat'>,</span> <span class='ocrx_word' id='word_1_314' title='bbox 846 2676 933 2705; x_wconf 92' lang='lat' dir='ltr'>non</span> <span class='ocrx_word' id='word_1_315' title='bbox 971 2667 1086 2705; x_wconf 88' lang='lat' dir='ltr'>recte</span> <span class='ocrx_word' id='word_1_316' title='bbox 1122 2664 1322 2718; x_wconf 87' lang='lat' dir='ltr'>probavit</span> <span class='ocrx_word' id='word_1_317' title='bbox 1360 2663 1462 2705; x_wconf 89' lang='lat' dir='ltr'>illuc</span> <span class='ocrx_word' id='word_1_318' title='bbox 1491 2662 1641 2704; x_wconf 88' lang='lat' dir='ltr'>traiec-</span> 
     </span>
     <span class='ocr_line' id='line_1_37' title="bbox 157 2726 1641 2787; baseline -0.001 -15"><span class='ocrx_word' id='word_1_319' title='bbox 157 2726 245 2772; x_wconf 87' lang='lat' dir='ltr'>tum</span> <span class='ocrx_word' id='word_1_320' title='bbox 278 2761 287 2770; x_wconf 91' lang='lat'>.</span> <span class='ocrx_word' id='word_1_321' title='bbox 327 2732 393 2771; x_wconf 87' lang='lat' dir='ltr'>est</span> <span class='ocrx_word' id='word_1_322' title='bbox 427 2733 568 2772; x_wconf 90' lang='lat' dir='ltr'>autem</span> <span class='ocrx_word' id='word_1_323' title='bbox 613 2732 886 2787; x_wconf 88' lang='lat' dir='ltr'>perspicuum</span> <span class='ocrx_word' id='word_1_324' title='bbox 925 2744 978 2773; x_wconf 92' lang='lat' dir='ltr'>ea</span> <span class='ocrx_word' id='word_1_325' title='bbox 1014 2745 1124 2786; x_wconf 92' lang='lat' dir='ltr'>quae</span> <span class='ocrx_word' id='word_1_326' title='bbox 1164 2731 1402 2774; x_wconf 80' lang='lat' dir='ltr'>exciderint</span> <span class='ocrx_word' id='word_1_327' title='bbox 1436 2731 1479 2772; x_wconf 91' lang='lat' dir='ltr'>in</span> <span class='ocrx_word' id='word_1_328' title='bbox 1515 2729 1641 2771; x_wconf 86' lang='lat' dir='ltr'>huius</span> 
     </span>
     <span class='ocr_line' id='line_1_38' title="bbox 158 2795 1640 2853; baseline -0.001 -13"><span class='ocrx_word' id='word_1_329' title='bbox 158 2798 249 2841; x_wconf 85' lang='lat' dir='ltr'>fere</span> <span class='ocrx_word' id='word_1_330' title='bbox 278 2795 398 2839; x_wconf 87' lang='lat' dir='ltr'>modi</span> <span class='ocrx_word' id='word_1_331' title='bbox 428 2802 637 2851; x_wconf 88' lang='lat' dir='ltr'>concepta</span> <span class='ocrx_word' id='word_1_332' title='bbox 666 2798 800 2841; x_wconf 89' lang='lat' dir='ltr'>fuisse</span> <span class='ocrx_word' id='word_1_333' title='bbox 821 2799 1103 2852; x_wconf 90' lang='lat' dir='ltr'>sententiam,</span> <span class='ocrx_word' id='word_1_334' title='bbox 1127 2800 1267 2841; x_wconf 77' lang='lat' dir='ltr'>Multa</span> <span class='ocrx_word' id='word_1_335' title='bbox 1297 2808 1434 2840; x_wconf 79' lang='lat' dir='ltr'>tamen</span> <span class='ocrx_word' id='word_1_336' title='bbox 1465 2805 1640 2853; x_wconf 60' lang='lat' dir='ltr'>tangunt</span> 
     </span>
     <span class='ocr_line' id='line_1_39' title="bbox 157 2865 889 2923; baseline -0.003 -14"><span class='ocrx_word' id='word_1_337' title='bbox 157 2867 346 2909; x_wconf 77' lang='lat' dir='ltr'>animam</span> <span class='ocrx_word' id='word_1_338' title='bbox 377 2865 494 2906; x_wconf 77' lang='lat' dir='ltr'>mala</span> <span class='ocrx_word' id='word_1_339' title='bbox 508 2898 519 2919; x_wconf 90' lang='lat'>,</span> <span class='ocrx_word' id='word_1_340' title='bbox 540 2866 673 2908; x_wconf 72' lang='lat' dir='ltr'>‘multa</span> <span class='ocrx_word' id='word_1_341' title='bbox 696 2867 863 2923; x_wconf 79' lang='lat' dir='ltr'>pericla</span> <span class='ocrx_word' id='word_1_342' title='bbox 879 2899 889 2907; x_wconf 92' lang='lat'><strong>.</strong></span> 
     </span>
    </p>

    <p class='ocr_par' dir='ltr' id='par_1_4' title="bbox 155 2932 1640 3047">
     <span class='ocr_line' id='line_1_40' title="bbox 271 2932 1638 2981; baseline -0.001 -6"><span class='ocrx_word' id='word_1_343' title='bbox 271 2932 369 2976; x_wconf 79' lang='lat'>824.</span> <span class='ocrx_word' id='word_1_344' title='bbox 405 2932 639 2975; x_wconf 62' lang='lat' dir='ltr'>PRAETER</span> <span class='ocrx_word' id='word_1_345' title='bbox 666 2948 785 2975; x_wconf 67' lang='lat' dir='ltr'>nunu</span> <span class='ocrx_word' id='word_1_346' title='bbox 818 2947 955 2980; x_wconf 77' lang='lat' dir='ltr'>QUAM</span> <span class='ocrx_word' id='word_1_347' title='bbox 988 2948 1122 2981; x_wconf 85' lang='lat' dir='ltr'><strong>QUOD</strong></span> <span class='ocrx_word' id='word_1_348' title='bbox 1148 2947 1364 2975; x_wconf 81' lang='lat' dir='ltr'>MORBIST</span> <span class='ocrx_word' id='word_1_349' title='bbox 1395 2947 1492 2975; x_wconf 84' lang='lat' dir='ltr'>CUM</span> <span class='ocrx_word' id='word_1_350' title='bbox 1521 2946 1638 2975; x_wconf 73' lang='lat' dir='ltr'>con-</span> 
     </span>
     <span class='ocr_line' id='line_1_41' title="bbox 155 3001 1640 3047; baseline -0.001 -1"><span class='ocrx_word' id='word_1_351' title='bbox 155 3016 300 3046; x_wconf 72' lang='lat' dir='ltr'>roms</span> <span class='ocrx_word' id='word_1_352' title='bbox 339 3015 524 3043; x_wconf 70' lang='lat' dir='ltr'>Anemr</span> <span class='ocrx_word' id='word_1_353' title='bbox 546 3034 556 3044; x_wconf 90' lang='lat'>.</span> <span class='ocrx_word' id='word_1_354' title='bbox 580 3002 708 3046; x_wconf 86' lang='lat' dir='ltr'>Recte</span> <span class='ocrx_word' id='word_1_355' title='bbox 745 3002 842 3047; x_wconf 88' lang='lat' dir='ltr'>Itali</span> <span class='ocrx_word' id='word_1_356' title='bbox 879 3005 921 3045; x_wconf 88' lang='lat' dir='ltr'>et</span> <span class='ocrx_word' id='word_1_357' title='bbox 959 3001 1183 3045; x_wconf 87' lang='lat' dir='ltr'>Turnebus</span> <span class='ocrx_word' id='word_1_358' title='bbox 1213 3016 1394 3043; x_wconf 76' lang='lat' dir='ltr'>Monnxs</span> <span class='ocrx_word' id='word_1_359' title='bbox 1430 3018 1522 3045; x_wconf 79' lang='lat' dir='ltr'>eum</span> <span class='ocrx_word' id='word_1_360' title='bbox 1552 3017 1640 3046; x_wconf 81' lang='lat' dir='ltr'>cor-</span> 
     </span>
    </p>
   </div>
  </div>
 </body>
</html>
