2040 3328
462 226 544 269 352
1153 226 1211 268 VI

572 337 639 378 47.
672 337 1078 386 QUANDOQUIDEM
1115 350 1267 376 SEMEL
1297 352 1531 378 msmNEM
1562 336 1908 380 CONSCENDERE

462 417 658 444 commu
689 403 966 444 VENTORUM
1003 416 1247 443 Enni-Am·
1284 417 1574 446 PLACENTUR
1614 418 1765 446 omnm
1793 420 1908 446 nnn-

461 484 578 523 8611,
608 469 711 519 Qun
750 482 959 509 1011111111·
996 483 1099 509 snm·
1139 484 1360 511 PLACATO
1398 484 1648 512 convnRSA
1685 485 1905 516 FAVORE.

460 535 699 586 Quadratus
739 539 778 576 et
816 549 841 577 a
878 540 1109 578 correctore
1147 537 1381 591 oblongus,
1408 537 1508 578 item
1546 538 1644 578 olim
1686 538 1877 593 impressi
1896 571 1905 594 ‚

454 603 675 658 placentur
712 603 878 643 omnia.-
898 602 1105 656 oblongus
1141 604 1277 657 prima
1313 615 1440 644 manu
1477 603 1685 646 Zacentur.
1706 604 1772 646 hic
1801 619 1906 648 1111118

461 669 621 722 aliquid
643 668 750 710 vidit
771 667 981 711 Iohannes
1003 670 1183 712 Auratus
1202 702 1210 723 ‚
1234 670 1357 729 homo
1388 670 1630 722 ingeniosus
1648 701 1658 712 .
1679 671 1716 713 is
1747 663 1788 713 et
1817 688 1907 714 cur-

460 752 551 776 rum
590 736 803 777 Ventosum
841 736 1106 777 scribendum
1146 737 1378 790 intellexit,
1401 737 1444 778 id
1477 741 1539 778 est
1567 734 1692 778 ναΐαν
1720 733 1905 795 ἀπήνην,

459 815 611 844 navem
641 803 817 843 celerem
856 807 898 843 et
933 803 1136 855 agitatam
1171 804 1306 844 ventis
1325 836 1334 857 ‚
1357 808 1398 845 et
1426 804 1470 845 in
1506 803 1589 844 fine
1621 804 1788 858 placato
1817 821 1905 848 con-

458 885 578 910 versa
594 869 750 924 furore
767 884 779 909 :
799 881 894 909 nam
931 869 1090 922 placari
1129 869 1250 911 favor
1287 870 1358 923 qui
1398 871 1558 925 possit,
1580 883 1665 912 non
1702 876 1904 926 apparet,

460 936 538 977 etsi
576 935 730 988 aliquis
770 935 822 976 de
862 932 1209 990 κροτοθορύβοις
1245 936 1473 978 amicorum
1505 937 1673 991 Epicuri
1703 938 1905 994 accipiat,

460 1002 513 1043 de
554 1001 703 1054 quibus
741 1001 989 1044 Plutarchus
1031 1002 1132 1056 περὶ
1166 1003 1245 1044 τοῦ
1286 997 1462 1044 ἀκούειν
1500 1017 1541 1058 p.
1559 1003 1613 1045 45
1633 1018 1656 1043 F
1675 1036 1683 1044 .
1705 1004 1904 1046 Auratum

459 1068 586 1121 igitur
616 1068 752 1109 secuti
789 1073 1002 1122 postrema
1038 1070 1164 1111 facile
1199 1069 1503 1122 integrabimus
1542 1071 1762 1114 scribendo
1793 1073 1906 1124 Quae

445 1135 639 1189 fuerint,
662 1148 796 1188 811111,
814 1135 980 1189 placato
1016 1152 1210 1177 conversa
1239 1149 1433 1176 FURORE
1451 1167 1460 1178 .
1481 1150 1616 1190 neque
1650 1138 1787 1192 prima
1821 1139 1904 1180 iam

459 1200 649 1242 difficilia
692 1205 811 1254 sunt,
841 1202 1181 1257 Quandoquidem
1225 1203 1350 1244 semel
1388 1216 1605 1244 INSTITUI
1640 1205 1906 1248 conscendere

458 1284 624 1309 currum
656 1268 944 1308 Vmwroson.
968 1282 1078 1323 quae
1116 1281 1142 1310 a
1172 1269 1344 1310 Manilio
1383 1282 1585 1324 expressa
1620 1284 1713 1314 esse
1748 1272 1906 1313 monuit

459 1339 523 1376 me'
551 1334 728 1377 Iacobus
760 1335 1018 1389 Bernaysius
1037 1367 1047 1377 .
1070 1336 1130 1377 sic
1160 1335 1289 1388 igitur
1319 1336 1391 1378 ille
1422 1336 1463 1377 in
1494 1351 1533 1391 V,
1555 1338 1629 1391 10,
1653 1338 1754 1380 Cum
1783 1339 1907 1381 semel

457 1402 661 1443 aethereos
677 1403 816 1443 iussus
831 1402 1098 1444 conscendere
1109 1418 1256 1444 currus
1267 1403 1477 1445 Summum
1493 1405 1731 1459 conttyerim
1747 1421 1904 1461 suaper

444 1468 632 1523 fastzjqz'a
661 1469 818 1510 culmen
838 1503 846 1511 .
869 1473 1096 1523 supersunt
1125 1473 1311 1511 monstra
1330 1469 1459 1511 medii
1480 1482 1652 1524 versus,
1675 1471 1791 1512 ouius
1813 1484 1904 1513 sen—

457 1535 589 1576 tentia
618 1539 662 1575 ut
691 1535 870 1576 obscura
899 1548 984 1576 non
1017 1540 1079 1577 est
1108 1536 1252 1590 (debet
1277 1536 1387 1577 enim
1417 1535 1538 1578 huius
1567 1536 1679 1578 modi
1711 1550 1828 1591 esse,
1850 1537 1904 1579 ‘et

458 1602 655 1655 quoniam
691 1618 838 1644 rursus
872 1615 1009 1643 novae
1044 1605 1314 1656 tempestates
1352 1603 1539 1658 instant’)
1575 1604 1636 1644 ita
1676 1603 1730 1645 de
1764 1604 1903 1646 verbis

457 1668 558 1709 nihil
597 1668 695 1709 certi
732 1681 903 1721 possum
938 1669 1077 1710 dicere
1096 1683 1104 1709 ε
1133 1668 1263 1721 digna
1297 1672 1438 1711 tamen
1474 1670 1668 1711 Lucretio
1710 1669 1903 1712 videntur

457 1735 587 1787 haee,
610 1749 664 1774 ET
695 1748 916 1774 CERTANT
946 1748 1250 1775 PLANGENTIA
1279 1749 1494 1776 FLAMINA
1523 1752 1716 1778 O‘urSum·

567 1802 634 1843 51.
665 1815 860 1842 PAvmxs
892 1816 985 1843 ch
1014 1816 1234 1842 PENDENT
1260 1815 1502 1843 MONTIBUS
1534 1816 1715 1846 SAEPE.
1737 1802 1903 1845 Correo-

455 1874 520 1909 101·
551 1868 743 1922 quadrati
775 1872 816 1910 et
844 1869 941 1910 Itali
971 1883 1031 1908 ME
1043 1882 1210 1909 111-111118
1228 1900 1237 1909 .

566 1935 633 1976 52.
665 1935 730 1976 ET
760 1949 973 1975 FAcmNT
1005 1949 1184 1975 Anmos
1215 1949 1415 1976 HUMILIS
1434 1968 1442 1976 .
1466 1937 1562 1978 Non
1590 1937 1710 1979 aliter
1729 1938 1904 1979 Lactan—

455 2002 536 2043 tius
574 2002 615 2042 in
646 2016 677 2042 11
711 2002 1015 2044 institutionum
1046 2003 1084 2055 3,
1105 2002 1157 2044 10
1192 2006 1232 2043 et
1272 2003 1314 2043 in
1352 2003 1535 2057 epitoma
1554 2003 1691 2056 25,4.
1715 2003 1789 2046 sed
1824 2003 1904 2046 hae

455 2069 795 2122 coniunctiones,
819 2081 927 2122 quae
957 2073 1054 2110 sunt
1076 2077 1111 2110 et
1141 2085 1242 2123 que,
1267 2069 1344 2110 hoc
1366 2069 1489 2111 modo
1511 2070 1620 2111 inter
1646 2082 1691 2112 se
1712 2070 1904 2121 coniunc-

455 2140 523 2176 tae
554 2136 609 2176 Et
633 2135 799 2188 faciunt
834 2135 1028 2187 humilis,
1051 2135 1341 2190 depressosque
1367 2146 1583 2191 premunt,
1605 2140 1651 2178 ut
1685 2136 1821 2178 altera
1846 2137 1903 2178 al-

454 2202 531 2243 teri
562 2201 757 2242 ordinata
787 2202 865 2254 sit,
889 2215 971 2242 non
992 2205 1087 2242 sunt
1117 2202 1316 2254 antiquae
1337 2203 1649 2245 consuetudinis
1669 2237 1677 2246 .
1701 2203 1903 2245 Marullus

455 2268 659 2323 Efficz'unt
675 2299 684 2306 .
707 2267 842 2308 lenius
864 2271 926 2308 est
943 2268 1086 2310 Cetera
1101 2292 1172 2322 -,
1191 2268 1326 2309 HAEC
1335 2269 1508 2324 faciunt
1529 2272 1687 2311 animos
1707 2270 1875 2311 humilis
1891 2300 1901 2309 .

564 2334 631 2375 53.
662 2347 718 2373 AT
750 2347 944 2374 TERRAM
962 2366 970 2374 .
993 2334 1058 2375 Ita
1078 2334 1143 2376 hie
1171 2336 1213 2376 in
1235 2335 1418 2389 oblongo
1449 2336 1605 2390 scripta
1625 2340 1688 2378 est
1708 2335 1767 2377 ad
1783 2348 1902 2390 prae-

453 2401 607 2455 positio
627 2433 636 2454 ,
658 2400 701 2441 111
718 2399 923 2453 quadrato
941 2417 965 2442 a
984 2432 993 2442 .
1018 2401 1226 2455 oblongus
1244 2403 1287 2443 in
1303 2402 1487 2456 capitulo
1509 2416 1563 2455 v1,
1583 2403 1662 2444 749
1680 2411 1724 2443 at
1738 2401 1878 2443 aedem
1892 2433 1901 2443 .

453 2467 701 2508 atmoderate
721 2467 764 2508 in
780 2467 917 2520 11,169
939 2471 980 2508 61
994 2469 1216 2522 Aeportant
1235 2469 1278 2509 in
1300 2469 1428 2522 v,221
1451 2474 1650 2523 uterque,
1672 2467 1902 2522 quadratus

454 2535 764 2589 Atmv'mtumque
783 2533 825 2574 in
847 2548 873 2586 1,
887 2534 970 2576 569
985 2566 994 2582 ‚
1011 2535 1184 2575 atmz'aeta
1204 2535 1247 2575 in
1264 2549 1306 2587 11,
1319 2535 1399 2576 467
1414 2567 1423 2587 ‚
1441 2536 1566 2577 atlz'sa
1587 2536 1628 2576 in
1650 2549 1704 2588 ιν,
1716 2535 1823 2589 570,
1843 2543 1901 2576 at-

439 2602 531 2656 fine
551 2601 594 2642 in
620 2614 678 2654 111,
698 2600 778 2642 733
795 2631 804 2640 .
827 2600 940 2654 apud
961 2600 1214 2641 Frontonem
1244 2615 1284 2655 p.
1301 2601 1384 2643 240
1413 2602 1517 2656 (124
1533 2591 1674 2656 Nieb.)
1705 2602 1902 2657 atposz'tas

453 2667 643 2709 homines
680 2667 944 2708 doctissimos
975 2666 1153 2708 fefellit.
1175 2667 1219 2708 in
1251 2668 1451 2710 Varronis
1488 2681 1625 2710 rerum
1654 2669 1902 2710 rusticarum

452 2734 559 2775 libro
590 2748 633 2787 11,
652 2734 689 2788 8,
707 2734 734 2774 2
750 2766 759 2787 ,
781 2733 849 2774 ubi
873 2737 936 2775 est
956 2733 1126 2775 Pullum
1147 2735 1355 2777 asininum
1377 2751 1404 2776 a
1425 2743 1556 2791 partu
1576 2742 1772 2776 recentem
1793 2733 1900 2774 subi-

452 2802 563 2841 ciunt
600 2816 727 2855 equae
741 2833 751 2853 ,
783 2801 900 2841 cuius
940 2800 1042 2841 lacte
1080 2801 1301 2855 ampliores
1325 2801 1441 2856 flunt
1454 2834 1466 2855 ,
1494 2800 1604 2855 quod
1620 2822 1622 2824 r
1636 2799 1684 2842 id
1719 2800 1821 2841 lacte
1860 2806 1902 2839 al

452 2867 663 2920 (impressi
696 2866 763 2920 ac)
795 2867 884 2908 alia
903 2868 1042 2908 omnia
1071 2866 1212 2908 dieunt
1238 2883 1322 2909 esse
1351 2868 1521 2920 melius,
1543 2868 1807 2921 perspicuum
1839 2867 1902 2907 est

452 2933 718 2974 scribendum
749 2945 842 2974 esse
873 2942 916 2974 at
945 2933 1169 2974 alimonia.
1674 2926 1676 2928 ¹
