2040 3328
885 262 951 304 III
1581 264 1662 306 163

181 374 229 417 ob
249 390 294 417 οε
315 374 428 432 Graj
442 390 518 417 ora
539 375 799 418 obvertebant
818 393 899 419 sua
922 409 931 418 .
954 375 990 419 O
1010 377 1248 435 inyratifi'ci
1265 377 1426 433 Aryivi
1436 409 1447 430 ,
1470 378 1662 419 inmunes

181 441 294 498 Graj
303 443 547 485 inmemores
563 443 757 491 benefici.
774 444 969 500 Namque
985 445 1064 487 hac
1080 444 1256 488 advenio
1273 478 1284 499 ,
1301 453 1346 486 ut
1363 460 1456 486 mea
1472 460 1546 500 ope
1566 459 1663 500 opes

183 509 337 552 Troiae
355 510 553 566 integrent
573 542 582 552 .
599 510 731 553 Nilne
752 528 778 554 a
804 512 933 555 Troia
954 511 1152 569 adportat
1159 512 1306 569 fando
1323 513 1342 555 52
1361 513 1454 570 Eyo
1466 513 1662 568 pervica—

179 577 288 619 ciam
309 578 377 620 aio
393 610 405 632 ,
427 594 476 620 ea
493 594 555 620 me
571 580 636 620 uti
648 579 738 622 volo
757 612 765 621 .
785 579 974 622 Lucilius
991 579 1107 635 apud
1125 580 1313 623 Nonium
1331 594 1371 635 p.
1390 580 1456 634 81,
1474 580 1527 622 31
1553 579 1661 622 Cuia

179 660 308 702 opera
328 677 338 687 .
360 644 549 688 Catullus
571 646 636 689 bis
657 660 742 689 uno
764 660 917 702 versu,
940 647 1026 690 Sed
1049 648 1179 690 Troia
1209 649 1387 690 obscena
1403 680 1413 701 ,
1447 647 1577 689 Troia
1598 648 1661 688 in-

166 713 303 771 felice
332 713 538 770 sepultum
555 731 570 768 ,-
590 714 709 757 Maro
726 748 737 769 ,
760 719 967 770 quantum
998 715 1114 770 scio,
1137 715 1347 770 noviens,
1371 715 1553 757 Lethaei
1578 714 1661 768 ad,

178 780 308 824 Idaeo
328 781 540 824 Alcanore
554 815 565 837 ,
589 782 692 825 Coeo
713 782 1008 840 Enceladoque
1023 816 1035 838 ,
1071 784 1201 826 Troia
1221 784 1398 839 antiqua
1415 815 1424 837 ,
1460 783 1590 825 Troia
1611 799 1663 825 eoe

178 849 349 904 ardente
364 883 376 904 ,
397 849 548 898 Troiae
569 859 606 893 el
626 849 690 892 bis
707 883 717 904 ,
738 851 889 893 Troiae
911 850 1122 894 excidium
1137 884 1148 905 ,
1166 851 1390 908 Harpyiae
1412 859 1449 893 et
1468 851 1635 905 maynis
1649 866 1663 903 ‚·

178 916 360 962 Ovidius
391 918 548 972 semel,
581 918 616 961 si
646 932 795 962 verum
827 923 912 975 est,
944 924 1113 962 metam.
1135 934 1192 974 1x,
1218 919 1299 962 183
1330 920 1492 960 Antaeo
1524 919 1668 974 eripui

179 986 297 1040 (nam
317 986 361 1028 in
383 986 592 1028 fastorum
614 1001 670 1040 1v,
693 987 777 1030 264
797 992 938 1043 potest
957 987 1086 1030 scribi
1107 987 1321 1042 Idaeost);
1350 987 1524 1029 Persius
1545 1000 1588 1039 11,
1610 987 1661 1029 19

177 1054 242 1096 vis
258 1054 375 1098 Staio
392 1054 411 1096 ,9
432 1070 487 1096 an
504 1055 662 1097 scilicet
677 1055 822 1098 haeres
839 1057 858 1098 52
879 1056 1045 1099 Seneca
1062 1056 1104 1097 in
1122 1055 1358 1111 Hippolyto
1379 1054 1456 1097 147
1480 1055 1661 1096 Lethaeo

178 1121 389 1177 abditum5
403 1122 603 1166 Lucanus
626 1123 990 1181 Pompejiqnava,
1009 1124 1187 1182 Pompej
1204 1133 1260 1179 et,
1282 1138 1338 1177 v1,
1356 1123 1440 1166 589
1464 1137 1534 1177 vn,
1556 1123 1661 1176 1963

180 1189 343 1232 Statius
363 1190 566 1233 Nemeaei
582 1191 666 1245 ad,
697 1191 895 1234 Cirrhaei
911 1193 958 1234 in
971 1225 982 1246 ,
1011 1192 1238 1250 Ephyraeo
1260 1193 1306 1234 in
1321 1225 1332 1246 ,
1361 1191 1567 1233 Nemeaeo
1589 1191 1634 1232 in
1650 1223 1660 1243 ,

177 1256 310 1300 Theb.
327 1272 354 1311 1,
368 1258 453 1301 575
470 1258 551 1301 641
572 1272 626 1314 v1,
645 1259 728 1302 253
743 1273 784 1314 Χ,
801 1259 904 1314 499;
927 1259 1057 1303 Silius
1074 1274 1133 1314 111,
1150 1259 1234 1303 565
1259 1260 1411 1302 Troiae
1429 1267 1632 1301 eaetremos
1649 1291 1659 1313 ‚

177 1339 216 1380 v,
238 1325 320 1368 164
342 1326 522 1381 Tarpeio
543 1326 753 1382 imponere
768 1359 779 1381 ,
797 1341 886 1381 vm,
904 1327 990 1368 414
1014 1328 1286 1384 Therapnaeo
1308 1343 1335 1368 a
1351 1359 1362 1380 ,
1384 1340 1470 1380 xlv,
1493 1326 1546 1368 26
1568 1326 1661 1382 Hy-

176 1393 292 1436 blaeo
322 1392 516 1436 accedere
538 1425 547 1436 .
575 1397 792 1449 postremo
814 1391 858 1436 in
880 1400 1033 1449 quarto
1055 1409 1213 1450 genere
1231 1429 1242 1447 ,
1265 1394 1340 1437 ubi
1372 1393 1534 1437 vocalis
1566 1393 1660 1435 bre-

175 1460 242 1504 vis
274 1464 338 1504 est
367 1465 464 1516 post
494 1460 830 1517 diphthongum,
874 1463 952 1506 etsi
985 1477 1071 1505 non
1101 1464 1234 1506 nimia
1265 1476 1360 1506 esse
1391 1461 1559 1505 videtur
1591 1460 1661 1502 eli·

177 1529 310 1572 sionis
330 1529 568 1572 insuavitas
586 1563 596 1584 ,
619 1530 753 1573 nihilo
775 1531 913 1573 minus
934 1533 1143 1587 pauciora
1158 1532 1226 1574 hic
1247 1544 1376 1586 quam
1398 1530 1442 1572 in
1464 1529 1660 1585 proximo

175 1610 334 1651 genere
364 1597 510 1640 notavi
542 1599 740 1653 exempla
766 1631 776 1641 .
820 1599 943 1642 nulla
973 1601 1144 1643 omnino
1176 1604 1324 1642 extant
1355 1597 1473 1654 apud
1503 1598 1660 1639 Teren—

175 1664 308 1719 tium,
331 1664 601 1721 Lucretium,
625 1666 847 1709 Horatium
866 1700 876 1723 ,
899 1668 1138 1724 Tibullum,
1162 1667 1386 1722 Gratium,
1408 1665 1631 1707 Manilium
1650 1698 1660 1716 ‚

177 1731 505 1788 Germanicum,
537 1732 771 1789 Senecam,
805 1735 1047 1778 Martialem
1071 1768 1079 1778 .
1103 1749 1232 1778 unum
1255 1734 1455 1777 Latinum
1478 1733 1661 1776 vocabu-

174 1800 261 1842 lum
278 1800 392 1844 elisit
409 1800 585 1844 Plautus
603 1834 612 1856 ,
631 1804 762 1859 quoia
784 1813 887 1847 esset
908 1809 950 1847 et
966 1806 1095 1861 quoia
1113 1820 1162 1847 ea
1177 1804 1232 1845 sit
1247 1803 1289 1844 in
1310 1803 1482 1844 Mercat.
1499 1815 1527 1855 1,
1547 1801 1586 1854 2,
1606 1801 1658 1842 87

175 1871 218 1910 et
236 1882 297 1924 1v,
313 1868 353 1923 3,
371 1868 423 1910 21
443 1901 453 1924 ,
481 1868 579 1911 item
598 1872 727 1925 quoia
748 1871 809 1914 acl
822 1873 942 1914 auris
958 1872 1004 1914 in
1020 1871 1217 1914 Rudente
1240 1885 1283 1922 11,
1301 1870 1340 1924 3,
1361 1870 1408 1923 23
1431 1882 1562 1910 unum
1585 1869 1661 1910 La·

175 1935 309 1978 tinum
329 1935 491 1979 Statius
516 1937 650 1980 Theb.
673 1952 717 1990 11,
737 1939 820 1982 609
849 1943 891 1982 et
911 1940 1130 1983 Iuvenalis
1154 1953 1208 1993 vx,
1227 1938 1340 1992 516,
1370 1937 1573 1991 Plebez'a5
1599 1936 1661 1978 Si-

85 2045 98 2059 ,
175 2003 258 2046 lius
279 2004 463 2060 Tarpeia
482 2019 537 2067 vr,
558 2005 638 2048 103
659 2020 731 2061 vn,
750 2007 806 2050 56
828 2022 869 2062 Χ,
887 2007 969 2050 337
992 2022 1082 2063 x111,
1100 2007 1197 2062 843,
1221 2005 1335 2047 idem
1353 2004 1494 2048 Graia
1515 2018 1588 2059 ΧΠ,
1605 2004 1659 2045 41

174 2085 261 2126 xm,
275 2071 358 2114 338
377 2086 387 2113 ε
404 2071 543 2115 Graia
559 2072 758 2116 Lucanus
774 2087 944 2130 quoque
962 2090 1000 2131 v,
1018 2077 1103 2119 419
1121 2079 1162 2118 et
1180 2073 1372 2128 Sulpicia
1388 2072 1431 2114 in
1448 2073 1582 2115 satira
1593 2072 1660 2115 29.

177 2137 348 2182 Graeca
368 2143 443 2182 aut
463 2153 491 2183 a
511 2139 690 2183 Graecis
722 2140 907 2185 deducta
936 2148 1037 2186 sunt
1065 2142 1182 2199 apud
1204 2143 1401 2185 Plautum
1421 2141 1663 2198 Hymenaee

178 2207 219 2249 io
241 2206 286 2249 in
307 2206 466 2250 Casina
486 2222 542 2263 1v,
559 2208 598 2264 3,
619 2209 646 2251 3
668 2213 709 2251 et
733 2210 810 2265 10,
834 2210 870 2253 O
889 2211 1017 2254 Troia
1038 2227 1060 2254 o
1074 2211 1227 2268 patria
1248 2210 1292 2251 in
1314 2207 1468 2251 Bacch.
1490 2222 1547 2264 xv,
1565 2209 1604 2263 9,
1622 2210 1661 2263 9,

174 2274 332 2317 Lucilii
363 2275 479 2330 quod
507 2274 638 2319 habet
660 2277 825 2320 Nonius
856 2291 899 2334 p.
922 2279 1018 2334 360,
1041 2279 1095 2321 28
1118 2279 1274 2321 aulaea
1305 2276 1493 2320 obducite
1509 2309 1520 2330 ,
1544 2277 1662 2332 apud

175 2341 389 2385 Catullum
416 2344 519 2386 item
538 2345 781 2402 Hymenaee
802 2348 842 2390 io
866 2350 908 2389 et
927 2347 1172 2404 Hymenaee
1194 2347 1362 2403 Hymen
1378 2378 1387 2398 ,
1418 2343 1532 2399 apud
1560 2345 1662 2387 Ver-

173 2410 326 2464 gilium
346 2411 552 2468 Panyaea
582 2421 619 2455 et
634 2445 646 2467 ,
673 2413 799 2456 Troia
829 2418 981 2468 quater
1003 2447 1013 2457 .
1037 2416 1138 2458 item
1159 2412 1373 2470 Propertii
1406 2417 1471 2455 est
1491 2427 1531 2468 V,
1551 2413 1590 2467 7,
1608 2414 1660 2456 91

174 2478 360 2521 Lethaea
378 2479 438 2521 ad
449 2488 601 2536 slaqna
618 2512 627 2534 ,
646 2479 791 2523 Ovidii
808 2486 977 2524 metam.
1001 2497 1087 2538 x1v,
1105 2482 1188 2526 248
1210 2496 1279 2536 xv,
1298 2481 1380 2523 718
1399 2480 1577 2524 Circaea
1593 2481 1662 2534 ad,

175 2545 352 2589 Circaea
367 2556 405 2590 et
418 2580 430 2602 ,
447 2548 612 2591 Valerii
630 2548 771 2600 Flacci
795 2565 866 2606 vn,
888 2551 966 2594 191
989 2552 1133 2594 Aeaea
1148 2552 1193 2594 in
1211 2550 1376 2592 moenia
1392 2583 1401 2592 .
1419 2549 1481 2591 ita
1502 2549 1663 2591 Statius

175 2613 390 2670 Dircaea,
414 2616 651 2672 Nemeaea,
674 2618 861 2661 Lethaea
876 2618 942 2661 bis
958 2651 970 2672 ,
992 2619 1234 2675 Phleqraea
1248 2650 1260 2672 7
1282 2617 1453 2659 Euboea
1468 2649 1479 2670 ,
1505 2617 1635 2658 Troia
1650 2649 1661 2670 ,

175 2679 306 2723 Silius
325 2695 411 2736 XIV,
434 2683 516 2726 180
535 2684 766 2741 Ephyraea
784 2720 793 2729 .
815 2690 949 2728 restat
969 2686 1064 2728 heia
1079 2685 1320 2728 interiectio
1339 2717 1349 2739 ,
1373 2697 1501 2738 quam
1523 2688 1662 2725 utrum

175 2748 328 2791 tertiae
359 2761 414 2791 an
446 2754 624 2805 quartae
656 2751 783 2794 classi
816 2752 1060 2795 adscribam
1082 2752 1212 2795 valde
1233 2751 1408 2805 ambigo
1432 2783 1439 2792 .
1465 2764 1559 2794 eam
1580 2751 1662 2793 Va-

173 2815 326 2858 lerium
348 2816 548 2860 Flaccum
570 2819 828 2873 corripuisse
851 2819 981 2862 didici
1003 2853 1013 2875 ,
1036 2821 1108 2874 qui
1131 2819 1288 2862 dixerit
1309 2820 1353 2860 in
1375 2819 1576 2872 v111,}110
1597 2820 1664 2860 eia

169 2899 250 2939 per
280 2884 420 2940 ipsum
441 2916 451 2926 .
481 2885 696 2927 Ausonius
727 2898 822 2927 cum
861 2887 905 2928 in
942 2887 1215 2942 ephemeride
1246 2886 1416 2940 scripsit
1450 2886 1566 2928 Puer
1597 2888 1664 2928 eia

174 2966 301 3008 surqe
331 2960 369 2994 et
398 2952 557 2995 calceos
572 2985 584 3007 ,
615 2952 721 3007 quid
742 2953 925 2996 voluerit
946 2955 1154 2998 incertum
1175 2957 1266 3008 est,
1300 2953 1503 3008 quoniam
1526 2954 1570 2996 in
1592 2967 1661 2996 eo-

176 3017 273 3060 dem
306 3020 497 3063 carmine
528 3019 639 3062 hunc
669 3021 925 3064 versiculum
955 3023 1126 3077 posuit,
1149 3022 1235 3063 Rei
1251 3020 1421 3064 dicz‘nae
1445 3022 1566 3079 copia
1591 3031 1660 3064 est.

1311 3089 1394 3129 11*
