2040 3328
949 218 970 261 I
1642 222 1695 265 73

219 330 438 375 Aeneidos
459 345 520 373 vu
539 346 581 388 p.
600 332 651 374 21
673 365 682 376 .
703 333 848 387 itaque
869 332 1059 376 Lucilius
1086 332 1201 389 apud
1229 334 1414 376 Nonium
1437 348 1477 391 p.
1495 334 1576 376 281
1600 337 1695 393 pri-

218 413 333 443 mum
355 399 544 443 dominia
565 409 688 458 atque
709 402 918 445 sodalz'cia
939 403 1079 444 omnia
1102 403 1323 445 Tollantur
1339 436 1349 447 .
1373 407 1414 446 et
1430 407 1565 459 ,puto
1583 436 1592 459 ,
1615 403 1696 459 pri-

218 481 313 511 mus
341 469 530 511 omnium
552 469 715 512 Ennius
745 469 853 513 Indo
884 479 1020 513 tuetur
1049 471 1113 513 ibi
1140 471 1253 527 Zupu’
1270 471 1444 527 semina
1459 505 1470 526 7
1498 473 1698 528 conspicit

218 537 360 580 omnia
381 552 393 579 :
425 536 594 580 codices
616 538 747 581 Nonii
778 539 911 580 omnis
943 553 984 594 p.
1007 539 1090 583 378
1112 572 1121 582 .
1143 543 1334 595 tempore
1355 545 1594 595 postremus
1615 539 1696 582 for—

218 608 336 647 tasse
366 604 402 647 is
435 605 504 660 qui
537 606 707 662 scripsit
726 607 780 666 de
800 606 914 649 bono
937 607 1029 649 viro
1051 620 1201 649 versus
1224 608 1518 662 (anthologiae
1540 609 1634 651 Lat.
1655 623 1695 663 v,

221 671 320 727 141)
342 672 398 714 24
425 674 486 715 sic
517 674 630 716 dicta
661 675 833 732 etfacta
850 692 929 732 per
951 676 1092 717 omnia
1111 675 1361 731 Inyvredz'ens
1379 709 1388 718 .
1406 676 1482 718 sed
1499 677 1696 719 Lucretio

218 753 390 795 quoque
420 740 533 784 idem
565 742 831 785 reddendum
863 746 927 785 est
958 746 999 785 et
1027 742 1096 784 hic
1128 747 1168 785 et
1199 743 1242 785 in
1273 757 1323 797 11,
1355 744 1465 799 719,
1497 744 1569 786 ubi
1599 743 1696 786 libri

219 808 372 852 eodem
392 809 520 853 modo
542 815 748 867 peccant.
780 810 907 853 huius
929 810 1100 865 generis
1123 811 1212 854 alia
1233 824 1444 867 exponam
1466 813 1522 855 ad
1543 812 1698 855 librum

218 891 263 934 11,
285 877 368 922 829
399 882 442 921 et
471 878 527 922 ad
559 894 620 935 111,
643 881 724 923 917
743 912 753 922 .

338 946 460 988 1114.
521 947 660 990 HAEC
722 963 796 990 s1c
855 961 1140 989 PERNOSCES
1190 962 1352 990 PARVA
1402 963 1697 991 pennum-us

219 1028 413 1058 oanLA
437 1047 446 1057 .
478 1015 628 1071 Neque
660 1018 721 1059 sic
751 1020 896 1072 aptum
928 1019 1018 1069 est,
1051 1028 1191 1070 neque
1212 1016 1476 1073 perductus.
1509 1030 1609 1060 nam
1639 1019 1699 1060 sic

217 1097 358 1139 neque
387 1082 445 1126 ad
475 1085 699 1140 superiora
730 1085 881 1128 referri
913 1083 1108 1139 videtur,
1141 1090 1182 1127 et
1202 1084 1349 1141 putide
1377 1086 1589 1129 adiectum
1621 1086 1700 1128 erit

218 1152 262 1194 in
279 1168 418 1208 parva
441 1152 580 1208 opella
597 1169 610 1195 .·
640 1166 718 1196 11(3(3
729 1154 1004 1211 perducentis
1025 1167 1163 1210 parva
1184 1167 1316 1210 opera
1337 1153 1479 1197 futura
1500 1158 1590 1208 est,
1622 1153 1698 1196 sed

219 1219 425 1263 discentis
449 1252 457 1262 .
480 1219 688 1263 Marullus
720 1223 763 1264 si
789 1222 992 1278 scripsit,
1025 1227 1067 1265 et
1096 1236 1225 1266 versu
1254 1222 1450 1278 proximo
1485 1238 1566 1265 non
1597 1223 1677 1264 tibi
1689 1238 1701 1264 .-

217 1287 453 1331 Lambinus
485 1289 586 1331 fecit
612 1289 864 1345 pez-functus
895 1290 1033 1347 opella
1055 1322 1064 1332 .
1095 1294 1274 1346 possunt
1305 1291 1411 1333 haec
1442 1289 1611 1333 facilius
1639 1290 1701 1332 ita

216 1356 436 1413 procurari
467 1361 514 1399 ut
543 1357 781 1399 scribamus
812 1358 958 1413 Haec,
998 1372 1107 1400 SCIO
1125 1392 1136 1413 ,
1171 1375 1392 1415 pernosces
1418 1375 1558 1415 parva
1587 1372 1700 1399 PER-

216 1439 411 1467 Docrns
443 1425 582 1482 opella
612 1457 621 1467 .
660 1424 727 1468 bis
760 1426 910 1468 eadem
942 1427 1263 1482 praepositione
1293 1427 1355 1469 uti
1384 1427 1587 1482 antiquae
1618 1427 1702 1470 ele-

217 1493 392 1549 gantiae
413 1497 478 1536 est
494 1527 503 1537 .
536 1493 598 1536 Sic
628 1493 738 1536 libro
757 1509 812 1549 vi,
829 1494 886 1536 42
914 1495 1002 1546 Quo
1030 1496 1167 1551 mayz‘s
1187 1496 1394 1552 inceptum
1411 1511 1587 1552 perya‘m
1604 1512 1700 1551 per-

221 1571 360 1606 temere
380 1561 506 1604 dictis
522 1594 530 1603 .
554 1561 704 1604 eodem
726 1562 805 1605 138
826 1563 1080 1605 Per-scindat
1100 1565 1247 1606 nubem
1254 1563 1533 1621 perfrz'nyens
1554 1564 1702 1620 impete

217 1639 327 1674 recto
344 1663 354 1673 .
383 1630 543 1673 ibidem
567 1630 650 1673 916
686 1631 824 1687 Usque
848 1631 951 1674 adeo
970 1641 1267 1688 permananter
1288 1633 1352 1674 vis
1370 1631 1561 1688 pervolat
1581 1632 1669 1674 eius
1692 1664 1701 1674 .

215 1713 260 1754 11,
277 1698 386 1741 1116
403 1699 598 1755 Donique
607 1698 666 1740 ad
673 1707 900 1742 extremam
912 1700 1129 1743 crescendi
1132 1701 1294 1757 perfica
1295 1700 1430 1756 finem
1443 1699 1594 1742 Omm'a
1606 1716 1700 1756 per-

217 1766 359 1810 duxit.
373 1767 419 1810 in
431 1781 492 1822 111,
503 1766 585 1810 936
598 1767 739 1808 omnia
739 1776 962 1823 pertusum
980 1778 1174 1825 conyesta
1188 1770 1317 1825 quasi
1331 1769 1374 1810 in
1391 1784 1466 1809 vas
1481 1767 1703 1810 Commoda

208 1835 453 1893 perfluxere
471 1867 479 1876 .
498 1835 540 1876 in
558 1834 712 1889 v1,543
729 1835 815 1877 His
831 1836 963 1891 zjqitur
979 1838 1102 1879 rebus
1118 1838 1349 1879 subiunctis
1364 1837 1674 1892 suppositisque
1691 1868 1702 1880 .

332 1918 376 1959 11,
419 1903 456 1945 1.
489 1902 660 1946 SUAVE
681 1917 803 1944 MAm
824 1918 993 1946 MAGNO
1013 1938 1021 1946 .
1046 1905 1220 1947 Servius
1241 1904 1297 1947 ad
1321 1903 1537 1946 Aeneidos
1557 1918 1597 1955 V,
1619 1904 1702 1947 628

216 1971 355 2016 Suave
384 1988 500 2014 mare
530 1988 732 2029 maynum
750 2004 759 2014 .
791 1985 891 2014 mox
918 1977 1226 2015 commentator
1245 1972 1412 2015 Horatii
1434 1971 1703 2026 Cruquianus

215 2040 413 2097 p.551a‚
447 2040 519 2095 qui
550 2041 681 2082 utitur
711 2054 839 2083 versu
861 2040 999 2096 primo
1030 2046 1072 2084 et
1102 2041 1316 2096 secundo,
1346 2042 1595 2083 motantibus
1625 2054 1703 2097 pro

220 2109 486 2151 turbantibus
508 2143 517 2153 .
546 2109 589 2151 in
627 2107 814 2151 secundo
854 2108 1014 2152 Marius
1046 2109 1289 2152 Victorinus
1318 2122 1359 2164 p.
1382 2108 1494 2152 2475
1525 2113 1704 2152 testatur

218 2189 315 2220 esse
354 2193 374 2220 e
411 2177 595 2220 vocalem
628 2194 708 2234 per
746 2193 790 2219 se
827 2178 917 2220 sine
947 2179 1138 2220 societate
1168 2186 1292 2234 atque
1322 2176 1580 2219 adminiculo
1611 2193 1703 2219 con-

218 2246 408 2288 sonantis
423 2261 438 2300 ,-
476 2245 591 2300 quod
623 2250 772 2288 contra
803 2244 919 2301 apud
952 2246 1140 2288 Nonium
1173 2246 1217 2288 in
1247 2253 1435 2302 spectare
1464 2259 1505 2301 p.
1527 2245 1624 2301 402,
1651 2246 1703 2288 13

216 2313 421 2370 scriptum
453 2318 518 2356 est
548 2315 606 2356 Ec
635 2323 772 2358 terrae
790 2347 799 2357 .

330 2381 371 2426 5.
403 2383 504 2424 sz
534 2397 728 2425 CAMPos
750 2416 760 2426 .
793 2384 833 2426 6.
866 2382 1036 2425 SUAVE
1066 2396 1219 2424 ETIAM
1242 2414 1250 2423 .
1273 2382 1393 2425 Haec
1423 2383 1614 2425 carmina
1644 2383 1703 2426 in-

217 2464 342 2494 verso
389 2450 538 2494 ordine
582 2451 746 2508 primus
783 2451 996 2495 Avantius
1039 2450 1197 2506 edidit,
1245 2451 1313 2493 cui
1352 2451 1617 2506 Naugerium
1663 2456 1704 2494 et

215 2518 560 2575 Wakefieldum,
598 2520 709 2563 hunc
745 2520 918 2575 quidem
956 2533 1050 2562 cum
1087 2519 1419 2562 admiratoribus
1456 2521 1570 2576 suis,
1617 2534 1702 2563 non

216 2587 416 2642 paruisse
445 2589 610 2644 turpius
645 2593 711 2632 est
746 2602 873 2644 quam
912 2588 1050 2631 Italos
1087 2601 1138 2630 ac
1167 2588 1395 2631 Marullum
1432 2589 1632 2632 intricata
1662 2593 1703 2632 et

221 2654 368 2709 inepta
396 2656 635 2700 tolerasse.

333 2721 398 2765 12.
429 2737 712 2766 PRESTANTE
742 2739 966 2767 PLAnossn
991 2758 999 2767 .
1032 2725 1083 2767 In
1115 2725 1224 2767 libro
1246 2739 1307 2780 111,
1327 2725 1382 2767 62
1407 2732 1622 2781 prestante
1642 2734 1701 2768 ta-

219 2789 314 2832 bore
337 2821 346 2832 .
377 2789 421 2831 in
451 2792 637 2834 secundo
668 2793 764 2835 Itali
797 2798 839 2836 et
867 2794 1065 2849 impressi
1095 2807 1327 2846 LABORE‘,
1364 2794 1408 2835 in
1447 2793 1568 2835 tertio
1601 2792 1701 2836 dum

218 2860 338 2900 taxat
366 2857 593 2914 impressi,
625 2861 708 2903 nisi
739 2860 868 2904 fallor
891 2894 900 2903 .
932 2861 1008 2904 sed
1040 2862 1228 2904 Venetus
1259 2861 1318 2903 ibi
1351 2861 1558 2904 laborem.

336 2925 399 2968 15.
461 2940 777 2975 QUANTISQUE
822 2944 966 2970 szrc
979 2944 1051 2970 T1s
1090 2962 1098 2971 .
1148 2929 1370 2972 Corrector
1416 2928 1615 2984 quadrati
1661 2936 1703 2974 et

217 2993 468 3037 Lactantius
498 2997 674 3040 institut.
706 3013 734 3052 1,
767 2997 834 3051 22,
866 2997 921 3039 48
951 3011 1177 3039 remens
1200 3030 1209 3040 .
1242 2997 1356 3040 idem
1386 2998 1635 3043 Lactantius
1667 3002 1702 3044 Ο
