2040 3328
362 227 445 270 426
755 224 757 226 ’
1054 233 1111 274 VI

478 342 596 382 1279.
630 342 732 392 Quo
764 356 870 383 prus
900 357 980 383 mc
1011 357 1255 388 POPULUS.
1278 347 1366 397 Quo
1386 348 1642 404 quadratus,
1665 351 1808 393 oblon-

362 421 439 460 gus
470 409 592 448 Huc.
623 421 715 449 cum
747 409 928 462 oblongo
960 410 1121 452 faciunt
1150 411 1250 452 olim
1279 413 1498 468 impressi:
1530 417 1628 459 inde
1655 417 1809 460 factum

362 474 474 527 apud
506 474 729 516 Antonium
756 475 877 517 Marii
907 477 982 530 Ut,
1015 478 1306 521 emendatione
1336 492 1496 534 prava.
1527 483 1685 526 scilicet
1714 497 1808 526 cum

362 544 480 582 vetus
511 540 644 582 codex
674 541 741 583 hic
771 543 962 586 sordibus
993 544 1196 587 obductus
1227 550 1363 601 esset,
1406 547 1584 601 primum
1613 550 1807 604 legerunt

362 621 471 661 nuo,
510 611 684 663 postea,
726 622 818 671 cum
852 611 1044 664 singulos
1081 612 1226 666 apices
1261 615 1494 656 accuratius
1530 619 1805 672 tract-assent,

361 674 558 716 viderunt
578 687 671 717 esse
693 689 805 720 Quo.
838 680 923 718 tum
955 678 1068 730 quod
1099 678 1306 732 oblongus
1332 679 1458 722 habet
1483 682 1583 736 pius
1598 713 1608 734 ‚
1629 683 1806 736 quadra-

361 745 426 783 tus
455 745 595 783 autem
612 744 735 797 prius
759 743 881 797 (olim
901 744 1094 798 impressi
1110 746 1209 799 pius
1223 778 1235 798 ,
1264 746 1470 788 Antonius
1492 747 1615 789 Marii
1638 749 1779 804 prius)
1796 782 1806 800 ‚

361 807 543 849 dubitari
581 821 664 850 non
701 814 839 864 potest
875 812 975 865 quin
1011 825 1036 851 R
1071 816 1143 853 aut
1178 824 1307 866 supra
1341 814 1538 867 scriptum
1575 813 1698 856 fuerit
1736 820 1808 858 aut

360 875 627 916 subnotatum
644 907 654 917 .
676 877 859 918 Lucretii
881 877 1093 930 ingenium
1124 891 1271 931 parum
1292 885 1578 933 cognoverunt
1597 881 1665 935 qui
1687 894 1806 936 prae⁴

359 946 506 996 optant
530 944 654 998 prius
672 975 681 983 .

474 1009 593 1051 1280.
632 1023 965 1052 TREPIDABAT.
1005 1012 1074 1054 Sic
1110 1013 1367 1067 quadratus,
1406 1014 1613 1067 oblongus
1643 1019 1806 1056 etcum

360 1076 480 1117 Italis
501 1076 600 1117 olim
622 1077 812 1131 impressi
834 1078 1072 1132 repedabat.
1097 1080 1149 1122 de
1170 1081 1233 1122 his
1254 1080 1524 1135 repetendum
1547 1086 1609 1123 est
1628 1081 1671 1123 id
1692 1082 1805 1135 quod

359 1143 482 1185 modo
514 1143 567 1185 de
598 1145 685 1195 Quo
717 1147 757 1185 et
786 1145 883 1186 Huc
914 1144 1029 1188 dixi.

472 1212 592 1253 1280.
624 1225 680 1251 ET
711 1224 833 1252 UNUS
856 1211 1082 1261 QulsQUE
1114 1229 1239 1256 SUUM
1268 1228 1357 1255 PRO
1387 1229 1445 1255 RE
1473 1229 1690 1257 MAESTUS
1721 1230 1803 1258 1111-

355 1292 541 1318 MABAT.
574 1278 653 1320 Hic
682 1279 969 1323 membranam
999 1281 1043 1322 in
1073 1282 1211 1324 medio
1232 1296 1357 1324 versu
1387 1282 1644 1335 perforatam
1674 1283 1804 1326 fuisse

355 1351 558 1400 apparet.
598 1346 801 1388 Marullus
832 1347 998 1390 addidit
1028 1358 1248 1391 consortem
1279 1349 1504 1403 (Antonius
1534 1349 1655 1391 Marii
1685 1366 1804 1392 suum

355 1422 576 1455 consortem
609 1430 690 1469 pro
725 1414 814 1467 re),
853 1415 1060 1458 Avantius
1099 1425 1338 1471 cognatum,
1380 1420 1598 1470 utrumque
1635 1417 1802 1471 inepte.

355 1480 455 1533 quid
486 1481 703 1523 Lucretius
735 1480 898 1523 dederit
927 1481 1008 1524 dici
1046 1495 1131 1524 non
1161 1486 1323 1536 potest:
1363 1474 1424 1524 ad'
1449 1495 1535 1525 rem
1566 1483 1663 1524 facit
1693 1497 1803 1524 con-

354 1561 545 1588 PosTnM
563 1581 572 1590 .

469 1615 588 1656 1282.
635 1616 908 1662 MULTAQUE
951 1631 1220 1658 SUBITAFET
1262 1630 1543 1657 PAUPERTAS
1587 1631 1804 1658 HORRmA

355 1696 549 1723 SUASIT.
589 1682 827 1733 Quadratus
862 1685 998 1726 subita
1019 1685 1102 1739 fic,
1139 1684 1346 1735 oblongus
1382 1684 1517 1724 subita
1554 1692 1614 1725 ec.
1657 1683 1803 1725 horum

353 1748 618 1791 librariorum
660 1754 806 1791 neuter
843 1751 886 1791 id
923 1751 1036 1804 quod
1065 1751 1264 1805 scriptum
1295 1754 1384 1791 erat
1413 1754 1525 1791 recte
1554 1750 1719 1792 videtur
1748 1750 1804 1792 le-

353 1816 495 1868 gisse:
535 1820 756 1871 praeterea
790 1817 949 1858 hiatum
986 1817 1256 1859 membranae
1285 1816 1471 1858 indicare
1501 1818 1802 1870 neglexerunt.

354 1887 518 1938 postam
549 1884 769 1938 scripsisse
801 1887 901 1938 puto
931 1884 1147 1939 Multaque
1181 1897 1266 1924 uns
1299 1896 1503 1924 snmus
1533 1897 1588 1923 nr
1622 1899 1802 1939 paupe-r-

354 1960 416 1992 tas
444 1951 617 1992 horrida
647 1952 804 1992 suasit.
836 1950 1039 1992 Marullus
1061 1964 1152 1992 cum
1174 1951 1293 1992 Italis
1314 1951 1405 1992 sine
1433 1963 1558 1992 sensu
1577 1951 1640 1992 vis
1669 1951 1804 1992 subita

354 2027 389 2060 et
405 2050 415 2070 ‚
452 2031 529 2060 nec
565 2017 694 2058 multo
727 2017 875 2059 melius
906 2017 1195 2060 Wakefieldus
1232 2019 1278 2060 vi
1302 2019 1437 2059 subita
1466 2018 1533 2059 vel
1563 2033 1608 2058 re
1637 2017 1770 2059 subita
1791 2048 1800 2058 .

352 2097 462 2126 nunc
493 2097 544 2125 cx
566 2084 710 2126 Orellii
743 2085 901 2138 eclogis
931 2084 1046 2126 disco
1077 2085 1354 2140 Pomponium
1379 2085 1555 2126 Laetum
1585 2083 1803 2138 scripsisse

355 2168 418 2193 res
448 2153 583 2193 subita
614 2160 650 2193 et
669 2183 677 2192 .

469 2219 586 2261 1285.
633 2219 1028 2264 SUBDEBANTQUE
1062 2232 1264 2260 FAUCES.
1315 2219 1379 2259 Ex
1415 2218 1598 2270 oblongo
1637 2229 1801 2259 erasum

352 2302 456 2341 que.
489 2286 695 2326 Antonius
726 2285 847 2326 Marii
880 2289 920 2326 et
950 2285 1182 2327 Brixiensis
1213 2285 1341 2327 editio
1372 2298 1547 2326 mons.

465 2365 554 2393 cAP.
573 2366 598 2405 1,
627 2353 658 2393 1.
692 2364 780 2391 οΑΕ
811 2364 1114 2392 APITRATON.
1145 2352 1314 2394 Rectius
1335 2351 1534 2405 scriptum
1554 2351 1667 2392 infra
1685 2364 1729 2404 11,
1746 2350 1801 2391 22

353 2419 525 2463 Graecis
562 2418 740 2459 litteris.
778 2422 842 2459 est
875 2418 982 2460 inter
1012 2415 1160 2475 κυρίας
1189 2414 1323 2468 δόξας
1352 2418 1523 2471 Epicuri
1552 2418 1713 2471 prima,
1748 2414 1798 2459 τὸ

350 2483 566 2541 μακάριον
587 2483 660 2526 καὶ
680 2479 914 2539 ἄφθαρτον
934 2480 1035 2527 οὔτε
1057 2482 1164 2528 αὐτὸ
1193 2482 1427 2541 πράγματα
1449 2483 1536 2536 ἔχει
1557 2479 1658 2526 οὔτε
1680 2477 1798 2538 ἄλλῳ

352 2552 552 2610 παρέχει,
576 2549 686 2594 ὥστε
707 2546 806 2594 οὔτε
829 2547 976 2607 ὀργαῖς
998 2546 1098 2594 οὔτε
1114 2547 1264 2608 χάρισι
1284 2550 1530 2603 συνέχεται·
1554 2550 1598 2594 ἐν
1619 2547 1802 2594 ἀσθενεῖ

351 2621 431 2677 γὰρ
472 2621 561 2663 πᾶν
595 2618 645 2662 τὸ
683 2619 916 2661 τοιοῦτον.
959 2623 1059 2661 nota
1099 2619 1203 2661 haec
1234 2623 1354 2661 erant
1383 2618 1559 2672 Servio,
1590 2618 1660 2672 qui
1691 2630 1799 2671 quae

352 2689 518 2742 scripsit
547 2687 602 2728 ad
624 2687 839 2729 Aeneidos
861 2700 913 2740 v1,
939 2686 1030 2740 134,
1061 2699 1112 2728 ea
1141 2685 1320 2740 repetita
1348 2689 1443 2727 sunt
1472 2685 1514 2726 in
1544 2684 1713 2727 scholiis
1743 2683 1799 2726 ad

352 2756 474 2797 Statii
488 2769 492 2773 ’
505 2753 765 2796 Achilleidos
786 2767 844 2806 111,
863 2753 917 2795 84
934 2785 943 2793 .

463 2823 500 2863 9.
532 2835 593 2861 DE
625 2834 779 2861 vauro
798 2852 807 2862 .
838 2820 979 2874 Haec,
1012 2831 1120 2873 quae
1150 2818 1306 2861 habent
1336 2819 1543 2872 oblongus
1575 2814 1615 2860 et
1636 2817 1797 2870 Italici,

351 2888 394 2928 in
424 2887 590 2929 schedis
621 2899 714 2929 esse
745 2886 1070 2928 Henrichsenius
1103 2899 1188 2928 non
1217 2885 1462 2928 annotavit.
1496 2884 1623 2927 habet
1657 2888 1796 2926 tamen

353 2954 671 2996 interstitionem
702 2954 933 3010 quadratus
963 2965 1130 3007 quoque
1148 2983 1157 2992 .
