2040 3328
973 235 1032 278 IV
1661 235 1745 278 233

247 356 455 412 ,ordinem
499 365 700 397 versuum
747 351 1072 408 perturbatum,
1105 362 1229 403 quem
1279 350 1465 393 numeris
1516 350 1745 406 adscriptis

264 423 428 468 ostendi
447 455 457 478 ,
480 421 537 465 ad
568 421 706 477 ipsam
729 420 953 464 veritatem
984 418 1230 462 revocavit.
1252 419 1333 461 hoc
1352 422 1399 461 ut
1419 418 1480 461 ita
1500 432 1595 462 esse
1625 419 1745 462 intel·

261 494 506 548 legeretur,
537 491 630 533 eius
667 489 802 532 verba
836 487 1071 531 secundum
1108 487 1303 542 singulas
1339 487 1504 531 litteras
1542 489 1746 544 ipsasque

262 559 558 604 distinctiones
596 558 811 613 descripta
845 556 1082 613 proposui.
1114 555 1269 610 ‘Atque
1305 569 1358 599 ea
1388 557 1619 598 continuo.
1652 555 1746 608 Que

261 632 494 684 sequuntur
521 629 539 671 !
577 630 856 686 praepostere
905 619 1077 680 scripta
1113 629 1248 667 sunt.
1286 625 1565 669 Continuetur
1612 638 1743 680 ergo.

261 697 414 741 Seruet
443 701 485 740 et
506 696 658 739 elisam
678 695 723 737 in
746 693 970 750 (deletum)
992 692 1185 747 sequenti
1205 693 1371 748 pagina
1387 728 1396 737 .
1419 697 1461 736 et
1483 707 1744 749 consequen-

260 771 324 810 ter
359 779 497 822 usque
533 766 624 808 ibi.
663 764 726 807 Ac
762 763 928 806 resilire
965 761 1020 804 ab
1057 761 1185 804 rebus
1209 794 1219 804 .
1250 762 1379 805 tertia
1414 762 1578 818 pagina
1599 795 1609 805 .
1643 763 1745 804 Post

259 835 367 878 haec
397 834 599 878 redeatur
628 834 710 876 huc
726 867 736 878 .
758 831 1001 889 Splendida
1020 844 1149 887 porro
1168 864 1178 874 .
1201 835 1242 874 et
1269 831 1470 874 continue
1490 845 1625 886 usque
1656 831 1715 874 ibi
1733 863 1743 874 .

221 947 226 952 ,
259 905 297 945 A
329 903 518 947 tenebris
537 937 547 947 .
569 904 652 959 (ita
672 907 886 946 corrector
908 901 1108 957 quadrati
1132 901 1212 943 hoc
1234 899 1449 954 antiquior
1469 899 1554 942 312
1573 914 1581 941 :
1603 898 1745 954 prima

259 986 390 1016 manu
412 982 460 1016 ..t
479 973 698 1027 tenebris.)
718 985 769 1015 ac
790 974 1098 1026 consequenter
1118 982 1254 1024 usque
1284 969 1341 1012 ibi
1362 1002 1370 1011 .
1401 969 1494 1021 Que
1515 969 1599 1012 sita
1619 972 1742 1011 sunt.

261 1041 370 1086 Inde
401 1042 580 1085 saltetur
610 1041 735 1086 illuc.
760 1040 884 1093 Quod
916 1043 1064 1082 contra
1093 1039 1236 1081 iacere
1253 1071 1263 1082 .
1285 1039 1364 1094 (ita
1394 1039 1657 1095 quadratus,
1681 1040 1743 1081 ia-

259 1111 399 1167 cere.)
430 1110 494 1154 Ac
524 1110 694 1154 demum
727 1113 996 1154 continuetur
1015 1110 1038 1164 3'
1068 1109 1179 1151 hunc
1209 1111 1310 1151 ante
1330 1108 1587 1151 Lambinum
1617 1120 1742 1150 nemo

259 1183 429 1222 secutus
451 1183 542 1222 est:
571 1179 782 1222 Marullus
813 1178 924 1221 enim
956 1177 1069 1220 hunc
1099 1176 1260 1220 fecerat
1289 1190 1490 1220 versuum
1521 1175 1742 1230 ordinem,

259 1247 342 1290 298
363 1246 590 1290 323—325
611 1247 838 1291 299—322
859 1247 1086 1291 348—352
1110 1248 1244 1291 326—
1253 1245 1335 1288 341
1359 1244 1587 1288 353—363
1603 1243 1740 1286 342-

258 1315 340 1358 347
358 1315 469 1371 364,
492 1316 704 1358 Avantius
736 1320 877 1359 autem
909 1330 1085 1373 prorsus
1107 1315 1295 1359 absurde
1316 1314 1398 1358 298
1416 1312 1643 1357 323-325
1660 1313 1744 1356 299

257 1383 399 1427 —322
414 1384 640 1427 326—347
658 1384 741 1427 348
755 1419 764 1428 .
787 1388 832 1427 at
847 1385 1080 1428 Lambinus
1096 1385 1140 1428 in
1158 1383 1306 1427 codice
1323 1383 1571 1426 Bertiniano
1589 1414 1599 1437 ,
1618 1393 1744 1436 quem

257 1452 352 1508 ipse
383 1465 467 1494 non
498 1451 697 1507 viderat,
731 1452 808 1496 sed
844 1453 1032 1496 habebat
1069 1467 1096 1496 a
1126 1453 1327 1496 Turnebo
1359 1454 1636 1507 excerptum,
1669 1462 1744 1492 eos

257 1533 334 1564 sex
371 1533 522 1564 versus
559 1521 631 1576 qui
662 1525 865 1564 notantur
886 1522 1112 1566 342—347
1145 1535 1196 1566 eo
1234 1521 1329 1564 loco
1370 1520 1458 1575 legi
1497 1518 1628 1562 refert
1658 1532 1743 1574 quo

258 1589 352 1645 ipse
374 1602 448 1632 eos
470 1589 746 1633 excudendos
778 1591 1015 1647 curaverit,
1038 1592 1118 1634 hoc
1149 1594 1214 1633 est
1239 1591 1349 1633 inter
1370 1589 1451 1632 341
1475 1592 1517 1631 et
1546 1588 1656 1642 299,
1680 1599 1744 1630 ce-

257 1661 350 1701 tera
380 1658 506 1701 tacite
537 1657 592 1700 ad
625 1663 809 1702 mentem
836 1659 1086 1703 correctoris
1119 1659 1361 1715 disposuit.
1395 1657 1524 1700 ceteri
1556 1656 1742 1699 editores

258 1726 472 1782 Lucretii,
496 1727 618 1781 quasi
650 1740 718 1770 res
751 1726 865 1770 factu
887 1727 1095 1771 facillima
1122 1728 1301 1783 fuisset,
1323 1739 1465 1782 neque
1485 1725 1741 1768 Lambinum

257 1807 400 1850 neque
429 1795 562 1838 alium
592 1799 680 1838 tam
710 1796 895 1839 eximiae
931 1796 1212 1839 restitutionis
1249 1799 1464 1838 auctorem
1494 1794 1585 1836 ulla
1611 1793 1742 1836 laude

256 1863 436 1919 dignum
475 1864 775 1907 existimarunt
797 1898 805 1906 .
838 1865 994 1908 erroris
1030 1865 1151 1919 origo
1195 1863 1427 1907 lectoribus
1463 1862 1620 1906 nostris
1655 1875 1740 1904 non

255 1935 396 1988 potest
417 1931 600 1975 obscura
615 1946 734 1976 esse:
752 1936 934 1988 apparet
943 1933 1080 1987 enim,
1099 1933 1133 1975 si
1147 1933 1292 1975 titulos
1304 1931 1564 1975 carminibus
1581 1929 1738 1985 addas,

255 2003 408 2044 versus
429 2015 552 2056 xxv1,
576 2002 648 2056 qui
676 2001 842 2057 priores
866 2014 961 2043 esse
993 1999 1233 2056 debebant,
1256 2005 1354 2057 post
1384 2001 1494 2043 alios
1522 2000 1624 2042 item
1645 2013 1741 2040 xxvr

256 2068 492 2112 collocatos
522 2082 644 2125 esse3
667 2069 782 2125 quod
814 2069 905 2112 fieri
935 2082 1021 2112 non
1051 2070 1189 2125 potuit
1219 2070 1302 2113 nisi
1333 2083 1411 2126 per
1441 2067 1643 2112 schedam
1673 2081 1740 2110 co-

255 2135 364 2179 dicis
381 2137 605 2195 archetypi
621 2151 648 2181 a
665 2139 818 2181 ceteris
836 2138 1020 2181 solutam
1038 2142 1079 2181 et
1095 2138 1311 2182 inversam
1329 2171 1338 2194 ,
1361 2151 1474 2194 quae
1490 2137 1570 2180 fuit
1586 2141 1740 2180 octava

254 2205 381 2248 huius
413 2205 539 2261 libri,
563 2205 723 2250 codicis
754 2206 882 2249 totius
902 2221 1036 2247 vam
1053 2239 1062 2248 .

368 2274 465 2316 324.
499 2274 618 2316 Fnr‘r
655 2289 748 2330 Ur,
780 2288 905 2315 ANTE
943 2289 1135 2317 ocULUS
1171 2289 1351 2318 numm·
1391 2289 1477 2322 Qm
1513 2290 1736 2332 DEXTER,

252 2357 313 2384 ur
344 2357 497 2384 mim.
531 2342 612 2394 Qui
643 2343 790 2398 priora
820 2347 934 2386 recte
971 2343 1246 2400 distinxerit,
1278 2358 1364 2387 non
1396 2344 1608 2388 dubitabit
1636 2345 1738 2400 quin

252 2410 524 2454 scribendum
556 2411 612 2454 sit
631 2411 724 2455 Fiet
753 2425 835 2452 ITA
855 2444 864 2454 .
888 2417 1101 2455 corrector
1127 2413 1328 2468 quadrati
1350 2414 1497 2470 inepte
1527 2423 1622 2457 ante
1644 2430 1737 2457 ocu-

253 2479 314 2522 los
329 2492 448 2536 ,squo
477 2483 637 2522 temere
668 2485 839 2536 arrepto
864 2480 1160 2525 Wakefieldus
1192 2482 1293 2525 fecit
1312 2484 1428 2538 Fiet,
1452 2492 1489 2526 et
1519 2492 1613 2526 ante
1644 2498 1736 2525 ocu-

253 2547 467 2605 losfuerit
496 2549 575 2605 qui
600 2548 746 2592 εἰσίοιεν
759 2582 771 2604 ,
793 2558 839 2591 ut
861 2549 972 2592 idem
991 2583 1000 2592 .
1023 2550 1230 2593 Marullus
1252 2551 1353 2594 item
1375 2551 1488 2594 male
1510 2551 1576 2593 hie
1596 2550 1707 2593 idem
1726 2583 1735 2591 .

365 2615 462 2657 327.
494 2615 724 2667 QUINQUE
745 2631 899 2659 ETIAM
930 2632 1021 2660 snx
1048 2633 1107 2660 υτ
1138 2634 1273 2660 mum
1303 2633 1590 2661 smuLAan
1622 2633 1736 2660 sur:-

251 2697 368 2724 RINT
387 2714 397 2724 .
421 2683 593 2726 Nullius
614 2684 760 2727 iudicii
792 2689 857 2728 est
876 2685 944 2728 hic
965 2688 1150 2744 quinque
1179 2704 1255 2730 sem
1275 2689 1336 2730 ita
1357 2680 1512 2743 capere
1540 2691 1588 2729 ut
1618 2687 1735 2742 apud

251 2751 476 2794 Horatium
505 2767 580 2794 sea:
609 2761 762 2808 septem
783 2754 906 2796 milia
926 2786 936 2796 .
969 2758 1010 2797 et
1039 2756 1165 2811 peius
1187 2755 1484 2798 Wakefieldus
1505 2755 1737 2798 simulacra

251 2821 436 2876 quinque
452 2852 464 2874 ‚
489 2821 614 2862 etiam
644 2836 720 2863 sea>
737 2852 748 2863 .
769 2821 1045 2864 scribendum
1067 2828 1131 2866 est
1152 2824 1345 2880 Quinque
1373 2825 1496 2866 etiam
1516 2837 1610 2865 Aur
1632 2841 1707 2867 sea:
1722 2858 1733 2879 ,

250 2891 296 2930 ut
326 2901 454 2931 versu
484 2887 570 2931 577
602 2888 687 2931 Sex
718 2890 842 2932 etiam
871 2899 945 2932 aut
973 2900 1126 2947 septem
1144 2922 1154 2932 .
1175 2890 1382 2933 Marullus
1413 2908 1536 2935 sexve
1553 2924 1563 2935 .

364 2956 460 2999 328.
492 2969 706 2998 LArEnrr
725 2990 734 2998 .
755 2956 962 3000 Marullus
993 2972 1259 3001 LATEBUNT
1277 2992 1287 3002 .

364 3024 460 3068 334.
509 3025 629 3067 Imm
680 3039 840 3067 RETRO
891 3040 1093 3069 RURSUM
1145 3041 1292 3070 REDIT
1342 3042 1399 3070 ET
1450 3043 1731 3072 commui-11*
