2040 3328
412 243 494 284 312
1114 245 1150 286 V

413 366 536 395 casus
566 353 795 395 rectissime
815 354 976 407 positus
998 358 1061 395 est
1079 369 1087 395 :
1108 366 1205 396 nam
1234 356 1345 396 uteri
1360 365 1508 398 terram
1534 357 1748 400 radicibus
1768 359 1860 414 apti

413 424 510 462 sunt
529 424 683 461 terram
713 419 855 474 adepti
876 420 943 462 vel
974 420 1111 473 nacti,
1134 421 1177 461 in
1207 432 1291 473 qua
1315 420 1478 464 radices
1507 436 1606 465 suas
1626 429 1854 478 ponerent.

413 494 552 541 aptum
574 499 623 526 eo
645 486 768 528 modo
791 499 884 527 cum
906 487 1158 529 accusativis
1184 487 1368 528 iunctum
1390 487 1492 530 Attii
1512 489 1684 533 Pacuvii
1705 491 1855 533 Lucilii

413 552 605 594 versibus
627 553 767 602 allatis
788 553 951 594 Nonius
971 556 1109 594 tuetur
1128 567 1170 607 p.
1188 553 1283 607 234,
1301 553 1372 607 22,
1390 554 1530 608 itaque
1550 565 1715 599 mortem
1735 566 1856 613 aptus

413 619 612 671 Plautus,
640 620 860 661 Terentius
890 620 1072 661 Deorum
1101 621 1225 661 vitam
1257 621 1350 675 apti
1374 636 1515 662 sumus
1530 652 1540 662 .
1561 630 1695 664 uteros
1723 631 1857 666 terrae

414 686 672 728 cohaerentes
693 685 792 728 dicit
809 685 1061 728 Censorinus
1082 699 1122 740 p.
1143 687 1263 740 11,9‚
1282 686 1396 728 cuius
1417 687 1549 728 verba
1568 687 1753 731 subieci.
1769 690 1856 732 Nec

414 753 531 807 Zorzeqe
546 767 660 794 secus
675 753 886 808 Ispicurus
897 768 910 794 .·
925 754 962 794 is
981 754 1087 794 enim
1102 752 1278 794 credidit
1294 752 1389 795 limo
1405 754 1604 808 calefacto
1619 762 1753 797 uteros
1767 771 1855 798 ues-

413 820 475 860 cio
491 834 591 874 quos
607 819 818 861 radicibus
830 828 963 861 terrae
978 819 1232 860 cohaerentes
1238 820 1426 875 primum
1436 820 1655 863 increvisse
1670 829 1707 863 et
1716 822 1854 877 infau-

414 886 520 927 tibus
550 902 601 928 ex
629 902 671 928 se
692 885 813 927 editis
832 887 1056 941 irzyeuitum
1079 885 1197 927 lactis
1226 901 1404 928 umorem
1424 895 1577 928 natura
1600 888 1858 930 ministrante

406 953 649 1007 praebuisse
666 985 675 993 .
697 953 792 994 hinc
822 952 1045 994 Oreechius
1077 955 1117 993 et
1147 952 1247 1006 alii,
1275 952 1452 1006 probato
1483 953 1596 1006 quod
1627 953 1858 996 Brixiensis

415 1018 548 1059 editor
578 1023 618 1060 et
639 1019 843 1061 Avantius
866 1018 1069 1060 dederant
1094 1027 1228 1059 terrae
1242 1050 1253 1071 ,
1275 1027 1408 1060 terrae
1427 1019 1642 1061 radicibus
1663 1028 1779 1076 aptos
1799 1021 1859 1061 ita

413 1084 710 1126 intellexerunt
739 1085 860 1138 quasi
881 1085 987 1126 uteri
1008 1085 1067 1126 illi
1097 1083 1306 1127 radicibus
1336 1085 1422 1127 suis
1453 1102 1473 1127 e
1501 1094 1613 1127 terra
1642 1086 1729 1141 apti
1759 1085 1858 1128 fuis-

414 1155 531 1205 sent3
560 1151 671 1204 quod
707 1152 846 1206 ipsum
877 1151 1084 1193 Antonius
1115 1150 1235 1192 Marii
1271 1156 1312 1194 et
1341 1152 1542 1195 Marullus
1580 1153 1766 1195 voluisse
1800 1153 1859 1196 vi-

414 1218 591 1272 dentur,
614 1231 706 1260 cum
726 1218 981 1272 scripserunt
997 1227 1130 1260 terrae
1149 1219 1193 1259 in
1212 1217 1423 1260 radicibus
1443 1221 1556 1274 apti.
1579 1219 1654 1261 sed
1668 1233 1718 1262 eo
1734 1219 1857 1262 modo

413 1285 491 1325 hoc
512 1297 663 1326 nomen
685 1285 797 1339 quod
828 1288 892 1326 est
912 1293 1033 1340 aptus
1053 1283 1181 1325 dandi
1211 1296 1353 1326 casum
1375 1286 1583 1328 adiectum
1613 1286 1702 1340 pati
1723 1298 1858 1328 exem-

413 1350 495 1405 plis
532 1350 767 1393 docendum
806 1355 922 1405 erat,
949 1363 1033 1392 non
1069 1350 1296 1405 optandum
1334 1355 1374 1394 et
1408 1351 1649 1406 fingendum
1667 1383 1678 1394 .
1705 1351 1859 1395 Wake—

415 1417 565 1459 fieldus
587 1418 828 1460 crescebant
848 1418 981 1460 uterei
1002 1421 1115 1459 terra*
1129 1449 1140 1470 ‚
1161 1417 1374 1460 radicibus
1394 1420 1507 1474 aptei
1516 1451 1527 1472 ‚
1548 1419 1660 1473 quod
1679 1419 1750 1462 ille
1771 1431 1858 1461 cas-

416 1483 621 1525 tissimum
651 1485 777 1539 dicit,
799 1497 880 1538 ego
910 1498 963 1527 ne
992 1484 1190 1537 intellego
1221 1484 1390 1537 quidem
1407 1515 1417 1525 .

526 1551 619 1593 809.
654 1551 788 1602 Quos
836 1565 917 1592 um
969 1564 1191 1591 TEMPORE
1232 1564 1427 1592 MAruuo
1477 1565 1598 1592 PATE
1642 1565 1858 1594 rucmur

414 1631 594 1658 AESTAS
629 1618 884 1659 INFANTUM
900 1649 909 1658 .
938 1618 1084 1672 Inepte
1120 1617 1321 1659 Marullus
1359 1627 1472 1660 aetas
1486 1652 1497 1673 ,
1526 1619 1640 1673 quod
1681 1623 1722 1662 et
1757 1620 1859 1662 otio-

415 1697 507 1726 sum
537 1687 599 1726 est
633 1697 768 1739 neque
805 1684 860 1726 ad
895 1684 1087 1739 proxima
1122 1684 1222 1726 facit
1243 1715 1251 1723 .
1283 1685 1549 1732 scribendum
1584 1690 1648 1728 est
1680 1700 1859 1728 Ausrus

414 1751 632 1806 Infautum
646 1752 845 1807 ‚fuyieus
873 1766 1052 1793 umorem
1082 1765 1289 1806 aurasque
1312 1760 1520 1805 petesseus
1536 1784 1545 1794 .
1566 1753 1676 1795 hunc
1705 1762 1860 1795 aestum

414 1820 541 1871 poe'ta
569 1818 696 1872 paulo
726 1821 823 1859 ante
852 1818 1027 1859 calorem
1057 1816 1221 1859 dixerat
1249 1830 1374 1860 versu
1402 1819 1483 1862 806
1505 1851 1514 1860 .

528 1884 622 1926 812.
654 1885 724 1927 Ur
755 1898 937 1925 sucum,
961 1882 1166 1925 Antonius
1196 1883 1319 1925 Marii
1351 1888 1391 1926 et
1418 1885 1620 1928 Marullus
1650 1887 1741 1928 Er.

529 1951 623 1993 823.
653 1965 814 1997 ATQUE
835 1963 984 1991 ANIMA
1135 1963 1282 1990 rumi-
1305 1949 1467 2006 ΟΜΝΕ,
1491 1966 1620 1998 ouon
1640 1967 1689 1994 m
1708 1966 1861 1994 usum

415 2031 705 2059 BACCHATUR
740 2031 988 2059 mourmus
1024 2031 1222 2071 PASSIM,
1252 2018 1545 2064 Aminneum
1592 2033 1737 2061 sumn
1778 2033 1861 2061 vo-

415 2098 599 2125 Lucnus
628 2116 635 2124 .
677 2084 895 2127 Coi-rector
938 2084 1111 2138 oblongi
1139 2116 1147 2138 ‚
1186 2084 1390 2126 Antonius
1435 2086 1557 2128 Marii
1583 2119 1594 2141 ,
1633 2086 1861 2128 Brixiensis

417 2150 546 2192 editio
563 2183 573 2205 ,
609 2152 771 2193 animas
788 2168 800 2193 .·
830 2151 1031 2193 Marullus
1069 2154 1180 2192 recte
1219 2163 1401 2191 ANIMAL
1423 2182 1432 2191 .
1464 2152 1619 2195 deinde
1655 2153 1862 2195 Antonius

417 2221 458 2259 et
486 2218 717 2260 Brixiensis
746 2219 791 2259 iu
820 2232 1026 2259 MAGms.
1049 2218 1342 2262 AERIASQUE
1373 2218 1532 2272 primus
1562 2219 1791 2262 Marullus.

527 2284 622 2326 833.
682 2285 847 2325 PORRo
907 2298 1051 2325 ALIUT
1105 2297 1309 2325 causon·
1373 2298 1430 2324 ET
1488 2299 1861 2326 CONTEMPTIBUS

415 2365 527 2391 EXIT
546 2382 555 2392 .
578 2350 836 2393 Contentibus
866 2350 1096 2404 quadratus
1127 2355 1167 2392 et
1198 2349 1264 2392 hic
1295 2355 1335 2392 et
1363 2350 1474 2393 infra
1506 2351 1730 2406 12783ubi
1758 2351 1862 2404 legi-

416 2421 482 2459 tur
503 2418 634 2459 Porro
665 2417 770 2459 aliut
798 2417 1003 2470 succedit,
1027 2421 1067 2459 et
1087 2417 1243 2459 ibidem
1277 2416 1383 2459 1275
1413 2433 1562 2459 aurum
1590 2419 1635 2459 in
1663 2433 1864 2459 summum

416 2485 609 2526 successit
643 2484 833 2525 bonorem
855 2516 863 2525 .
894 2484 961 2526 1110
1004 2484 1156 2537 aliquis
1199 2483 1463 2526 scribendum
1498 2484 1731 2538 suspicetur
1773 2500 1863 2526 suc-

416 2551 560 2592 crescit
580 2565 592 2591 :
622 2553 732 2592 certe
769 2551 989 2592 concrescit
1023 2551 1189 2592 Marulli
1228 2550 1457 2592 absurdum
1500 2554 1563 2592 est
1598 2563 1735 2604 neque
1774 2564 1865 2606 pro·

417 2616 509 2658 bari
539 2616 711 2658 debuit.
733 2615 808 2658 sed
838 2617 1038 2670 quoniam
1066 2617 1132 2659 1110
1163 2630 1214 2660 ea
1249 2629 1357 2670 quae
1387 2617 1519 2659 altero
1548 2617 1640 2659 loco
1670 2622 1864 2660 secuntur

419 2683 644 2725 subiuncta
673 2697 757 2725 non
786 2687 910 2736 sunt,
942 2683 998 2725 ad
1028 2683 1278 2726 sententiam
1316 2683 1606 2738 complendam
1637 2685 1776 2739 aptius
1802 2688 1865 2727 est

419 2764 689 2791 CLAREscrr
711 2783 719 2792 .
752 2750 812 2792 sic
842 2749 953 2791 infra
986 2750 1091 2793 1456
1114 2752 1302 2806 Namque
1332 2750 1424 2792 alid
1451 2766 1502 2792 ea:
1531 2751 1614 2793 alio
1644 2752 1865 2793 clarescere

418 2818 700 2871 conveniebat,
722 2817 794 2859 ubi
824 2815 1054 2870 quadratus
1091 2833 1270 2859 crescere
1293 2849 1301 2858 .
1333 2831 1357 2857 Ε
1388 2816 1589 2859 Marullus
1624 2816 1865 2860 addendum

418 2881 523 2924 vidit
540 2915 549 2923 .
787 2876 790 2880 ’

531 2948 623 2993 836.
675 2951 813 3001 Quor>
862 2963 1044 2991 Porum·
1072 2982 1081 3004 ‚
1122 2963 1345 2996 NEQUEAT
1373 2983 1382 2992 .
1429 2950 1702 2994 Coniunctivo
1749 2950 1864 2991 locus
