2040 3328
459 215 536 257 168
814 273 816 275 Ι
1140 216 1205 257 111

456 325 567 367 sario
603 326 866 368 scribendum
907 330 969 368 est
998 326 1116 379 Iqm's
1152 326 1195 366 in
1232 328 1432 369 aetherias
1469 329 1630 370 volucer
1660 346 1702 370 se
1731 331 1895 372 sustulit

455 407 550 434 oras
565 425 576 446 ,
607 406 634 434 a
661 393 811 446 quibus
832 394 875 434 in
896 392 1096 447 proximis
1119 400 1255 433 tenues
1275 408 1402 434 auras
1431 394 1624 450 A'e‘raque
1655 395 1894 448 distinguit.

565 458 659 500 412.
692 461 744 500 ID
776 472 979 504 QUOQUE
1008 472 1130 498 snm
1160 472 1266 498 snm
1295 473 1520 501 Pnnmcm
1549 475 1642 502 son
1676 476 1783 502 mm·
1811 475 1892 503 Eo-

454 538 577 565 RUM.
600 526 757 566 Eorum
794 538 875 577 quo
913 524 1177 566 referendum
1211 525 1266 565 sit
1295 525 1367 567 vix
1396 531 1597 581 apparet,
1620 527 1895 570 concedamus

455 594 595 631 tamen
616 603 664 631 eo
697 595 738 632 et
767 603 930 632 omnem
962 591 1105 633 orbem
1134 591 1224 633 sive
1246 591 1459 633 circuitum
1486 594 1667 648 pupulae
1698 599 1738 637 et
1766 609 1896 650 pupu-

455 657 538 697 lam
558 657 694 711 ipsam
724 657 927 701 indicari.
950 658 1080 699 nihilo
1109 658 1244 700 minus
1276 658 1380 700 haec
1408 658 1488 700 sibi
1517 665 1776 714 repugnant:
1799 675 1895 703 nam

455 724 526 777 qui
555 724 754 765 cernendi
784 728 1033 779 potestatem
1064 728 1176 766 stare
1207 724 1455 779 dicit,1dum
1485 726 1609 768 modo
1629 741 1682 770 ne
1701 731 1812 770 totus
1833 740 1896 769 or-

455 790 520 832 bis
543 796 857 846 corrumpatur,
880 792 939 832 ita
959 791 1127 844 quidem
1144 791 1178 832 si
1194 792 1353 846 pupula
1372 792 1630 846 relinquatur
1649 795 1741 836 sola
1754 827 1765 849 ,
1785 794 1896 836 idem

454 856 534 898 hoc
568 857 660 899 sine
695 858 879 911 pernicie
914 858 1030 900 visus
1068 857 1156 899 fieri
1194 862 1346 911 negat.
1367 859 1508 911 itaque
1544 863 1696 914 poeta,
1727 861 1762 902 si
1796 861 1898 903 illud

455 922 589 978 dixit,
621 924 698 965 hoc
728 924 894 966 adicere
924 938 1008 966 non
1037 925 1196 979 potuit.
1218 924 1292 966 sed
1323 924 1500 978 adiecit,
1530 926 1614 967 nisi
1643 919 1898 982 fallor,'ali·

455 990 551 1043 quis
569 1023 578 1044 ‚
611 991 681 1044 qui
703 994 871 1045 poetam
891 990 1197 1046 reprehendere
1218 991 1369 1044 vellet,
1402 991 1514 1045 quod
1536 992 1572 1033 is
1592 994 1784 1048 exemplo
1813 1007 1898 1035 non

455 1058 558 1098 satis
582 1062 680 1111 apto
702 1070 802 1098 usus
824 1062 934 1098 esset
952 1073 960 1097 :
983 1057 1025 1098 id
1047 1058 1186 1111 ipsum
1206 1058 1317 1099 enim
1337 1057 1450 1111 quod
1479 1058 1551 1099 ille
1580 1060 1764 1112 posuerit
1783 1061 1898 1101 nullo

454 1123 578 1164 modo
605 1123 694 1165 fieri
720 1136 871 1177 posse.
895 1136 995 1177 ergo
1023 1124 1090 1165 hic
1115 1137 1260 1166 versus
1287 1124 1435 1166 eodem
1456 1125 1632 1167 consilio
1653 1125 1695 1166 in
1717 1126 1898 1168 Lucretii

454 1202 621 1231 carmen
641 1190 782 1231 illatus
804 1194 893 1244 est,
926 1203 1006 1244 quo
1028 1191 1208 1232 vidimus
1240 1191 1283 1231 in
1314 1191 1419 1232 libro
1441 1192 1575 1245 primo
1606 1196 1700 1246 post
1729 1205 1898 1235 versum

452 1257 507 1297 43
528 1269 603 1297 sex
622 1270 768 1298 versus
790 1256 956 1298 additos
987 1270 1106 1311 esse,
1139 1257 1297 1298 scilicet
1326 1261 1371 1298 ut
1399 1261 1566 1312 poe'tam
1596 1271 1796 1312 peccasse
1825 1272 1897 1313 ap·

454 1327 647 1377 pareret.
671 1322 750 1365 hoc
775 1336 866 1364 cum
896 1336 1031 1377 paene
1061 1324 1337 1366 intellexisset
1357 1323 1612 1378 Lambinus,
1646 1326 1718 1379 qui
1747 1325 1898 1367 multos

455 1402 601 1431 versus
640 1391 819 1444 optimos
857 1389 1038 1444 delevit,
1077 1390 1186 1433 hune
1215 1391 1356 1445 inepte
1386 1394 1592 1446 temptare
1622 1391 1768 1433 maluit
1803 1392 1900 1434 scri-

456 1456 593 1498 bendo
624 1457 679 1498 Id
707 1473 866 1512 quoque
896 1458 1003 1498 enim
1032 1458 1120 1499 sine
1143 1459 1331 1513 pernicie
1360 1458 1502 1513 conflet
1531 1474 1669 1500 eorum
1687 1490 1696 1499 .

564 1523 660 1565 415.
692 1523 968 1565 INCOLUMIS
999 1538 1212 1570 QUAMVIS
1244 1537 1453 1569 ALIOQUI
1483 1538 1789 1565 spuunmnus
1819 1538 1900 1566 on-

454 1604 531 1630 BIS
550 1621 559 1630 .
582 1590 661 1631 Hic
695 1603 841 1633 versus
880 1604 931 1633 ex
968 1591 1114 1633 eadem
1153 1590 1315 1632 fabrica
1351 1591 1493 1643 venit,
1526 1595 1566 1632 et
1596 1591 1900 1634 constructione

456 1657 654 1698 laborans
691 1660 732 1698 et
770 1658 975 1699 vocabulo
1006 1671 1090 1699 non
1121 1659 1223 1700 satis
1254 1657 1426 1710 antiquo
1457 1657 1660 1711 insignis,
1692 1671 1774 1712 quo
1805 1662 1903 1700 ante

454 1724 620 1766 Livium
664 1724 872 1766 neminem
912 1738 1031 1777 usum
1074 1738 1167 1767 esse
1203 1728 1315 1766 recte
1351 1724 1591 1765 observavit
1627 1724 1818 1766 Handius
1857 1724 1901 1766 in

454 1791 681 1832 Tursellini
711 1795 823 1832 tomo
853 1806 868 1831 1
896 1805 937 1846 p.
959 1792 1040 1833 236
1057 1823 1066 1832 .
1088 1795 1252 1846 poterat
1281 1790 1438 1832 addere
1467 1794 1615 1844 poetas
1648 1804 1697 1832 eo
1727 1803 1898 1845 prorsus

454 1857 735 1911 abstinuisse,
768 1871 845 1900 nec
875 1858 1057 1900 debebat
1077 1859 1269 1900 Lucretio
1301 1857 1566 1899 adscribere:
1599 1861 1708 1899 certe
1735 1861 1900 1912 praeter

455 1925 560 1966 duos
590 1924 755 1965 Horatii
792 1925 834 1965 in
870 1926 1133 1967 sermonibus
1169 1937 1314 1967 versus
1349 1937 1459 1965 nunc
1488 1924 1595 1965 alios
1625 1924 1764 1966 nullos
1794 1936 1901 1966 com-

453 1991 653 2043 memini,
686 1990 728 2031 in
750 1991 900 2044 quibus
931 1992 1095 2047 alzbqui
1120 1991 1318 2045 scriptum
1349 1991 1521 2044 legerim
1540 2021 1549 2031 .
1573 1994 1754 2032 ceterum
1785 1991 1905 2046 atqui

454 2062 552 2100 ante
573 2058 743 2100 vocales
773 2062 1004 2112 posuerunt
1033 2059 1206 2100 Plautus
1237 2070 1286 2099 ac
1316 2058 1564 2111 Terentius,
1596 2070 1680 2098 non
1701 2057 1900 2099 Horatius

454 2126 498 2166 in
520 2137 758 2166 sermonum
779 2139 805 2178 1,
842 2125 904 2179 10,
927 2125 993 2179 31,
1025 2126 1170 2180 atquin
1198 2133 1233 2166 et
1253 2124 1409 2166 Statius
1429 2124 1558 2166 Theb.
1588 2138 1644 2178 vl,
1678 2124 1769 2174 161,
1791 2123 1903 2180 quod

455 2193 522 2234 sin
552 2208 599 2233 ea
630 2191 824 2233 Valerius
855 2191 1030 2233 Flaccus
1060 2193 1103 2233 in
1133 2204 1171 2245 V,
1203 2191 1310 2233 668.

564 2257 659 2298 417.
697 2271 1027 2298 ANIMANTIBUS
1068 2271 1125 2296 ET
1166 2270 1482 2298 MORTALIBUS
1512 2289 1521 2298 .
1559 2255 1668 2299 Olim
1708 2255 1900 2311 impressi

456 2328 497 2366 et
526 2327 623 2366 ante
654 2338 727 2366 eos
757 2325 852 2366 Itali
884 2334 921 2366 ec
949 2337 1229 2366 MORTALES.

565 2392 660 2434 420.
692 2392 854 2433 DmNA
877 2397 968 2432 TUA
988 2405 1182 2431 PERGAM
1203 2404 1475 2431 nxspomrnn
1506 2403 1728 2431 cARmNA
1757 2403 1872 2432 V1'rA
1889 2421 1898 2431 .

454 2459 571 2501 Haec
602 2459 792 2512 intellegi
829 2472 911 2500 non
948 2462 1125 2513 possunt
1151 2473 1160 2498 ι
1187 2458 1302 2499 nullo
1339 2458 1449 2499 enim
1478 2457 1630 2498 iudicio
1661 2456 1798 2498 Faber
1827 2465 1900 2499 tua

454 2527 540 2568 vica
561 2526 857 2579 interpretatur
879 2535 934 2578 te,
958 2523 1246 2566 Wakefieldus
1266 2525 1446 2565 moribus
1476 2525 1557 2568 tuis
1586 2539 1634 2564 ac
1663 2523 1898 2564 virtutibus.

454 2593 577 2634 nimis
600 2592 818 2645 eleganter
839 2590 1062 2634 Creeehius
1085 2594 1259 2644 temptat
1288 2599 1354 2632 tuo
1384 2599 1498 2632 vate.
1521 2590 1592 2631 vix
1622 2588 1899 2630 dubitandum

455 2664 519 2701 est
539 2659 639 2713 quin
670 2663 754 2700 tam
785 2659 982 2711 antiquus
1013 2661 1139 2712 poeta
1169 2658 1234 2698 hic
1263 2657 1559 2698 allitteratione
1588 2669 1688 2698 usus
1723 2655 1801 2696 sit:
1822 2667 1900 2696 nec

455 2739 554 2768 rara
573 2726 701 2767 estin
728 2725 850 2766 huius
871 2725 1076 2779 poematis
1098 2723 1405 2778 exemplaribus
1436 2724 1601 2765 litterae
1631 2722 1751 2764 unius
1780 2734 1898 2776 prae·

455 2793 663 2835 termissio
687 2825 694 2833 .
719 2791 812 2833 dico
844 2792 973 2844 igitur
1003 2790 1267 2832 scribendum
1298 2803 1391 2832 esse
1411 2791 1555 2846 Dzjqna
1585 2799 1655 2831 tua
1685 2788 1898 2842 disponere

455 2860 643 2900 carmina
673 2873 797 2899 cURA
816 2891 825 2900 .
848 2857 1060 2910 Vergilius
1090 2857 1161 2898 illi
1185 2873 1274 2899 mea
1303 2858 1489 2899 carmina
1519 2852 1682 2898 curae.v

566 2925 660 2967 421.
693 2926 763 2965 TU
799 2938 887 2965 FAC
924 2937 1187 2968 UTRUMQUE
1224 2937 1316 2964 nno
1356 2936 1622 2964 sumuncxs
1658 2934 1785 2961 ΝΟΜΕ
1814 2932 1895 2960 Eo-
