2040 3328
411 211 489 252 136
1105 212 1147 253 II

408 325 622 363 contracta
637 322 874 363 Terentium
892 322 934 362 in
951 321 1155 376 Adelphis
1171 336 1212 376 11,
1235 323 1273 376 2,
1295 323 1342 365 17
1361 336 1516 378 ponere
1532 326 1719 380 potuisse
1735 327 1854 368 Bent-

408 389 515 430 leius
535 391 688 443 negat3
710 389 782 430 vix
805 392 916 430 recte
933 419 942 442 ,
961 400 1053 429 cum
1074 389 1118 430 in
1134 389 1321 431 deorsum
1338 389 1546 444 disyllabo
1567 393 1662 434 item
1684 393 1853 435 brevem

409 468 500 496 cum
530 456 661 508 longa
691 454 880 496 contrahi
912 467 964 496 ex
994 467 1043 496 eo
1074 459 1278 509 appareat
1307 456 1420 509 quod
1451 457 1643 500 dixerunt
1663 460 1852 502 deosum.

407 535 491 563 non
514 525 576 563 est
597 525 737 562 tamen
760 520 989 562 verendum
1012 522 1160 576 nequis
1177 522 1324 564 eodem
1343 523 1614 578 iure'poetam
1630 526 1784 569 Culicis
1800 527 1854 569 66

407 589 560 630 Boethi
576 600 727 628 nomen
749 586 911 629 duabus
939 588 1116 643 syllabis
1146 589 1342 631 extulisse
1374 590 1535 644 credat,
1558 605 1649 634 cum
1678 593 1854 636 novissi-

406 667 498 696 mus
516 653 652 695 editor
668 653 817 695 librum
834 655 1130 709 interpolatum
1144 656 1262 709 sequi
1274 657 1484 711 maluerit,
1497 660 1686 711 quamvis
1699 660 1854 714 optime

407 722 534 763 sciret
564 733 658 762 cum
679 721 834 762 Alcone
867 722 1024 763 nullum
1055 723 1305 765 caelatorem
1336 724 1474 777 aptius
1506 725 1701 779 coniungi
1729 739 1855 782 posse

407 801 533 842 quam
556 788 762 829 Rhoecum
783 786 968 830 Samium
991 823 999 832 .
1023 788 1098 830 sed
1121 788 1302 833 Gellium
1321 791 1550 844 praeterire
1579 805 1663 834 non
1693 792 1853 847 debeo,

407 856 477 908 qui
499 854 606 896 dixit
627 854 669 895 in
690 868 732 908 11,
754 854 802 896 17
824 855 968 910 Neque
988 871 1082 897 vero
1105 871 1178 897 con
1189 857 1400 911 particula
1416 866 1499 898 tum
1514 858 1645 900 solum
1658 860 1854 915 produci-

407 931 473 962 tur
488 954 498 974 ,
527 937 618 962 cum
639 937 687 962 ea
714 921 850 963 littera
871 921 920 963 de
941 938 1023 977 qua
1045 922 1184 964 Cicero
1206 923 1307 965 dicit
1326 923 1428 976 (hoc
1451 924 1578 979 ests)
1597 926 1827 981 insequitur
1843 942 1856 967 :

406 1004 502 1029 nam
531 997 567 1029 et
588 987 686 1030 Cato
717 996 753 1029 et
773 988 998 1030 Sallustius
1019 987 1297 1044 ‘saevioribus'
1319 990 1461 1042 (immo
1470 991 1739 1045 facinoribus
1757 1007 1769 1033 .·
1795 993 1856 1034 sic

407 1059 516 1097 certe
533 1054 756 1097 Sallustius
774 1054 815 1095 in
833 1054 1015 1096 Catilina
1023 1055 1088 1108 23,
1101 1055 1142 1108 1)
1162 1057 1354 1111 inquiunt
1370 1055 1598 1112 ‘ooopertus
1617 1060 1689 1099 est'
1706 1090 1716 1111 ,
1734 1074 1855 1114 prae-

406 1132 516 1164 terea
531 1122 748 1176 colliqatus
765 1130 801 1163 et
817 1137 994 1163 coneoeus
1007 1122 1205 1177 producte
1226 1122 1380 1164 dicitur
1397 1155 1405 1164 .
1430 1123 1542 1164 idem
1558 1123 1600 1164 in
1616 1138 1671 1178 1v,
1692 1125 1740 1166 17
1774 1125 1859 1168 Sed

405 1205 533 1244 neque
549 1189 595 1230 ob
610 1204 739 1244 neque
755 1189 827 1230 sub
835 1190 1093 1244 praepositio
1105 1188 1368 1244 producendi
1379 1191 1524 1231 habent
1547 1199 1738 1232 naturam
1754 1224 1765 1245 ,
1790 1208 1856 1234 ne-

406 1272 483 1311 que
498 1256 592 1297 item
609 1271 682 1297 con
698 1287 708 1308 ,
726 1256 814 1296 nisi
826 1271 916 1297 cum
933 1271 1020 1297 eam
1037 1256 1195 1297 litterae
1211 1265 1403 1298 secuntur
1422 1273 1526 1311 quae
1546 1258 1591 1298 in
1610 1259 1744 1300 verbis
1764 1274 1856 1300 con-

405 1323 536 1364 stituit
552 1331 587 1364 et
602 1323 776 1377 confecit
791 1322 1009 1364 secundum
1029 1338 1116 1365 eam
1127 1323 1292 1378 primae
1307 1332 1418 1376 sunt,
1435 1324 1501 1364 vel
1514 1339 1604 1365 cum
1621 1324 1790 1367 eliditur
1806 1342 1858 1368 eoe

406 1405 454 1431 ea
470 1406 497 1430 n
513 1390 651 1430 littera
668 1421 677 1442 ,
695 1390 800 1430 sicut
815 1389 1040 1431 Sallustius
1057 1389 1352 1444 {facz'norz'bus'
1369 1390 1504 1445 inquit
1519 1389 1747 1446 ‘coopertus
1761 1394 1769 1410 ’
1787 1424 1796 1432 .
1813 1392 1856 1434 in

407 1456 471 1497 his
503 1455 733 1497 falsissima
762 1460 858 1497 sunt
877 1465 1087 1512 ooopertus
1108 1461 1149 1498 et
1169 1456 1386 1512 eolliqatus
1401 1488 1412 1509 ,
1432 1457 1476 1497 in
1507 1457 1657 1511 quibus
1684 1474 1706 1499 o
1733 1459 1857 1500 corri-

406 1523 517 1577 pitur
539 1554 547 1561 .
571 1523 730 1565 Gellius
762 1523 930 1577 scripsit
955 1531 1141 1578 copertus
1162 1527 1203 1564 et
1222 1524 1436 1579 coiuyatus
1451 1539 1466 1577 ;
1486 1535 1662 1576 quorum
1682 1524 1857 1566 alterum

406 1602 534 1643 supra
564 1589 847 1643 firmavimus,
880 1590 1002 1644 eique
1029 1589 1283 1631 simillimum
1306 1593 1368 1631 est
1388 1589 1502 1643 quod
1523 1589 1684 1632 Gellius
1705 1591 1859 1633 subicit

406 1672 502 1712 ⁰⁰90
519 1672 532 1698 .·
553 1656 606 1698 de
629 1657 777 1698 ceteris
799 1657 1027 1699 observare
1048 1658 1146 1699 licet
1165 1672 1208 1698 oo
1229 1656 1476 1710 productum
1497 1657 1588 1698 sine
1610 1658 1857 1712 exceptione

407 1723 533 1765 scribi
550 1727 648 1765 ante
660 1740 718 1780 9⁷2
728 1725 984 1778 (coquosoere
1001 1739 1217 1779 coqnomen
1237 1725 1422 1778 coqnatio
1444 1724 1573 1765 coniti
1589 1725 1772 1766 conivere
1794 1741 1857 1766 co-

406 1800 561 1834 nectere
578 1792 810 1844 conubium,
828 1803 855 1831 a
871 1791 1022 1844 quibus
1039 1790 1237 1832 differunt
1245 1805 1459 1846 conyerere
1473 1794 1513 1831 et
1528 1790 1857 1845 connumerare),

405 1874 479 1899 oon
501 1861 541 1899 et
561 1873 606 1899 oo
626 1857 792 1912 syllaba
806 1858 936 1910 longa
957 1857 1193 1912 promiscue
1210 1860 1306 1898 ante
1327 1857 1347 1898 i
1364 1861 1662 1899 consonantem
1682 1861 1724 1898 et
1743 1857 1857 1912 apud

406 1924 715 1966 vetustissimos
733 1929 830 1966 ante
845 1940 872 1965 u
889 1928 1186 1966 consonantem
1204 1923 1272 1965 vel
1288 1939 1308 1964 s
1326 1954 1335 1963 .
1352 1924 1614 1965 notissimum
1627 1929 1694 1966 est
1708 1925 1858 1981 oqjeere

405 1991 495 2033 sive
516 1992 687 2033 ooz'ioere
703 2024 712 2042 ‚
732 1991 847 2045 quod
864 1991 1167 2042 Quintilianum
1190 2002 1419 2043 agnoscere
1443 1989 1531 2031 dixi
1556 1989 1611 2031 ad
1628 1989 1782 2032 Gaium
1796 2004 1857 2044 111,

407 2058 486 2100 119
509 2089 518 2099 .
540 2058 693 2100 coicere
721 2058 836 2112 apud
863 2058 1047 2100 Nonium
1072 2071 1115 2112 p.
1132 2057 1212 2098 267
1236 2056 1317 2098 268
1350 2057 1548 2111 scriptum
1579 2060 1643 2099 est
1671 2057 1829 2099 octiens
1847 2089 1856 2098 .

404 2125 464 2166 ita
479 2123 590 2166 idem
611 2138 652 2179 p.
668 2126 763 2179 506,
783 2126 837 2167 23
854 2138 877 2167 e
893 2125 1055 2167 Lucilio
1078 2125 1230 2167 Coioz‘to
1247 2133 1282 2166 te
1299 2125 1406 2166 intro
1428 2128 1468 2166 et
1488 2137 1539 2166 ex
1560 2124 1757 2167 Terentio
1778 2125 1857 2166 coi-

403 2207 533 2234 oerem
553 2205 593 2245 p.
611 2191 677 2246 87,
695 2191 746 2232 31
766 2224 776 2246 ‚
797 2191 868 2233 ubi
890 2192 1047 2233 Paulus
1068 2191 1270 2232 diaconus
1292 2204 1332 2244 p.
1358 2191 1437 2232 124
1463 2193 1636 2233 coiciam
1657 2221 1666 2232 .
1689 2191 1734 2232 in
1753 2191 1856 2233 Var-

402 2258 518 2299 ronis
539 2270 675 2298 rerum
697 2261 797 2307 rust.
819 2271 879 2309 111,
901 2258 962 2312 14,
979 2258 1007 2299 4
1027 2258 1156 2299 coici.
1178 2257 1320 2310 itaque
1343 2257 1567 2300 Caesarem
1589 2257 1772 2299 scribere
1793 2270 1857 2299 so-

402 2324 519 2366 litum
537 2323 666 2365 fuisse
682 2337 705 2365 e
722 2325 1029 2366 commentariis
1049 2324 1296 2379 Nipperdeii
1314 2329 1491 2378 apparet
1505 2325 1564 2379 (p.
1577 2324 1659 2367 295
1675 2323 1758 2366 304
1774 2324 1856 2366 313

402 2391 484 2434 448
504 2391 587 2433 455
607 2391 690 2432 473
710 2391 842 2445 551),
880 2392 949 2444 qui
981 2404 1052 2432 cur
1082 2391 1126 2432 id
1157 2391 1343 2445 recipere
1374 2391 1556 2433 noluerit
1583 2404 1667 2433 non
1699 2391 1823 2433 video
1846 2422 1855 2432 .

401 2459 653 2500 coicerentur
682 2458 726 2498 in
758 2458 889 2500 Caelii
920 2457 976 2499 ad
1007 2458 1250 2500 Ciceronem
1279 2458 1464 2512 epistula
1490 2458 1527 2512 8,
1551 2459 1576 2500 8
1607 2490 1616 2499 .
1648 2459 1691 2500 in
1722 2458 1855 2513 ipsius

403 2524 614 2567 Ciceronis
641 2524 761 2578 epist.
783 2538 840 2577 IX,
862 2524 928 2578 20,
955 2526 974 2565 1
997 2526 1238 2579 coiecimus,
1259 2540 1299 2580 X,
1322 2525 1388 2579 30,
1411 2526 1436 2567 3
1457 2527 1610 2568 coicere
1630 2557 1639 2567 .
1662 2526 1857 2568 coiiciun-

402 2601 470 2634 tur
500 2591 542 2632 in
572 2591 754 2633 Vitruvii
784 2592 890 2634 libro
911 2605 954 2644 11,
971 2591 1011 2644 4,
1033 2593 1087 2647 3,
1119 2593 1346 2634 coiciantur
1371 2593 1600 2634 coiciuntur
1620 2593 1792 2635 coicitur
1811 2606 1856 2647 11,

400 2658 439 2711 5,
460 2659 480 2699 1
499 2658 525 2699 2
540 2658 566 2699 3
584 2690 594 2712 ,
613 2658 712 2700 item
730 2660 766 2713 7,
783 2659 809 2702 5
831 2673 901 2713 vn,
921 2659 959 2709 8,
975 2658 1003 2699 4
1026 2659 1088 2714 14,
1111 2660 1131 2700 1
1154 2674 1193 2712 x,
1211 2659 1250 2713 2,
1270 2660 1295 2701 6
1320 2659 1382 2713 12,
1401 2659 1426 2700 2
1443 2691 1452 2701 .
1483 2660 1627 2702 οοῘηόίι
1647 2659 1858 2713 glossaria

401 2726 590 2767 Labbaei
613 2757 622 2768 .
653 2726 786 2768 codex
816 2725 930 2768 Festi
961 2727 1102 2769 coiecit
1131 2740 1170 2781 p.
1192 2726 1287 2780 344,
1305 2726 1356 2767 31
1387 2758 1395 2767 .
1426 2728 1669 2769 coiecturam
1701 2726 1855 2767 Fronto

401 2806 440 2846 p.
463 2792 547 2835 290
568 2825 577 2834 .
598 2793 641 2834 in
672 2798 842 2836 senatus
874 2794 1062 2835 consulto
1095 2793 1147 2836 de
1178 2793 1510 2835 Bacchanalibus
1541 2793 1764 2835 eomvovise
1791 2807 1854 2833 co-

401 2859 614 2900 ventionid
626 2892 637 2913 ‚
683 2861 968 2902 consoluerunt
1006 2858 1274 2915 conspondise
1311 2860 1554 2902 cosoleretur
1584 2875 1597 2901 :
1634 2858 1856 2900 cos-mittere

402 2925 515 2981 apud
533 2926 702 2967 Festum
725 2940 763 2982 p.
781 2927 832 2969 51
860 2958 868 2967 .
892 2927 966 2969 sed
989 2925 1251 2969 conaucli'tum
1284 2930 1324 2968 et
1353 2927 1597 2984 com’nquere
1619 2925 1659 2966 ¹si
1689 2924 1856 2967 fuerunt
