2040 3328
409 253 493 295 410
1104 253 1162 294 VI

410 364 603 418 exempla
637 363 679 405 in
710 363 902 405 versibus
942 377 1027 406 non
1058 364 1228 407 inveni:
1275 365 1572 408 contrahuntur
1601 370 1741 408 autem
1770 370 1855 408 tam

409 435 521 473 recte
541 443 666 484 quam
686 447 760 473 suo
775 464 786 485 ,
808 431 964 474 Ordine
984 447 1026 474 se
1054 447 1124 474 svo
1144 447 1356 488 quaeque:
1385 434 1532 475 suescit
1557 433 1667 475 enim
1690 433 1762 487 qui
1782 433 1856 474 ali·

411 497 513 552 quid
543 510 663 538 suum
695 497 795 540 facit
822 501 896 540 aut
924 511 1023 540 suus
1053 498 1124 541 fit.
1161 499 1205 541 in
1241 499 1488 553 apocalypsi
1525 499 1726 542 Iohannis
1747 490 1854 555 8,11'

410 564 544 606 bonus
575 567 616 606 et
646 565 842 619 antiquus
873 564 1006 607 codex
1027 565 1335 608 Laurentianus
1365 565 1491 607 habet
1511 565 1560 607 de
1589 567 1736 621 aquis,
1757 567 1858 621 quia

411 647 553 673 amare
579 631 728 687 factae
762 641 857 673 sunt
871 648 886 686 ,-
925 632 1038 686 quod
1074 645 1158 674 non
1195 631 1319 674 debet
1347 632 1407 674 ita
1435 631 1625 685 intellegi
1655 632 1775 686 quasi
1805 632 1859 674 sit

409 699 688 754 amarqfactae
702 730 713 752 ,
750 698 851 752 sed,
888 698 1098 752 quomodo
1134 698 1368 740 accuratius
1405 698 1652 752 Fuldensis,
1689 714 1858 740 amarae

397 765 546 820 factae
563 796 572 807 .
602 765 764 807 Nonius
785 768 925 807 tamen
954 766 1258 820 obscurefacere
1280 764 1384 807 dixit
1403 779 1443 819 p.
1464 765 1556 820 146,
1578 764 1631 806 28
1652 777 1728 807 suo
1749 765 1858 820 peri-

410 832 503 873 culo
522 846 531 886 3
563 845 684 886 quem
715 845 843 886 supra
862 832 1045 874 vidimus
1075 832 1223 873 horum
1243 831 1467 874 verborum
1486 831 1688 873 rationem
1710 843 1858 886 parum

410 902 577 952 tenere,
609 899 730 952 isque
761 899 886 940 etiam
911 899 1157 955 purefacere
1187 898 1293 940 dixit
1321 899 1470 954 p.114,
1492 899 1542 941 19
1562 898 1657 952 370,
1673 897 1712 951 4,
1745 896 1859 951 quod

410 964 521 1007 unde
551 965 774 1007 deductum
806 967 860 1008 sit
888 979 972 1008 non
1002 966 1203 1019 intellego
1222 997 1232 1008 .

525 1032 643 1074 1006.
675 1047 951 1074 PRIMORDIA
981 1045 1134 1073 FERRE
1152 1064 1162 1074 .
1201 1032 1419 1086 oblongus
1455 1032 1591 1086 prima
1619 1043 1744 1072 manu
1770 1031 1859 1086 pri—

411 1099 550 1140 modz'a
566 1100 718 1154 ferrae
735 1131 744 1140 .
782 1100 880 1142 Itali
909 1114 1051 1141 FERRI
1069 1131 1077 1141 .

526 1167 646 1209 1007.
676 1181 752 1206 Frr
783 1181 841 1208 υτ
873 1181 983 1213 QUI.
1014 1166 1217 1209 Marullus
1234 1167 1291 1223 fit
1320 1175 1364 1208 ut
1384 1181 1517 1221 quae:
1548 1164 1788 1218 Naugerius
1804 1164 1861 1220 fit

411 1247 598 1287 UTQUE,
631 1237 742 1275 recte
760 1266 769 1276 .
786 1235 843 1290 fit
872 1243 916 1276 ut
946 1237 1010 1276 est
1029 1247 1106 1288 pro
1127 1247 1212 1276 uno
1232 1233 1464 1286 vocabu10,
1486 1232 1548 1274 sic
1568 1232 1612 1273 in
1633 1245 1688 1284 1v,
1706 1230 1788 1273 944
1803 1231 1861 1286 fit

411 1302 476 1342 uti
495 1317 599 1356 pars
629 1300 726 1343 inde
757 1302 921 1342 animai
935 1302 1148 1355 Ez’cz'atur7·
1177 1299 1221 1342 id
1252 1304 1316 1342 est
1340 1299 1436 1341 inde
1452 1300 1510 1354 fit
1529 1299 1595 1340 uti
1606 1330 1615 1340 .
1637 1298 1681 1339 in
1701 1311 1756 1351 vl,
1779 1296 1861 1339 204

409 1369 505 1408 Hac
526 1369 647 1410 etiam
655 1369 712 1424 fit
732 1369 798 1409 uti
813 1367 863 1409 de
878 1383 1005 1409 causa
1019 1368 1182 1410 mobilis
1196 1367 1269 1409 ille
1284 1366 1452 1408 Devolet
1467 1367 1512 1407 in
1529 1374 1681 1407 terram
1691 1396 1700 1405 .
1722 1368 1763 1406 et
1779 1363 1859 1404 727

411 1434 563 1490 Quofit
583 1436 649 1477 uti
664 1443 791 1491 pacto
813 1435 915 1476 liber
934 1435 1071 1476 minus
1094 1435 1227 1477 exitus
1247 1435 1365 1476 amm?
1386 1434 1442 1475 Ec
1457 1431 1656 1488 proclivis
1676 1432 1770 1472 item
1777 1430 1862 1486 fiat

410 1502 546 1543 minus
576 1503 751 1557 impetus
780 1501 905 1544 undis
923 1533 932 1543 .

526 1568 644 1611 1009.
690 1581 988 1609 Pumomssus
1017 1582 1315 1610 ELEMENTIS.
1360 1567 1424 1609 Ex
1461 1564 1626 1608 addidit
1654 1566 1861 1606 corrector

411 1633 633 1688 quadrati,
665 1634 875 1676 Antonius
907 1634 1052 1688 Marii,
1084 1635 1315 1677 Marullus.

526 1702 645 1743 1011.
678 1701 819 1752 QUAM
850 1715 1024 1742 VALIDI
1053 1715 1196 1742 rmum
1225 1713 1454 1742 NATURAE
1483 1711 1711 1739 rme-mus
1742 1710 1858 1738 non-

411 1782 503 1808 non
520 1799 529 1808 .
561 1767 778 1810 Corrector
799 1768 972 1821 oblongi
995 1768 1094 1810 fecit
1114 1769 1235 1810 horo-0
1250 1801 1261 1822 ,
1291 1767 1403 1822 quod.
1430 1779 1513 1807 non
1535 1764 1734 1818 intellego
1753 1795 1763 1806 .
1785 1762 1861 1806 sed

411 1834 670 1876 inconditam
707 1835 938 1877 orationem
967 1835 1070 1877 scite
1106 1835 1287 1877 correxit
1316 1831 1606 1876 Wakefieldus
1640 1829 1860 1873 scribendo

410 1916 602 1943 NATURA
633 1916 714 1942 m.

527 1969 646 2011 1012.
695 1982 825 2014 QUOD
860 1983 1063 2010 chr'run
1095 1983 1151 2009 Ex
1187 1981 1463 2009 ELEMENTIS
1481 1999 1491 2010 .
1540 1964 1771 2007 Lambinus
1809 1977 1863 2006 ne

412 2037 568 2078 monito
590 2035 757 2089 quidem
779 2036 936 2078 lectore
956 2035 1073 2078 dedit
1092 2036 1205 2092 quod
1218 2035 1347 2092 paulo
1369 2035 1553 2076 dioeimus
1569 2040 1663 2074 ante
1679 2063 1688 2073 .
1709 2031 1862 2074 Wake-

412 2103 560 2145 fieldus
592 2103 634 2144 id
665 2102 778 2156 quod
810 2103 904 2144 libri
940 2103 1094 2145 habent
1124 2102 1326 2156 restituit,
1367 2102 1457 2142 irae
1491 2098 1629 2141 studio
1664 2099 1862 2153 interpre-

411 2171 490 2212 tari
522 2170 832 2212 oblitus.>mihi
863 2169 1035 2212 dubium
1065 2183 1149 2211 non
1179 2169 1346 2212 videtur
1376 2167 1477 2221 quin
1505 2169 1631 2220 poeta
1650 2166 1866 2220 scripserit

413 2251 508 2283 Quo
540 2250 755 2278 nucu-uu
776 2253 827 2278 eoe
848 2237 1051 2279 elementis
1066 2268 1077 2290 ,
1108 2236 1274 2278 conciso
1296 2233 1478 2289 quodam
1501 2231 1668 2274 dicendi
1689 2245 1862 2294 genere,

413 2305 532 2346 cuius
561 2303 698 2345 simile
729 2304 967 2358 exemplum
996 2316 1081 2344 non
1111 2315 1282 2357 possum
1311 2313 1530 2356 promere,
1562 2299 1706 2352 qualia
1726 2300 1865 2341 forent

413 2371 560 2412 ducere
580 2387 631 2412 ex
650 2386 777 2412 mana
793 2403 804 2423 ,
827 2371 1019 2425 ewfune,
1042 2386 1095 2412 em
1114 2378 1279 2411 catena.
1302 2368 1456 2411 Graeci
1475 2369 1580 2411 haec
1600 2367 1865 2422 frequentant

413 2437 469 2479 ad
498 2436 817 2490 significandam
840 2436 1130 2489 instrumenti,
1163 2449 1244 2489 quo
1268 2435 1427 2489 aliquid
1449 2435 1637 2488 ducitur,
1660 2432 1864 2475 continui-

414 2507 568 2546 tatem.
605 2504 764 2546 scilicet
798 2505 950 2546 anulus
988 2516 1039 2544 ex
1070 2502 1287 2544 elementis
1323 2502 1423 2544 ferri
1454 2501 1685 2543 cohaerens
1714 2499 1864 2541 iisdem

414 2571 631 2613 elementis
661 2571 705 2611 in
736 2584 914 2613 vacuum
946 2569 1136 2611 ducitur.

530 2638 649 2679 1013.
682 2651 706 2678 E
734 2652 891 2678 rmuzo
910 2668 920 2678 .
951 2636 1168 2689 Oblongus
1199 2644 1234 2677 te
1259 2636 1404 2689 ferro.-
1433 2635 1532 2676 hinc
1553 2634 1650 2676 olim
1672 2632 1864 2688 impressi

414 2705 571 2761 referre
590 2737 601 2757 ,
634 2705 729 2746 Itali
760 2705 810 2747 de
829 2706 953 2760 ferro
970 2736 980 2746 .

530 2771 648 2813 1014.
679 2786 899 2813 ANULLUS
918 2804 927 2813 .
958 2770 1176 2813 Corrcetor
1207 2769 1377 2822 oblongi
1408 2781 1625 2809 ANULUS.

531 2838 650 2880 1016.
692 2852 966 2884 CAECISQUE
997 2852 1043 2878 m
1073 2851 1131 2878 Eo
1163 2849 1474 2877 comunimus
1506 2847 1672 2875 AESIT.
1710 2831 1865 2875 Oblon·

417 2917 495 2957 gus
526 2906 657 2946 caecis
688 2908 786 2964 qui,
817 2910 858 2948 et
886 2905 1024 2963 prima
1054 2917 1180 2947 manu
1200 2903 1534 2961 compayz’nibus,
1564 2904 1609 2943 ut
1637 2912 1763 2942 versu
1783 2898 1864 2942 919
