2040 3328
917 251 937 293 I
1613 251 1667 294 27

185 383 344 411 suonam
367 383 477 410 come
494 367 605 422 quai
617 398 628 419 ‚
659 381 728 408 ma
750 382 824 409 son
844 366 1026 422 sospirz‘.
1049 364 1174 409 video
1197 369 1339 408 tamen
1370 363 1580 420 quosdam
1610 365 1671 408 ita

185 435 374 480 scribere
396 449 474 492 per
495 434 834 491 diphthongum,
857 435 1018 489 Pistoz’,
1047 435 1163 492 572⁶on
1194 435 1293 488 noi,
1324 435 1522 490 mzquiazss
1553 432 1668 489 quod

185 518 279 548 cum
311 508 471 547 certum
503 504 558 547 sit
588 517 663 547 eos
694 503 888 546 codicum
910 503 1182 558 antiquorum
1214 502 1467 546 auctoritate
1498 503 1668 557 facere,

184 573 251 616 his
271 572 413 616 simile
434 571 570 615 videri
591 575 733 629 potest
753 573 835 614 cui'
857 572 939 614 συῒ
958 571 1077 614 modi
1092 586 1171 627 pro
1200 584 1250 614 co
1283 571 1397 627 quod
1429 575 1522 614 erat
1543 572 1669 614 cuz‘u'-

183 643 292 685 cuiu'
314 641 452 696 modi,
485 642 712 697 eidemque
733 640 889 683 rationi
912 641 1168 682 convenient
1189 642 1280 683 cuis
1309 641 1369 683 eis
1399 641 1494 683 huis
1525 653 1669 682 mono-

184 709 358 767 syllaba
374 742 384 752 .
406 710 532 752 huius
563 714 604 753 et
635 711 725 752 eius
755 707 973 764 disyllaba
994 708 1136 763 priore
1158 712 1358 764 correpta
1379 709 1589 763 attingam
1613 709 1669 751 ad

181 778 335 822 librum
355 793 428 834 111,
451 777 559 834 374,
584 790 694 832 quae
715 780 871 820 sonant
891 780 964 819 aut
984 777 1087 819 boas
1109 784 1179 819 &us
1200 777 1276 819 illa
1296 777 1442 832 priore
1462 777 1630 820 ratione
1653 810 1662 831 ,

183 851 258 890 aut
277 847 373 889 hu'is
395 853 455 890 eis
470 880 481 901 ,
513 859 639 901 quem
661 844 892 888 admodum
915 845 1049 888 Italos
1071 844 1199 888 video
1231 846 1392 888 dixisse
1419 847 1514 902 92‘0’2'
1527 879 1538 900 ,
1570 846 1669 888 Non

183 924 315 958 ‘mente
337 932 364 957 a
384 915 520 972 quelli
536 915 607 957 che
628 930 702 957 son
723 915 842 965 suoi,
874 914 992 956 Ami
1009 914 1045 956 li
1061 913 1172 956 dona
1190 915 1285 971 92'02'
1300 915 1475 970 (Poesz'e
1495 915 1671 957 italz'aoze

182 983 341 1027 inedz'te
357 984 537 1027 raccolte
555 982 611 1025 da
625 983 859 1025 Francesco
879 983 919 1025 T
914 983 1071 1037 racchi,
1089 982 1221 1025 Prato
1243 983 1363 1037 1846,
1382 983 1465 1026 Vol.
1484 998 1499 1024 1
1514 997 1554 1039 p.
1573 983 1667 1038 35)

298 1052 394 1095 158.
426 1054 799 1096 szsmcmmus
817 1085 827 1103 ,
858 1066 920 1093 UT
942 1065 1072 1094 uum:
1094 1064 1257 1096 QUEAT
1276 1084 1286 1095 .
1311 1052 1501 1107 Egregia
1528 1066 1669 1095 emen-

185 1120 360 1164 datione
390 1120 600 1164 Marullus
638 1121 681 1162 in
718 1119 798 1162 hoc
827 1114 963 1164 'versu
999 1120 1171 1176 scripsit
1201 1133 1258 1160 ΕΤ
1288 1121 1426 1176 unde,
1468 1120 1669 1176 idemque

182 1201 354 1232 versum
389 1189 468 1233 155
507 1189 604 1232 huic
639 1188 888 1232 subiunxit.
911 1189 1023 1232 hunc
1066 1193 1165 1245 post
1200 1189 1325 1231 Pium
1357 1202 1505 1233 omnes
1537 1190 1669 1233 secuti

181 1262 307 1313 sunt,
339 1257 536 1300 laudavit
564 1270 690 1300 nemo
708 1289 718 1300 .

298 1325 391 1370 159.
425 1325 537 1367 ΝΛΜ
568 1340 612 1367 SI
642 1340 705 1366 DE
735 1340 851 1368 runo
882 1340 1106 1368 mnRENT
1287 1327 1381 1370 160.
1413 1341 1554 1368 NIHIL
1593 1341 1667 1368 sn-

178 1409 302 1436 mus
331 1408 550 1437 EGERET.
573 1395 622 1436 In
654 1394 719 1437 his
750 1395 974 1451 versibus,
1007 1409 1115 1451 quos
1138 1396 1387 1439 Lactantius
1418 1395 1472 1439 de
1503 1396 1569 1438 ira
1600 1395 1669 1438 dci

182 1464 261 1520 10,
298 1464 347 1507 16
377 1467 530 1520 poe‘tae
552 1463 708 1519 obicit,
742 1464 954 1519 oblongus
977 1465 1027 1507 de
1050 1466 1181 1507 nihilo
1203 1468 1245 1507 et
1267 1465 1376 1506 nihil
1389 1498 1399 1519 ,
1432 1463 1667 1519 quadratus
1707 1508 1710 1511 Α

180 1532 232 1576 de
251 1533 339 1575 nilo
361 1537 403 1575 et
422 1533 474 1574 πί
489 1533 556 1575 m‘l
572 1532 659 1588 (sic
681 1533 724 1575 in
747 1547 772 1574 v
795 1567 804 1589 ‚
836 1534 915 1576 871
941 1535 991 1576 πί
1007 1534 1078 1576 vel
1099 1535 1145 1577 in
1166 1547 1244 1589 pro
1275 1533 1379 1588 πῖθι
1414 1533 1467 1576 de
1498 1532 1668 1576 schedis

178 1601 259 1644 hoc
294 1605 458 1644 tantum
495 1606 686 1645 notatum
729 1606 818 1658 est,
858 1602 900 1644 in
939 1616 1068 1645 versu
1111 1603 1246 1646 altero
1284 1615 1379 1645 esse
1418 1603 1599 1645 «ηίηίΙιίί.
1623 1602 1667 1644 in

178 1683 307 1713 versu
327 1669 453 1713 huius
482 1670 581 1713 libri
607 1670 686 1714 185
707 1675 885 1726 uterque
908 1671 1149 1713 Vossianus
1170 1673 1213 1714 si
1230 1689 1249 1714 e
1270 1672 1357 1714 nilo
1372 1705 1383 1726 ‚
1416 1671 1459 1713 in
1481 1685 1550 1725 w,
1582 1672 1666 1714 679

178 1741 359 1793 uterque
380 1739 462 1781 Nil
475 1771 484 1780 .
507 1739 743 1794 quadratus
765 1741 850 1782 m'lo
872 1756 882 1781 ι
903 1775 912 1796 ,
940 1740 1020 1783 180
1040 1739 1124 1783 266
1146 1755 1203 1795 11,
1236 1740 1317 1782 287
1337 1755 1346 1794 ;
1378 1739 1532 1795 quibus
1556 1740 1664 1782 locis

179 1807 392 1862 oblongus
414 1807 542 1850 babet
562 1808 721 1862 nihilo,
754 1812 885 1864 atquc
908 1809 987 1851 hoc
1018 1808 1146 1850 modo
1176 1809 1286 1850 nihil
1316 1809 1448 1850 nihilo
1486 1809 1667 1851 nihilum

178 1875 358 1931 ceteris,
390 1879 562 1931 praeter
583 1889 657 1919 eos
681 1890 788 1932 quos
810 1877 927 1933 dixi,
961 1877 1158 1920 omnibus
1180 1881 1385 1931 uterque.
1409 1876 1462 1919 de
1495 1876 1561 1920 his
1592 1891 1663 1920 vo-

177 1943 343 1987 cabulis
383 1943 570 2000 primum
608 1944 689 1987 hoc
728 1945 871 1988 dicere
910 1959 1084 2000 possum
1103 1979 1112 2000 ,
1151 1946 1412 1988 abstinuisse
1443 1945 1504 1988 eis
1537 1946 1580 1988 in
1613 1958 1666 1988 ea

180 2025 295 2067 quae
325 2012 382 2055 ad
414 2026 492 2055 nos
513 2014 711 2068 pervenit
732 2014 966 2057 carminum
987 2018 1111 2069 parte
1133 2013 1382 2057 Ciceronem
1400 2047 1409 2069 ,
1444 2013 1662 2071 Gratium‚

178 2081 431 2136 scriptorem
454 2081 639 2137 Culicis,
672 2081 955 2125 Columellam
974 2116 983 2125 .
1008 2082 1163 2125 deinde
1194 2083 1304 2125 inter
1334 2096 1482 2126 omnes
1512 2086 1664 2138 poetas

172 2162 304 2191 unum
335 2150 435 2192 novi
466 2151 537 2204 qui
568 2151 898 2206 monosyllabon
920 2151 1120 2206 ignorare
1147 2150 1370 2206 videatur,
1405 2151 1626 2194 Manilium
1653 2186 1662 2208 ,

177 2217 250 2272 qui
274 2217 514 2261 terdeciens
537 2219 695 2262 dixerit
716 2219 772 2262 ad
796 2220 906 2262 hunc
927 2218 1126 2275 modum,
1158 2220 1341 2276 Dffiez'at
1369 2220 1481 2262 nihil
1506 2230 1567 2276 et,
1600 2235 1664 2264 se-

177 2285 260 2329 mel
282 2286 369 2342 ita,
392 2286 470 2328 Est
491 2288 668 2343 aequale
688 2288 799 2330 nihil
818 2297 1001 2331 terrenos
1016 2322 1027 2342 ,
1056 2288 1100 2330 in
1122 2304 1165 2330 1v
1184 2321 1193 2343 ,
1217 2288 1300 2332 416
1319 2323 1327 2331 .
1352 2287 1516 2331 Iliados
1538 2290 1663 2332 inter-

175 2367 275 2410 pres
287 2358 426 2397 utrum
440 2354 616 2398 bibreve
635 2357 820 2399 voluerit
837 2371 893 2400 an
913 2357 1240 2413 monosyllabon
1259 2369 1345 2398 non
1365 2362 1548 2414 constat,
1569 2372 1663 2402 cum

138 2461 142 2466 .
175 2415 394 2479 scripserit
413 2424 547 2467 semel
567 2425 678 2480 262,
709 2438 789 2468 nec
810 2426 1010 2482 saepius,
1042 2426 1155 2468 nihil
1173 2425 1376 2467 adiuvat.
1399 2430 1661 2485 monosylla-

174 2491 259 2535 bon
295 2496 532 2536 ceterorum
571 2493 712 2536 nullus
750 2494 1021 2550 repudiavit,
1061 2507 1198 2549 eoque
1234 2507 1319 2535 uno
1359 2495 1661 2541 Germanicum

173 2574 295 2604 usum
317 2573 411 2603 esse
434 2565 592 2604 certum
617 2565 706 2618 est,
738 2562 891 2618 phaen.
915 2564 998 2606 665
1020 2564 1100 2606 681
1121 2597 1130 2619 ,
1154 2576 1304 2618 progn.
1328 2563 1381 2618 2,
1409 2566 1491 2620 55,
1516 2567 1663 2623 itaque

172 2629 305 2672 semel
334 2629 408 2684 qui
431 2630 639 2673 Moretum
670 2632 841 2687 scripsit
871 2632 953 2687 64,
985 2633 1118 2675 semel
1150 2632 1223 2686 qui
1248 2632 1374 2674 Diras
1406 2634 1488 2687 66,
1523 2649 1659 2690 neque

174 2696 264 2739 ulla
294 2709 428 2740 causa
466 2702 530 2742 est
566 2712 639 2742 cur
671 2699 880 2743 Lucilium
912 2701 1155 2743 Lucretium
1187 2700 1379 2742 Persium
1413 2702 1661 2759 disyllabon

172 2764 381 2821 probasse
412 2765 604 2809 dicamus
622 2800 632 2810 .
656 2781 751 2811 cum
773 2769 838 2811 his
869 2768 973 2811 facit
1004 2769 1112 2811 Ciris
1144 2769 1224 2811 261
1249 2769 1334 2810 404
1361 2769 1446 2811 234
1476 2772 1587 2829 338,
1620 2778 1661 2816 et

173 2833 454 2888 Priapeorum
479 2839 635 2889 poetae
665 2840 691 2881 3
723 2838 778 2879 32
810 2838 865 2880 70
894 2838 976 2892 34,
1009 2838 1181 2880 Tibullo
1205 2842 1411 2894 excepto,
1444 2841 1515 2892 qui
1549 2842 1660 2885 binis

173 2901 358 2958 syllabis
379 2904 674 2956 pronuntiavit
695 2905 739 2947 in
760 2906 815 2948 83
833 2939 842 2960 ,
879 2907 929 2949 15
952 2911 994 2949 et
1014 2907 1069 2949 35
1088 2939 1096 2947 .
1121 2919 1144 2948 e
1175 2906 1342 2948 duabus
1364 2907 1543 2951 alteram
1574 2911 1659 2966 syl-

172 2970 343 3024 labam,
377 2970 433 3012 ad
465 2971 787 3015 similitudinem
819 2975 922 3026 hili,
958 2975 1133 3016 Plautus
1164 2979 1204 3016 et
1237 2974 1417 3018 Ovidius
1448 2977 1659 3032 produxe-

171 3043 270 3082 runt
287 3072 296 3081 .
320 3039 428 3082 alter
445 3039 489 3082 in
508 3040 699 3083 Poenulo
716 3056 763 3081 111
782 3075 791 3096 ‚
815 3042 841 3083 2
858 3075 867 3097 ,
896 3043 947 3085 10
964 3043 1100 3095 Qadm
1122 3052 1219 3085 sunt
1239 3044 1308 3097 Izi,
1333 3046 1465 3100 quisi
1476 3047 1586 3088 m'ln'l
1601 3056 1659 3090 esc
