2040 3328
473 239 550 281 162
1160 243 1223 283 ΙΙΙ

463 350 750 405 Hippodamia
765 383 775 403 ,
799 351 909 404 Coa,
931 367 1021 404 eoa,
1043 352 1191 404 heroa,
1215 353 1340 406 Lycz‘e
1355 384 1366 405 ,
1389 353 1580 407 Sperchie
1594 387 1604 407 ‚
1626 354 1756 397 Olmie
1771 388 1781 408 ,
1804 356 1900 408 Ooe',

461 415 614 467 Latere,
640 416 810 458 Cadmei?
826 450 836 470 ,
858 417 1003 458 Persei
1016 449 1026 470 ,
1049 418 1188 458 Minoi
1200 448 1208 456 .
1226 417 1327 459 nihil
1341 422 1481 460 tamen
1497 432 1648 462 causae
1670 421 1747 462 fuit
1767 434 1840 463 cur
1858 422 1901 463 in

462 481 635 523 Graecis
659 482 822 523 Graeca
843 481 1020 524 elisione
1041 482 1322 538 abstinerent3
1351 485 1466 526 cuius
1487 498 1621 539 pauca
1640 488 1804 542 repperi
1825 487 1901 530 sed

460 552 599 589 certae
615 547 710 589 fidei
730 547 922 601 exempla
939 580 948 590 .
968 549 1124 590 Ennius
1145 549 1292 591 Medea
1307 551 1443 591 animo
1458 566 1584 605 aeyra
1599 583 1608 604 ,
1631 568 1767 595 amore
1782 569 1900 596 saevo

458 615 602 655 saucia
621 646 630 654 .
648 614 799 655 Accius
824 615 861 654 T
858 631 925 668 uu,
943 615 1021 668 dic,
1038 615 1185 657 Medea
1203 631 1255 668 es,
1273 616 1392 657 cuius
1408 615 1564 658 aditum
1581 628 1796 674 eoepectans
1805 636 1899 676 per-

458 680 555 720 vz'xz‘
572 695 699 734 usque
721 680 889 722 adhuc?
917 681 1100 734 tragicus
1129 682 1241 736 apud
1269 682 1470 724 Senecam
1502 683 1680 737 epistula
1699 685 1754 728 80
1783 685 1903 736 Quod

457 746 544 785 nisi
561 747 717 799 quiem's
733 779 743 799 ‚
767 748 954 789 Menelae
967 780 978 800 ,
1001 748 1075 789 hac
1097 747 1243 789 decctra
1263 748 1420 790 occides
1437 781 1446 790 .
1464 749 1649 792 Lucilius
1669 751 1782 806 apud
1799 752 1898 793 Pro-

458 810 553 852 bum
576 811 630 852 ad
651 812 828 866 Vergilii
850 815 1019 867 eclogas
1036 827 1076 868 p.
1098 814 1159 868 18,
1182 814 1231 856 19
1253 815 1347 856 Duo
1363 815 1479 857 habet
1494 817 1670 858 stoeckia
1689 847 1698 856 .
1714 817 1900 872 adfuerit

458 878 599 918 anima
620 887 655 919 et
674 895 841 935 corpore
862 912 870 921 .
893 880 1105 933 Vergilius
1127 880 1338 922 Aeneidos
1359 895 1402 932 11,
1423 881 1501 923 193
1521 882 1700 938 Pelopea
1718 883 1776 924 ad
1791 899 1896 926 moe-

454 945 526 984 m'a
540 974 553 992 ‚
575 948 615 985 et
636 944 678 986 in
700 945 847 987 eodem
863 947 945 988 312
965 946 1090 1001 Βῑζᾳεα
1110 946 1328 1002 iym'freta
1350 946 1436 988 lata
1457 948 1635 990 relucent
1650 981 1659 990 .
1675 949 1836 992 Seneca
1854 950 1897 991 in

453 1008 603 1051 Medea
617 1010 698 1052 496
720 1012 868 1053 Medea
889 1028 1046 1054 amores
1062 1013 1182 1054 obicit
1199 1044 1208 1053 .
1225 1012 1420 1054 Lucanus
1441 1012 1484 1054 in
1503 1027 1562 1067 111,
1579 1014 1660 1057 295
1680 1031 1752 1058 eoa
1772 1015 1832 1058 ad
1849 1017 1896 1058 li·

453 1083 541 1116 tora
560 1107 569 1116 .
589 1076 820 1119 Columella
832 1079 1008 1134 ylaucea
1025 1088 1062 1120 ec
1076 1079 1119 1119 in
1135 1092 1174 1132 x,
1196 1078 1274 1121 104
1291 1110 1300 1120 .
1317 1079 1360 1120 in
1377 1078 1461 1120 Ciri
1482 1080 1556 1122 131
1579 1081 1723 1124 Mimm
1742 1083 1896 1124 inhias-

451 1150 509 1182 set
538 1142 617 1195 (sic
647 1143 930 1197 scribendum)
967 1149 1008 1186 et
1036 1145 1118 1187 366
1148 1145 1292 1187 Minoa
1324 1147 1556 1188 auctoribus
1576 1178 1585 1188 .
1607 1146 1765 1190 Statius
1799 1152 1896 1190 ante

452 1208 620 1250 vocales
641 1210 764 1251 heroa
784 1211 969 1252 Phoebea
991 1211 1171 1253 Cadmea
1191 1212 1383 1254 Bacchea
1403 1212 1496 1254 silv.
1512 1227 1538 1267 1,
1557 1213 1594 1267 3,
1616 1214 1695 1255 102
1714 1227 1773 1267 111,
1788 1213 1828 1267 4,
1841 1213 1896 1256 80

450 1272 580 1317 Theb.
598 1287 638 1328 X,
656 1275 738 1317 254
756 1291 827 1330 ΧΠ,
846 1277 927 1319 635
945 1277 1021 1319 791
1044 1309 1053 1331 ,
1076 1277 1204 1319 Silius
1219 1278 1398 1334 Pelopea
1413 1292 1496 1333 xm,
1516 1279 1569 1320 72
1587 1311 1596 1329 ,
1618 1279 1795 1322 Galatea
1809 1293 1892 1333 xxv,

449 1339 555 1393 226,
587 1341 765 1397 Erythia
785 1357 868 1397 xw,
894 1343 970 1386 195
994 1375 1002 1385 .
1024 1343 1078 1384 ab
1100 1343 1178 1385 hoc
1199 1343 1412 1386 diversum
1442 1349 1507 1391 est
1534 1344 1700 1386 tertium
1729 1358 1890 1400 genus,

449 1406 562 1458 quod
591 1407 717 1450 habet
747 1409 1036 1464 diphthongon
1058 1422 1150 1451 cum
1179 1410 1308 1463 longa
1337 1411 1472 1453 vocali
1503 1415 1574 1453 aut
1602 1410 1859 1466 diphthongo
1881 1444 1891 1455 .

447 1472 489 1512 in
521 1472 598 1515 hoc
629 1475 846 1517 elisionem
877 1489 960 1518 non
988 1475 1212 1517 admittunt
1240 1477 1482 1531 Lucretius,
1505 1477 1728 1532 Horatius,
1749 1479 1892 1520 'ribul-

447 1539 511 1579 lus
530 1572 539 1593 ,
572 1541 813 1595 Propertius
832 1575 841 1597 ,
874 1542 1043 1584 Gratius
1061 1575 1070 1596 ,
1101 1542 1298 1584 Manilius
1316 1575 1325 1597 ,
1359 1543 1632 1586 Germanicus
1656 1576 1665 1598 ,
1697 1545 1890 1587 Valerius

445 1605 622 1647 Flaccus
640 1639 649 1660 ,
667 1607 869 1650 Martialis
887 1641 896 1663 ,
912 1608 1124 1650 Iuvenalis
1143 1623 1151 1650 :
1168 1622 1264 1651 nam
1275 1610 1436 1665 plebeia
1452 1611 1497 1651 in
1512 1619 1617 1652 veste
1632 1611 1674 1651 in
1691 1625 1721 1651 11
1741 1611 1891 1653 Lucre·

445 1671 491 1712 tii
504 1672 558 1714 36
573 1673 669 1714 Itali
686 1675 775 1716 sine
793 1687 921 1716 causa
936 1675 1191 1729 scripserunt
1207 1706 1216 1716 .
1233 1675 1378 1718 maluit
1391 1676 1576 1718 Naevius
1588 1676 1630 1717 in
1642 1676 1720 1718 hoc
1735 1689 1890 1730 genere

444 1737 563 1780 hiare
582 1771 591 1793 ,
615 1739 747 1790 Quam
767 1757 990 1796 numquam
1009 1741 1121 1782 vobis
1142 1741 1294 1783 Graiei
1309 1751 1430 1797 atque
1450 1743 1623 1784 barbari
1631 1759 1646 1796 ,-
1671 1743 1770 1785 item
1790 1743 1897 1803 Ver--

441 1804 569 1856 gilius
599 1807 643 1846 in
673 1807 836 1849 Actaeo·
855 1808 1119 1863 Aracyntho,
1151 1813 1191 1849 et
1222 1807 1399 1850 Ovidius
1429 1809 1606 1850 Pisaeae
1634 1809 1864 1851 Arethusae
1874 1825 1889 1863 ,·

441 1872 616 1912 Plautus
639 1886 805 1927 quoque
825 1873 868 1914 in
891 1873 1046 1916 Casina
1065 1888 1108 1926 11,
1126 1874 1164 1927 2,
1182 1874 1233 1915 27
1257 1873 1375 1916 Clam
1405 1876 1541 1916 virum
1570 1884 1606 1917 et
1635 1879 1742 1931 quae
1770 1875 1889 1917 habet

437 1948 618 1994 partum,
638 1941 696 1980 ἐὴ·
707 1941 806 1981 haut
821 1940 1068 1992 co'mmodzlet,
1087 1940 1186 1981 item
1202 1940 1245 1981 in
1258 1941 1559 1995 Amphitruone
1575 1956 1600 1994 ι,
1616 1941 1742 1995 1,188
1763 1937 1886 1984 'Aine

437 2006 557 2046 vero?
571 2007 643 2046 aio'
657 2007 858 2048 enimvero
877 2038 885 2048 .
908 2005 982 2047 sed
1003 2005 1114 2047 idem
1137 2006 1180 2046 in
1201 2019 1284 2047 uno
1307 2007 1538 2061 eodemque
1561 2021 1684 2050 versu
1702 2011 1742 2049 et
1757 2008 1885 2061 lique-

439 2071 552 2113 facta
567 2073 705 2114 vocali
723 2076 764 2114 et
780 2077 1032 2125 remanente,
1051 2067 1145 2113 'Aio
1163 2103 1172 2112 .
1189 2081 1310 2127 atque
1326 2088 1414 2114 eam
1430 2089 1555 2115 manu
1577 2075 1782 2116 emisisse?
1796 2075 1882 2126 aid,

436 2146 473 2178 et
490 2147 707 2193 postquam
729 2139 816 2179 eius
835 2139 931 2179 Mne
946 2147 1069 2193 pater
1082 2170 1093 2191 ,
1115 2138 1158 2179 in
1179 2138 1438 2180 Mostellaria
1458 2153 1512 2191 lv,
1531 2140 1568 2194 2,
1585 2140 1660 2194 59,
1690 2152 1767 2182 nec
1786 2152 1883 2182 raro

435 2204 494 2258 ej,
517 2204 629 2256 quod
651 2205 810 2258 estez‘z’,
833 2204 970 2245 vocali
992 2204 1099 2245 elisa
1120 2209 1217 2246 ante
1233 2205 1421 2247 vocalem
1439 2237 1448 2259 ,
1471 2210 1515 2247 ut
1535 2207 1577 2248 in
1599 2206 1748 2248 Bacch.
1768 2219 1824 2260 xv,
1842 2207 1880 2259 9,

433 2270 504 2323 99,
528 2271 570 2310 in
593 2270 841 2312 Curculione
862 2285 888 2325 1,
910 2271 944 2324 1,
960 2270 1014 2312 43
1036 2276 1076 2312 et
1098 2285 1134 2324 v,
1153 2271 1191 2324 2,
1208 2272 1253 2325 5,
1275 2273 1318 2313 in
1341 2273 1520 2315 Casinae
1539 2273 1716 2326 prologo
1737 2273 1810 2327 66,
1839 2273 1880 2314 in

430 2334 609 2377 Mostell.
626 2351 651 2389 1,
670 2337 708 2389 3,
730 2337 808 2379 129
829 2340 870 2379 et
890 2351 945 2391 ιν,
963 2338 1001 2391 2,
1019 2337 1099 2391 32,
1121 2338 1163 2378 in
1185 2338 1396 2380 Pseudulo
1413 2353 1455 2391 11,
1472 2338 1511 2391 4,
1531 2338 1596 2390 29,
1618 2338 1662 2379 in
1679 2338 1880 2380 Rudentis

430 2402 608 2455 prologo
630 2403 683 2444 25
705 2403 783 2457 68,
813 2403 1043 2457 eodemque
1063 2403 1187 2445 modo
1208 2405 1390 2458 positum
1411 2406 1477 2446 aio
1498 2404 1542 2445 in
1563 2404 1766 2457 Amphitr.
1788 2418 1815 2458 1,
1842 2405 1876 2459 1,

433 2467 509 2509 127
533 2469 607 2510 167
629 2501 638 2523 ,
659 2469 702 2510 in
725 2469 904 2512 Casinae
920 2470 1095 2524 prologo
1114 2471 1163 2513 71
1182 2502 1191 2524 ,
1214 2471 1258 2511 in
1278 2470 1527 2523 Mostell.1v,
1545 2470 1586 2524 2,
1602 2470 1682 2524 63,
1705 2469 1747 2511 in
1767 2469 1876 2512 Men.

426 2546 454 2586 1,
472 2534 510 2583 2,
527 2534 600 2589 52,
620 2536 662 2576 in
679 2535 763 2576 Mil.
782 2550 823 2588 11,
844 2536 882 2590 6,
900 2537 965 2590 67,
983 2536 1024 2576 in
1041 2537 1168 2577 Poen.
1185 2537 1272 2589 v,2,
1286 2537 1323 2590 3,
1342 2537 1384 2577 in
1401 2536 1533 2578 Persa
1544 2551 1586 2589 11,
1597 2536 1635 2590 2,
1644 2535 1682 2590 3,
1702 2536 1744 2577 in
1761 2537 1876 2578 Trin.

424 2613 479 2654 1v,
501 2600 539 2653 2,
562 2602 639 2642 145
657 2633 665 2640 .
686 2601 750 2642 his
772 2602 983 2643 simillima
999 2606 1097 2643 sunt
1117 2604 1263 2657 quoz'ae
1281 2611 1397 2644 erant
1412 2603 1454 2644 in
1471 2602 1660 2644 Rudente
1674 2617 1736 2656 111,
1751 2603 1790 2656 4,
1807 2603 1874 2655 40,

425 2665 538 2722 Graj
560 2683 644 2709 esse
672 2668 715 2709 in
734 2668 842 2709 Men.
861 2681 898 2722 v,
923 2669 956 2720 1,
979 2668 1028 2710 15
1046 2700 1055 2720 ,
1067 2668 1204 2724 plebej
1217 2677 1253 2710 et
1262 2685 1469 2724 pauperes
1485 2669 1526 2710 in
1545 2670 1672 2710 Poen.
1690 2668 1873 2723 111,1,12,

422 2733 478 2773 Ec
498 2733 663 2788 quidem
683 2735 876 2776 Alcmaeo
898 2743 1019 2790 atque
1035 2733 1196 2776 Orestes
1218 2734 1259 2775 in
1278 2735 1394 2789 Capt.
1416 2749 1474 2789 111,
1490 2735 1529 2789 4,
1547 2735 1603 2778 30
1620 2767 1628 2776 .
1645 2735 1707 2777 sic
1723 2735 1874 2776 Teren-

421 2798 502 2840 tius
519 2799 561 2839 in
580 2800 779 2842 Eunucho
795 2815 838 2854 11,
850 2800 886 2854 2,
896 2801 950 2842 59
967 2801 1105 2842 Μίνόν
1120 2802 1198 2855 qui
1207 2801 1321 2854 (libri
1340 2801 1463 2856 quid)
1478 2818 1529 2844 ex
1544 2802 1696 2843 Piraeo
1712 2801 1870 2854 abierit,
1895 2833 1898 2836 .

421 2864 464 2904 in
483 2865 650 2919 Hecyra
665 2880 703 2919 v,
723 2867 760 2920 2,
779 2867 833 2907 32
854 2867 895 2922 ej
910 2882 1073 2921 unaque
1087 2899 1098 2920 ,
1116 2867 1160 2908 in
1178 2866 1325 2908 Heaut.
1347 2881 1402 2921 lv,
1419 2868 1458 2922 5,
1476 2867 1530 2910 29
1550 2868 1590 2924 ej
1605 2866 1664 2909 ad
1680 2867 1848 2922 ‘nuptias
1861 2896 1871 2906 .

419 2930 517 2971 item
547 2933 696 2984 tragici
727 2933 805 2974 hac
835 2932 1012 2974 elisione
1033 2932 1095 2974 usi
1118 2938 1241 2987 sunt,
1263 2933 1388 2983 Quem
1412 2933 1702 2988 adspectabant
1721 2963 1732 2984 ‚
1754 2933 1872 2974 cuius
