2040 3328
895 229 963 271 III
1589 231 1668 273 183

186 357 315 388 versu
334 344 418 388 805
445 343 639 386 Iunctum
669 345 716 386 in
745 344 948 399 concilio,
971 343 1055 388 905
1083 344 1207 397 Quod
1229 361 1357 402 super
1377 353 1436 388 est
1451 378 1463 399 ,
1486 345 1570 388 949
1590 346 1667 388 At-

187 429 268 470 que
297 413 447 467 ectum,
473 412 558 455 nisi
587 412 703 467 quod
734 425 884 455 versus
906 412 990 455 905
1021 412 1064 454 in
1095 412 1282 467 oblongo
1315 413 1469 456 litteris
1499 426 1667 456 curren-

186 479 299 523 tibus
329 480 511 536 scriptus
543 485 634 535 est,
665 480 749 524 949
778 480 1017 523 uncialibus
1048 484 1090 523 et
1119 481 1387 524 currentibus
1417 482 1638 537 permixtis
1656 513 1666 524 .

185 549 230 592 in
259 548 370 592 libro
401 552 553 604 quarto
584 549 733 604 quinto
764 553 974 604 sextoque
993 548 1118 591 huius
1139 548 1256 592 modi
1286 549 1394 592 nihil
1424 550 1666 593 invenitur:

185 616 242 660 de
269 617 406 673 primo
439 621 482 660 et
510 616 700 660 seeundo
731 616 822 660 dixi
852 616 910 660 ad
939 631 984 672 11,
1005 616 1062 658 42
1083 649 1093 660 .

301 685 397 728 760.
428 685 515 729 Sic
546 699 734 727 ANIMAS
763 699 997 727 nominum
1027 699 1208 727 mol-:NT
1229 699 1277 726 IN
1298 699 1523 728 CORPORE
1545 701 1666 730 smu—

183 767 275 794 Pun
291 785 301 796 .
323 754 378 796 In
398 768 629 797 conrorm
651 757 864 797 corrector
884 753 1084 808 quadrati
1107 757 1149 796 et
1169 754 1267 796 Itali
1289 758 1390 798 ante
1411 755 1638 798 Marullum
1654 789 1664 800 .

184 821 270 864 Sin
299 821 414 864 idem
444 823 652 866 Marullus
674 855 684 864 .

299 891 396 934 763.
427 890 480 933 S1
509 905 604 933 Nou
633 904 792 933 cmtTA
824 904 916 932 suo
949 903 1070 937 QmA
1102 903 1284 931 summ:
1315 904 1632 938 SEMINIOQUE
1655 925 1664 934 .

182 959 293 1002 Huie
322 959 465 1003 versui
483 993 493 1013 ,
521 972 647 1014 quem
669 959 899 1002 delendum
921 971 1018 1002 esse
1038 971 1107 1001 res
1129 958 1227 1014 ipsa
1247 959 1431 1014 elamat,
1454 959 1665 1003 Marullus

182 1040 280 1070 eum
301 1027 495 1071 subicere
515 1027 666 1070 maluit
692 1027 765 1082 qui
792 1027 930 1082 hune,
952 1027 1024 1070 ubi
1057 1039 1134 1070 suo
1167 1028 1260 1070 loeo
1292 1028 1457 1083 positus
1489 1032 1579 1083 est,
1602 1042 1664 1072 se-

183 1096 326 1151 quitur
343 1096 424 1140 747
443 1128 454 1151 ‚
477 1100 565 1138 tum
586 1099 811 1151 utrumque
833 1095 1059 1138 collocavit
1078 1100 1178 1152 post
1198 1109 1295 1139 eum
1323 1110 1449 1152 quem
1479 1097 1576 1140 libri
1609 1098 1663 1140 ab

118 1151 131 1164 ”
181 1164 262 1206 hoe
281 1164 522 1220 proximum
543 1164 732 1220 faciunt,
756 1165 876 1207 euius
897 1164 1155 1220 principium
1176 1169 1241 1207 est
1270 1166 1359 1208 Nec
1386 1175 1470 1209 tam
1492 1166 1636 1209 doctus
1652 1199 1662 1208 .

180 1236 267 1274 tam
298 1244 472 1275 caecum
503 1231 654 1275 ducem
686 1236 851 1276 eeteros
881 1232 1004 1287 sequi
1034 1231 1238 1286 indignor
1254 1266 1264 1277 .

295 1300 391 1343 764.
432 1301 537 1344 NEC
585 1314 683 1341 TAM
726 1313 920 1342 Doc'rus
961 1315 1091 1347 EQUE
1133 1315 1330 1343 PAULUS
1362 1334 1371 1344 .
1410 1302 1478 1345 Ne
1523 1302 1663 1357 prima

179 1381 311 1412 manu
347 1368 562 1423 oblongus
594 1401 605 1412 .
636 1377 773 1412 tamen
809 1368 1047 1423 quadratus
1086 1402 1096 1412 .
1132 1383 1323 1412 PULLus
1360 1370 1460 1414 Itali
1503 1375 1546 1414 et
1589 1371 1663 1414 im-

179 1437 317 1493 pressi
341 1439 352 1480 ’.

295 1504 391 1549 765.
422 1518 624 1546 unm-EM
646 1537 655 1546 .
677 1504 770 1548 Hoc
796 1505 1018 1548 confirmat
1045 1505 1276 1550 Diomedes
1296 1520 1339 1562 p.
1357 1506 1470 1549 334:
1496 1506 1663 1563 Nonius

178 1587 220 1630 p.
240 1573 333 1629 181,
350 1573 378 1616 5
407 1581 561 1616 mentes
582 1605 593 1616 .
614 1586 714 1615 mox
744 1573 978 1628 quadratus
1012 1573 1271 1632 Confuyz‘ant
1294 1607 1303 1616 .

296 1642 392 1685 775.
430 1655 491 1683 AT
527 1655 621 1682 NON
663 1656 783 1683 SUNT
820 1656 1137 1684 IAMMORTALI
1167 1656 1295 1684 ULLA
1325 1657 1538 1685 PERICLA
1570 1676 1579 1686 .
1611 1643 1663 1686 In

181 1710 368 1764 oblongo
399 1713 661 1766 eor-rectum,
692 1714 734 1753 et
769 1710 954 1754 fortasse
989 1725 1119 1754 manu
1159 1711 1322 1768 prima,
1355 1721 1451 1755 sunt
1481 1726 1663 1754 nunon-

179 1793 291 1820 um
322 1811 331 1821 .
363 1778 407 1821 in
438 1777 584 1821 Ovidii
616 1779 894 1835 metamorph.
927 1794 996 1836 xv,
1029 1780 1109 1823 139
1144 1784 1259 1823 reete
1289 1784 1425 1835 agunt
1456 1781 1529 1835 qui
1560 1782 1661 1823 seri-

178 1846 364 1891 bendum
390 1845 581 1890 iudicant
599 1847 780 1891 Audetz's
798 1849 915 1891 vesci
936 1864 1071 1905 yenus
1099 1849 1358 1903 immortale,
1389 1849 1461 1891 ubi
1492 1849 1662 1893 codices

177 1933 202 1960 o
229 1916 404 1959 mortale
427 1950 436 1959 .

293 1983 388 2026 784.
426 1997 521 2026 Nou
557 1998 792 2031 Ammoni:
828 1999 878 2025 m
913 1998 1042 2026 ALTO
1085 1986 1230 2028 Nnssn
1267 1999 1386 2027 usse
1428 1999 1626 2032 QUEUNT
1649 2019 1659 2030 .

178 2051 299 2095 Infra
327 2052 370 2094 in
402 2051 512 2095 libro
543 2066 582 2107 v,
613 2052 684 2095 ubi
723 2051 766 2094 hi
803 2065 953 2095 versus
988 2053 1222 2108 iterantur,
1258 2054 1339 2097 129
1368 2070 1452 2097 non
1482 2071 1661 2112 aequore

179 2134 329 2162 suso
351 2120 520 2163 Nonus
543 2137 630 2164 esse
650 2129 806 2177 queunt
822 2151 832 2162 .
848 2119 930 2163 hoe
949 2120 1281 2176 praeferendum
1302 2125 1392 2177 est,
1410 2122 1512 2177 quia
1531 2127 1661 2180 poe'ta

177 2204 335 2246 aequor
363 2189 523 2231 salsum
553 2188 811 2244 aliquotiens
840 2188 974 2244 dixit,
1007 2190 1138 2232 altum
1168 2203 1398 2245 numquam
1417 2223 1428 2234 .

292 2257 387 2300 789.
425 2271 640 2300 nononis
676 2271 791 2299 usse
822 2291 832 2301 .
863 2258 962 2300 Non
1002 2258 1127 2301 aliter
1162 2258 1366 2315 scriptum
1398 2259 1441 2302 in
1474 2274 1512 2315 v,
1549 2260 1657 2305 133.

176 2324 253 2368 sed
294 2329 408 2369 reete
447 2325 642 2381 ‘quidam
678 2325 809 2369 doeti’
849 2325 966 2381 apud
1002 2326 1259 2370 Lambinum
1294 2341 1576 2385 nonomen,
1614 2333 1661 2371 ut

174 2407 304 2437 versu
333 2395 418 2437 676
436 2427 446 2436 .

289 2462 385 2506 790.
418 2462 560 2515 QUOD
593 2477 640 2504 Sl
669 2476 887 2518 Possm-1¹,
910 2477 1029 2503 ENIM
1049 2477 1214 2505 MULTo
1236 2479 1382 2507 Pinus
1401 2498 1410 2507 .
1429 2465 1658 2509 Wakefiel-

176 2529 256 2572 dus
277 2542 370 2573 cum
397 2532 486 2574 suis
515 2532 686 2575 soloece
709 2532 832 2584 Quod
849 2532 893 2574 si
905 2541 1045 2589 posset
1064 2533 1174 2575 em'm
1189 2565 1201 2587 ,
1222 2533 1351 2575 multo
1365 2535 1492 2590 prius
1515 2566 1524 2575 .
1548 2534 1659 2589 prio-

176 2610 245 2640 res
283 2611 377 2641 cum
408 2600 590 2642 Marullo
621 2601 715 2643 Hoc
751 2601 795 2642 si
817 2609 962 2657 posset
1002 2602 1137 2655 enim,
1168 2600 1283 2655 quod
1315 2605 1428 2644 certe
1459 2602 1657 2644 Latinum

176 2666 418 2720 est.siquis
448 2668 510 2710 ita
538 2672 586 2710 ut
615 2681 749 2724 supra
778 2667 860 2710 feei
882 2667 1145 2722 distinguat,
1171 2670 1280 2711 em'm
1307 2668 1656 2724 adversativum,

176 2733 231 2776 de
260 2746 344 2789 quo
375 2748 462 2777 non
491 2736 597 2778 satis
621 2736 822 2778 distincte
844 2735 933 2789 egit
953 2735 1150 2779 Handius
1172 2736 1216 2778 in
1237 2736 1470 2779 Tursellini
1491 2742 1605 2779 tomo
1626 2752 1659 2777 11

175 2815 215 2857 p.
234 2802 315 2845 397
335 2834 345 2857 ,
367 2802 411 2844 in
441 2803 627 2858 apodosi
656 2803 797 2845 locum
827 2802 988 2846 habere
1017 2816 1104 2846 non
1126 2804 1297 2846 videtur
1321 2836 1330 2845 .
1353 2804 1483 2846 miror
1514 2809 1657 2847 autem

175 2869 358 2913 eundem
378 2869 594 2913 Handium
615 2870 791 2913 Gifanio
821 2871 997 2924 eiusque
1027 2871 1238 2914 similibus
1269 2871 1443 2914 eredere
1472 2873 1516 2915 in
1546 2873 1656 2916 libro

174 2953 219 2979 v1
246 2938 432 2981 Lucretii
473 2938 579 2980 1277
621 2939 682 2981 sic
719 2938 1080 2992 distinguentibus
1104 2971 1114 2993 ‚
1153 2940 1262 2981 enim
1297 2956 1499 2996 praesens
1538 2941 1657 2984 dolor

174 3007 434 3064 exuperabat
448 3039 459 3062 ,
480 3006 736 3062 praesertim
766 3018 861 3050 eum
890 3006 1030 3050 Plauti
1063 3007 1345 3051 Nervolariae
1376 3021 1429 3052 ex
1459 3008 1655 3053 Varrone
