2040 3328
427 229 512 271 414
1122 236 1181 277 VI

427 354 498 383 eus
529 342 698 395 quidam
729 356 845 385 meus
873 343 1137 387 doctissimus
1169 347 1384 401 intelleget
1413 362 1477 391 me
1508 363 1591 393 non
1621 356 1706 394 tam
1735 353 1873 395 incon-

425 407 607 450 siderate
646 421 771 462 quam
801 409 883 463 ipsi
914 412 1028 453 visus
1064 413 1142 454 sim
1174 412 1339 456 Ottonis
1370 415 1507 458 Iahnii
1537 419 1872 462 emendationem

424 474 653 530 probasse,
686 488 769 529 qua
798 476 833 517 is
856 478 988 519 Persii
1009 491 1174 521 versum
1196 494 1235 534 v,
1255 482 1306 522 19
1335 481 1378 523 in
1409 483 1578 530 eosdem
1598 497 1791 527 numeros
1813 485 1873 527 ita

423 541 629 596 restituit,
658 543 754 584 Non
783 543 969 599 equidem
995 546 1068 587 ltoo
1094 546 1245 600 studeo,
1274 550 1279 597 Ι
1306 549 1546 604 ampulla'tz's
1566 559 1610 592 ut
1628 551 1872 608 mikinuyis

422 607 589 662 Pa92·na
609 618 837 664 tumescat.
861 623 1007 653 versus
1028 612 1292 655 hexametros
1313 627 1396 655 non
1428 615 1610 669 legitime
1639 617 1795 660 incisos
1826 619 1869 660 in

421 674 540 727 poesi
570 675 724 717 Latina
754 676 850 728 (sed
880 678 951 732 qui
982 683 1076 733 post
1096 680 1340 722 Iuvenalem
1371 682 1651 737 seripserunt,
1683 696 1755 726 eos
1784 698 1869 727 non

420 742 537 792 euro)
574 743 722 796 paucis
760 744 965 786 Ennianis
1000 747 1183 800 exceptis
1214 746 1290 788 hos
1326 748 1439 789 solos
1469 751 1648 802 cognovi
1665 782 1675 805 ,
1706 750 1869 793 Horatii

420 807 544 861 duos,
576 810 760 851 Vestrum
776 820 962 866 praetor,
984 813 1021 853 τέ
1041 814 1288 855 intestabilis
1309 823 1346 856 et
1365 831 1481 857 sacer
1502 825 1600 869 esto,
1617 817 1712 858 Non
1733 819 1869 873 quivis

418 874 529 916 videt
547 875 804 918 inmodulata
815 885 1005 933 poemata
1021 879 1149 921 iudea:
1163 912 1174 933 ,
1198 893 1323 923 unum
1340 881 1431 923 Silii
1450 882 1585 924 Italici
1603 883 1644 924 in
1662 897 1749 939 vm,
1765 884 1867 938 530,

426 941 671 984 Vulturnum
699 960 883 999 quasque
903 947 1077 988 evertere
1098 946 1263 988 silentia
1283 947 1481 1004 Amyclae
1496 965 1510 1002 7·
1540 949 1617 990 etsi
1643 963 1696 992 ne
1717 950 1759 992 hi
1779 952 1868 1005 qui-

418 1007 512 1050 dem
533 1022 705 1063 prorsus
726 1011 886 1053 similes
907 1016 1003 1054 sunt
1031 1013 1069 1054 ei
1093 1026 1214 1066 quem
1242 1026 1268 1054 a
1288 1015 1540 1057 Terentiano
1562 1016 1707 1058 Mauro
1729 1016 1867 1059 fictum

417 1074 539 1117 docui
557 1075 612 1118 ad
630 1076 752 1119 huius
769 1077 956 1120 libellum
972 1092 1011 1133 p.
1027 1093 1123 1133 xm,
1151 1080 1263 1130 Quae
1273 1097 1365 1136 pam
1381 1082 1503 1138 Zonya
1518 1085 1732 1126 remiserat
1747 1100 1868 1126 arma

415 1158 566 1184 novare
582 1145 816 1198 parabant.
841 1145 917 1187 sed
933 1145 1128 1188 Manilius
1146 1146 1189 1187 in
1205 1161 1232 1200 1,
1254 1147 1334 1189 194
1354 1147 1519 1190 videtur
1540 1150 1759 1204 scripsisse
1780 1151 1867 1193 Nec

414 1225 507 1251 vero
527 1219 680 1251 natura
700 1211 778 1252 tibi
794 1211 1044 1254 admiranda
1065 1213 1211 1267 videri,
1228 1226 1311 1255 non
1330 1215 1408 1256 tibi
1424 1225 1595 1258 natura.
1611 1229 1748 1271 neque
1758 1206 1865 1259 'ferri

413 1279 553 1330 potest
582 1278 694 1332 apud
717 1277 866 1320 Silium
895 1279 938 1321 in
969 1294 1028 1334 111,
1047 1281 1128 1323 393
1155 1281 1218 1322 Ac
1238 1281 1438 1323 Nebrissa
1459 1283 1684 1338 Dionyse'is
1702 1286 1866 1327 conscia

413 1344 588 1399 thyrsus,-
617 1343 689 1386 ubi
719 1349 834 1388 recte
863 1346 1053 1400 Scaliger
1084 1347 1156 1389 dei
1180 1347 1360 1403 Nysaeis
1377 1381 1386 1389 .

528 1411 647 1453 1068.
679 1411 812 1454 SAXA
844 1426 958 1455 vum
989 1427 1178 1454 Prummu
1343 1428 1681 1458 coonnscmm.
1712 1417 1863 1460 Marul-

411 1477 477 1518 lus
508 1491 649 1518 vmns
668 1511 678 1521 .
714 1479 774 1521 ita
809 1478 911 1521 alibi
942 1481 1078 1522 Multa
1111 1482 1305 1524 elementa
1339 1482 1455 1524 vides
1470 1515 1480 1535 ‚
1514 1483 1702 1539 Denique
1731 1486 1863 1527 multa

409 1544 525 1586 vides
541 1575 550 1585 .
588 1559 611 1587 e
641 1546 851 1588 contrario
883 1547 1183 1603 Contemplator
1217 1550 1323 1591 enim
1338 1582 1349 1602 ,
1387 1550 1603 1605 Principio
1639 1553 1779 1593 maria
1814 1568 1863 1594 ao

410 1620 543 1654 terras
573 1613 809 1669 caelumque
839 1622 950 1656 tuere
966 1644 975 1654 .
993 1628 1015 1654 c
1028 1627 1273 1655 onnscmu:
1293 1615 1562 1658 scribendum
1583 1630 1677 1659 esse
1698 1619 1861 1661 ostendi

410 1678 518 1720 libro
539 1693 581 1732 11,
602 1680 706 1722 1061
726 1711 736 1721 .

525 1746 644 1789 1069.
693 1746 912 1789 ΘιυτιΝΕ
948 1761 1190 1788 MATERxsss
1227 1762 1440 1790 TAURINO
1471 1764 1710 1792 mnarum
1739 1766 1832 1793 UNA
1849 1785 1858 1795 .

410 1811 629 1865 Oblongus
665 1816 814 1856 aur-ino
829 1847 839 1868 ,
878 1813 1109 1869 quadratus
1146 1817 1262 1857 tauri
1285 1831 1366 1858 non
1385 1849 1393 1857 .
1431 1817 1569 1871 aptius
1599 1821 1663 1859 est
1693 1818 1861 1860 Glutine

408 1880 574 1921 taurino
613 1893 706 1921 UNo
724 1913 734 1935 ,
777 1885 822 1922 ut
856 1881 985 1936 paulo
1026 1885 1122 1935 post
1165 1883 1491 1939 Purpureusque
1533 1883 1640 1925 colos
1677 1885 1866 1942 conchyli

407 1946 595 2000 iunyitur
623 1963 704 1989 uno
726 1948 904 2004 Corpore
933 1964 1023 1990 oum
1056 1949 1176 1990 lanae
1191 1981 1202 2002 ‚
1236 1953 1276 1991 et
1296 1949 1465 1991 inversa
1484 1950 1646 1992 ratione
1667 1950 1710 1992 in
1730 1950 1859 1993 verbo

407 2012 545 2054 asstivo
575 2013 765 2069 Denique
794 2030 871 2056 ‘non
905 2031 1008 2056 auro
1037 2031 1103 2057 res
1133 2032 1282 2057 aurum
1312 2017 1475 2071 copulat
1504 2017 1614 2058 una?

522 2079 642 2122 1071.
674 2094 864 2122 TAUREA
893 2095 1085 2123 v1Nc1A.
1117 2082 1335 2124 corrector
1366 2083 1539 2136 oblongi
1570 2096 1775 2125 vman.

522 2146 641 2188 1072.
671 2161 823 2193 AQUA.
847 2147 1066 2190 Correetor
1087 2148 1283 2202 quadrati
1300 2182 1311 2203 ,
1337 2149 1571 2204 Antonius,
1593 2150 1857 2204 Brixiensis,

405 2225 580 2257 Aoum.
614 2213 702 2255 dixi
733 2215 789 2256 ad
819 2228 986 2257 versum
1020 2215 1130 2257 552.
1310 2260 1314 2265 ,

520 2280 639 2322 1076.
668 2295 931 2323 RENOVARA
963 2295 1156 2323 OPERAM
1186 2296 1299 2323 DES.
1333 2281 1464 2324 Iidem
1495 2296 1781 2326 RENOVARE.

519 2347 637 2389 1077.
668 2362 809 2388 vnnrr
839 2362 1015 2389 EmERE
1033 2380 1042 2390 .
1074 2348 1292 2402 Oblongus
1321 2350 1480 2391 eiuvere
1497 2381 1505 2390 .
1529 2353 1736 2392 corrector
1756 2363 1856 2404 qua-

404 2411 512 2454 drati
545 2417 585 2454 et
615 2414 815 2456 Marullus
846 2428 1036 2456 anunm:
1057 2447 1066 2456 .

522 2480 638 2522 1078.
671 2482 895 2526 Dmuotm
915 2495 1008 2522 NON
1033 2495 1117 2522 mes
1144 2494 1272 2522 AURo
1293 2496 1460 2523 AURUM
1488 2496 1710 2524 COPULAT
1730 2483 1855 2524 UNA?

404 2544 621 2600 Oblongus
656 2563 737 2589 non
771 2548 946 2589 omittit.
975 2548 1208 2602 quadratus
1244 2564 1347 2590 auro
1384 2565 1504 2591 arum
1522 2582 1531 2590 .
1570 2553 1681 2591 reete
1719 2550 1856 2592 Faber

402 2614 593 2670 Denique
621 2630 702 2656 ‘nort
732 2628 859 2655 Anao
889 2629 973 2655 RES
1005 2631 1154 2657 aurum
1171 2646 1180 2656 .

518 2681 638 2724 1079.
669 2680 908 2727 AERAQUE
938 2695 1131 2722 PLUMBO
1150 2714 1159 2723 .
1191 2681 1356 2736 Optime
1380 2682 1609 2725 Lambinus
1629 2682 1854 2729 Ammoni:

401 2761 491 2787 Ans
517 2748 684 2803 plumbo
702 2780 711 2789 .

517 2813 636 2856 1083.
681 2828 930 2855 PRAESTAT
959 2828 1410 2857 COMPREHENDERE.
1456 2817 1523 2858 Ita
1552 2816 1782 2870 quadratus
1813 2819 1854 2858 et

402 2880 637 2922 Avantius:
669 2881 874 2935 oblongus
903 2891 1029 2924 restat
1057 2883 1370 2938 comprendere,
1399 2896 1536 2937 neque
1566 2883 1688 2925 aliter
1715 2883 1852 2924 Italici

402 2951 442 2986 et
472 2946 701 2989 Marullus.
