2040 3328
910 244 954 288 II
1616 250 1667 291 81

189 357 534 414 hypermetrum‚
577 358 747 412 qualem
784 359 851 402 hic
888 360 1092 402 Marullus
1130 359 1298 404 efficere
1334 362 1502 415 voluit,
1538 376 1666 404 unum

175 430 354 468 ‘tantum
385 425 429 467 in
460 429 549 468 toto
581 439 712 481 opere
743 428 964 471 Lucretius
995 428 1140 484 posuit
1169 428 1213 471 in
1244 429 1353 471 libro
1384 444 1431 483 V,
1455 430 1565 485 8493
1599 431 1669 472 ubi

189 492 488 537 Wakefieldus
511 493 628 536 dedit
649 495 788 538 Malta
798 530 809 550 ,
832 496 1042 551 videmus,
1068 498 1177 540 enim
1197 498 1319 540 rebus
1336 514 1582 541 concurrere
1603 499 1669 541 de-

189 563 282 605 bent
296 595 308 618 ,
329 562 374 604 in
395 574 479 616 quo
503 566 566 604 est
587 556 705 619 ἦθος
726 564 1037 620 ineptissimum
1060 597 1069 607 .
1099 578 1153 608 ex
1175 566 1402 620 tragoedia
1423 580 1551 608 unum
1574 580 1670 621 cog-

189 630 289 673 novi
321 630 448 672 huius
478 631 650 684 generis
682 644 880 688 versum,
903 646 1028 687 quem
1061 647 1114 676 ex
1135 633 1259 676 Medo
1284 635 1462 677 Pacuvii
1493 635 1669 691 petitum

190 697 340 742 Cicero
372 699 533 741 rettulit
561 699 602 741 in
635 699 791 742 librum
822 701 1163 743 Tusculanarum
1194 716 1258 757 111,
1283 702 1364 756 26,
1398 703 1532 746 Situm
1564 704 1671 746 inter

189 768 277 810 oris
299 767 380 823 (sio
394 800 405 821 7
428 772 530 823 puto
550 783 558 810 :
580 767 679 810 libri
701 767 795 810 Situ
815 770 983 823 nitoris)
1003 770 1134 812 barba
1151 769 1336 825 paedore
1352 771 1527 812 horrida
1549 780 1671 827 atque

190 836 359 879 intdnsa
388 836 576 893 infmeac
602 845 747 892 peetus
779 837 938 880 inluvie
968 838 1162 880 scabrum
1178 870 1186 879 .
1209 838 1389 893 primum
1421 844 1562 882 autem
1594 839 1672 881 hac

191 903 371 947 duorum
417 917 617 947 versuum
663 905 706 946 in
751 919 881 947 unum
922 905 1315 960 coniungendorum
1361 911 1451 949 arte
1489 907 1671 949 Ennium

190 986 312 1016 usum
343 986 439 1015 esse
469 972 693 1029 Philippus
726 973 968 1027 Wagnerus
998 974 1054 1017 ad
1087 973 1265 1028 Vergilii
1296 975 1530 1029 georgicon
1550 991 1593 1030 11,
1617 977 1670 1018 69

190 1055 277 1084 non
299 1041 639 1084 demonstravit:
667 1055 767 1084 nam
795 1055 902 1096 quos
923 1057 1073 1086 versus
1095 1042 1302 1086 Columna
1324 1043 1461 1086 Ennio
1484 1043 1673 1099 adscrip-

191 1110 274 1166 sit,
309 1126 467 1166 maqna
498 1126 594 1152 ossa
625 1110 853 1166 lacertique
884 1115 1092 1168 dpparent
1121 1112 1328 1166 hominis,
1361 1125 1435 1154 eos
1465 1112 1671 1154 Macrobii

193 1178 460 1234 exemplaria
490 1177 535 1219 in
556 1177 724 1220 Saturn.
748 1193 804 1234 w,
832 1181 851 1220 1
884 1181 1039 1235 partim
1061 1180 1246 1222 Lucretii
1269 1180 1356 1222 alia
1378 1181 1530 1222 Lucilii
1561 1181 1671 1222 libro

191 1262 283 1289 xvn
321 1247 536 1290 tribuunt:
579 1245 655 1288 sed
688 1247 943 1302 quicumque
974 1248 1054 1291 hoc
1084 1249 1245 1304 primus
1277 1261 1407 1290 ausus
1440 1253 1528 1303 est,
1572 1262 1672 1302 quo-

191 1328 291 1358 nam
322 1315 414 1357 iure
443 1314 486 1356 id
520 1314 668 1356 fecerit
699 1315 842 1358 dicere
869 1329 954 1358 non
975 1329 1151 1372 possum
1174 1349 1182 1357 .
1205 1329 1305 1358 nam
1335 1316 1441 1358 illud
1469 1317 1513 1358 in
1536 1315 1673 1358 Iliade

191 1387 284 1438 ter,
307 1382 441 1425 semel
472 1382 516 1424 in
547 1381 783 1437 theogonia
810 1383 989 1426 Hesiodi
1020 1384 1230 1438 positum,
1263 1383 1378 1438 quod
1411 1397 1503 1426 cum
1535 1397 1673 1438 gram-

191 1451 335 1494 matici
366 1455 534 1494 veteres
567 1451 778 1493 vocabulo
802 1451 910 1494 inter
932 1451 1017 1493 duo
1039 1465 1190 1494 versus
1213 1451 1352 1494 diviso
1375 1452 1672 1506 scripsissent,

194 1518 417 1562 Bekkerus
450 1532 561 1561 nunc
592 1523 706 1562 recte
729 1519 829 1562 fecit
851 1515 1051 1576 εὐρύοπα
1075 1521 1194 1576 Ζῆν,
1227 1520 1370 1562 nullus
1392 1523 1520 1575 poe'ta
1544 1519 1673 1561 Grae-

192 1601 267 1631 cus
297 1587 488 1630 imitatus
520 1591 610 1630 est:
647 1601 787 1643 neque
819 1588 1043 1631 dramatici
1077 1588 1230 1632 Graeci
1262 1588 1440 1640 infinitis
1471 1588 1598 1640 loeis,
1631 1594 1676 1629 ut

192 1656 437 1711 Wagnerus
469 1655 599 1711 dicit,
633 1661 707 1699 aut
736 1658 975 1712 promiscue
1007 1657 1087 1699 hoc
1117 1655 1296 1699 artificio
1320 1655 1518 1698 delectati
1550 1661 1675 1710 sunt,

191 1724 269 1768 sed
305 1724 542 1781 Sophocles
579 1729 694 1767 certo
731 1725 919 1780 quodam
954 1728 1171 1781 tempore,
1210 1723 1447 1779 eodemque
1485 1728 1676 1779 tempore

192 1793 449 1850 Euripides,
492 1793 570 1836 sed
602 1793 669 1835 hic
699 1794 952 1849 parcissime
983 1807 1116 1837 usus:
1148 1806 1287 1848 neque
1318 1798 1391 1835 aut
1423 1793 1477 1835 ab
1509 1792 1574 1835 his
1606 1797 1680 1834 aut

191 1862 247 1905 ab
269 1863 531 1918 asynartetis
549 1863 703 1905 ‘Ionum
726 1866 766 1904 et
788 1863 982 1906 Aeoleon
1009 1862 1144 1905 ullum
1175 1867 1240 1905 est
1271 1866 1343 1904 aut
1373 1861 1554 1904 heroicis
1587 1875 1678 1903 ver-

192 1931 312 1974 sibus
342 1934 417 1973 aut
445 1931 644 1974 ’iambicis
675 1931 934 1974 comicorum
964 1930 1256 1987 praesidium.
1290 1930 1367 1974 sed
1399 1930 1515 1985 quod
1547 1930 1678 1971 homi-

191 2012 268 2042 nes
290 1999 405 2042 docti
427 1999 728 2056 hypermctros
750 2000 964 2056 syllabam
985 2000 1161 2054 longam
1184 1999 1402 2054 requirere
1425 1997 1678 2052 adfirmant,

193 2067 238 2111 id
269 2068 314 2111 in
347 2067 655 2111 dodecametro
679 2068 893 2125 dactylico
925 2073 966 2112 et
996 2068 1184 2111 'iambico
1217 2067 1483 2111 duodenario
1514 2066 1683 2109 verissi-

192 2151 305 2180 mum
338 2141 428 2192 cst,
460 2150 546 2179 non
575 2137 675 2180 item
696 2137 741 2180 in
762 2138 813 2181 iis
835 2136 1033 2181 versibus
1065 2136 1135 2192 qui
1167 2142 1322 2180 natura
1342 2149 1420 2180 sua
1440 2136 1484 2178 in
1506 2135 1681 2190 longam

194 2205 410 2263 syllabam
440 2219 526 2248 non
558 2206 784 2250 desinunt.
809 2207 955 2261 itaque
977 2206 1205 2249 Terentius
1232 2205 1354 2248 brevi
1385 2203 1560 2260 syllaba
1580 2216 1682 2246 usus

194 2278 259 2317 est
278 2274 320 2317 in
343 2274 558 2318 trochaico
579 2276 708 2331 pleno
727 2309 736 2329 ‚
759 2275 803 2317 in
827 2274 1031 2318 Eunucho
1053 2289 1111 2330 xv,
1138 2275 1173 2329 1,
1200 2274 1248 2316 11
1270 2307 1279 2329 ,
1313 2273 1526 2327 Adeerse,
1548 2282 1593 2315 ut
1614 2271 1681 2315 de-

195 2343 310 2386 lectet
338 2343 405 2386 hio
434 2359 509 2386 nos
531 2375 540 2384 .
568 2344 648 2386 illa
679 2344 887 2387 exclamat
917 2342 1099 2386 ‘minime
1126 2344 1314 2400 qentium
1337 2375 1348 2385 .
1371 2347 1416 2385 in
1448 2342 1682 2384 convivium

194 2411 355 2454 illam?
367 2411 488 2454 ‘miles
502 2412 668 2455 tendere
680 2412 778 2455 inde
790 2411 850 2454 ad
860 2413 1048 2469 iuryium
1062 2445 1071 2454 .
1086 2411 1280 2455 Catullus
1295 2411 1337 2453 in
1350 2410 1566 2467 Sapphico
1584 2409 1684 2452 hen-

197 2478 477 2536 decasyllabo
485 2481 662 2523 Nullum
675 2497 824 2524 amans
839 2497 946 2535 vere,
956 2480 1032 2523 sed
1042 2479 1267 2523 identidem
1279 2480 1461 2523 omnium
1477 2479 1558 2521 ilia
1573 2494 1684 2520 rum-

187 2563 308 2604 pens,
323 2547 424 2590 item
443 2547 656 2591 Gallicum
673 2550 882 2606 Rhenum,
901 2549 1102 2592 horribile
1118 2564 1293 2606 aequor,
1314 2548 1566 2604 ultimo'sque
1584 2547 1683 2588 Bri-

196 2621 344 2656 tannos
360 2647 370 2657 .
392 2620 542 2659 contra
557 2617 600 2659 in
619 2617 842 2674 Glyconeo
864 2617 1024 2672 longae
1045 2620 1208 2660 tantum
1231 2615 1429 2671 syllabae
1451 2616 1569 2658 locus
1592 2619 1655 2656 est
1673 2634 1682 2674 ;

197 2685 244 2722 ut
258 2680 374 2724 idem
391 2682 582 2728 Catullus
597 2685 698 2729 Sola
715 2687 881 2745 eoym'ta
892 2719 903 2741 ,
921 2685 997 2729 sed
1014 2687 1167 2728 marito
1184 2689 1270 2727 ista
1284 2700 1366 2726 non
1385 2683 1527 2726 eadem
1548 2684 1682 2725 licent.

197 2748 298 2791 item
327 2749 372 2792 in
394 2749 559 2795 Cretico
581 2753 807 2796 Terentius
836 2754 880 2796 in
905 2754 1073 2796 Andria
1102 2767 1159 2808 1v,
1186 2754 1223 2807 1,
1246 2754 1272 2795 9
1304 2752 1360 2794 Et
1390 2753 1543 2806 timent,
1568 2760 1604 2794 et
1625 2760 1684 2792 ca-

197 2833 289 2860 men
310 2833 378 2860 res
394 2821 550 2875 premit
570 2821 776 2877 deneqare
794 2854 802 2863 .
821 2823 887 2864 ibi
903 2830 988 2864 tum
1011 2837 1151 2864 eorum
1175 2819 1530 2876 inpudentissima
1551 2820 1685 2862 oratio

199 2894 258 2928 est
274 2917 283 2926 .
308 2885 509 2941 idemque
525 2887 570 2930 in
584 2889 781 2931 ‘iambicis
799 2889 1048 2932 acatalectis
1065 2889 1109 2930 in
1127 2888 1384 2930 Phormione
1401 2902 1444 2943 11,
1467 2888 1503 2939 1,
1521 2887 1576 2930 63
1603 2888 1685 2929 Ne-

198 2970 277 3011 que
293 2956 504 2998 testimoni
517 2955 644 2999 dictio
661 2965 720 2999 est
736 2989 745 2998 .
769 2958 884 3000 mitto
900 2959 1041 3001 omnia
1058 2990 1066 2999 .
1086 2956 1198 2999 addo
1215 2957 1324 2999 ›z'stzzc
1340 2989 1349 3011 ,
1374 2956 1619 3014 imprudens
1641 2957 1687 2998 cz·-

197 3023 302 3066 muit
322 3022 569 3066 adulescens
587 3056 596 3066 .
613 3026 705 3067 sino
721 3058 732 3079 ,
755 3029 797 3067 et
816 3025 1012 3068 similiter
1030 3025 1076 3067 in
1099 3025 1307 3080 Adelphis
1329 3040 1372 3080 11,
1391 3025 1429 3080 2,
1448 3026 1474 3068 9
1496 3040 1555 3081 111,
1573 3026 1613 3081 3,
1632 3025 1684 3067 21

1346 3094 1371 3137 6
