2040 3328
930 213 967 256 V
1609 212 1693 256 343

208 326 528 386 interpretatur)
560 317 821 382 coniungere
852 330 894 371 et
922 327 988 370 bis
1018 326 1142 370 binos
1174 339 1321 370 currus
1350 327 1413 381 (id
1436 331 1501 370 est
1521 326 1692 382 quadri—

207 399 333 453 iugos
351 429 362 452 ,
392 395 550 452 inquit)
586 395 846 451 coniungere
866 411 876 438 ε
904 409 1052 439 currus
1089 399 1230 439 autem
1266 395 1482 450 quomodo
1518 396 1692 439 coniun-

207 470 334 522 gatur
363 477 451 508 non
481 463 633 507 docet.
657 460 829 508 curnem
858 465 1044 507 iunctum
1066 477 1151 506 non
1183 463 1363 518 ignoro,
1386 464 1548 507 scilicet
1574 466 1693 521 equis

207 536 394 582 iunctum
410 565 422 588 ,
444 537 486 576 et
515 532 604 576 scio
637 533 767 590 tiyres
797 533 950 575 currui
973 532 1225 588 subiunyere
1255 531 1456 587 Daphnin
1485 532 1693 587 Vergilia-

208 615 308 645 num
330 601 596 656 instituisse,
617 613 759 656 neque
779 600 974 643 Handius
995 598 1052 642 ad
1080 598 1293 642 diatriben
1313 599 1521 643 Gronovii
1542 615 1557 641 1
1578 615 1619 656 p.
1637 601 1692 644 98

206 669 406 714 dubitare
438 668 587 713 debuit
615 669 718 724 quin
738 667 942 711 Manilius
970 667 1016 710 in
1046 681 1103 723 ιν,
1120 666 1199 710 231
1235 666 1387 710 eodem
1418 667 1589 711 dicendi
1621 682 1692 724 ge-

204 751 308 782 nere
336 751 439 781 usus
469 737 553 781 sit:
573 736 653 780 sed
683 735 1006 792 ‘coniunquncur
1042 734 1128 778 duo
1166 735 1347 790 currus',
1371 741 1415 778 ut
1445 742 1558 780 recte
1589 736 1692 780 dicit

203 805 400 860 Scaliger
435 804 493 848 ad
538 817 708 848 versum
744 803 909 846 Manilii
946 817 986 860 p.
1005 803 1086 846 291
1111 835 1120 844 .
1150 802 1387 858 Forbigero
1433 809 1577 848 tamen
1614 805 1692 847 illa

204 874 401 930 quamvis
432 869 622 917 absurda
642 871 842 916 videntur
871 877 1013 915 recta.
1037 869 1311 916 Eichstadius
1341 873 1385 916 in
1413 872 1554 917 indice
1584 874 1691 916 biiu-

200 958 302 1000 qum
329 942 462 1022 prinas
498 950 558 985 est
577 974 588 997 ‚
619 945 723 997 puto
764 944 914 983 neutro
958 952 1119 995 genere
1141 972 1151 981 .
1183 941 1422 985 rectissime
1458 941 1599 985 Faber
1634 943 1692 985 Et

201 1023 406 1053 annuos
423 1042 434 1053 .

321 1078 445 1122 1301.
474 1091 714 1120 ARMATUM
733 1091 1025 1119 fiscannium
1047 1090 1241 1119 cunnus
1259 1108 1270 1120 .
1293 1076 1364 1120 Sic
1384 1081 1563 1134 uterque
1584 1078 1690 1122 Vos-

205 1146 380 1200 sianus,
403 1145 482 1190 sed
503 1150 765 1189 correctores
787 1145 980 1189 fecerunt
1007 1145 1232 1189 ascendere
1247 1161 1260 1188 .-
1280 1157 1419 1201 neque
1450 1146 1562 1189 fallit
1582 1147 1689 1190 Gro-

200 1214 355 1258 novius
384 1213 442 1258 ad
468 1213 639 1258 Livium
669 1228 715 1269 11,
732 1213 814 1269 28,
837 1218 884 1257 ut
914 1213 1084 1258 videtur
1106 1213 1405 1269 WakefieldO,
1428 1214 1505 1257 sed
1530 1215 1690 1258 Havet-

200 1294 376 1339 campus
394 1314 406 1326 .
426 1286 542 1326 errat
571 1287 715 1326 tamen
737 1281 982 1326 Gronovius
998 1316 1008 1333 ‚
1031 1296 1127 1325 cum
1158 1295 1211 1325 ex
1242 1283 1453 1326 Vossiano
1485 1282 1687 1339 (quadra-

199 1355 288 1394 tum
318 1349 441 1407 dicit)
471 1352 682 1394 inventum
713 1349 882 1407 adfert,
904 1350 1020 1406 quod
1051 1354 1118 1394 est
1147 1364 1175 1394 a
1204 1350 1389 1394 Marullo
1406 1383 1416 1394 .

318 1419 440 1463 1302.
472 1419 596 1462 Isnn
639 1433 795 1461 novas
832 1434 912 1462 cns
951 1433 1168 1463 'runnu-o
1207 1433 1434 1462 CORPORE
1473 1434 1658 1462 TETROS
1676 1453 1686 1463 .

199 1489 338 1531 Boves
373 1501 530 1529 nuens
566 1492 779 1531 corrector
813 1488 1014 1544 quadrati
1059 1493 1101 1532 et
1136 1488 1234 1531 Itali
1257 1518 1268 1530 .
1300 1488 1377 1531 sed
1413 1488 1687 1531 scribendum

200 1559 265 1599 est
294 1569 514 1598 run-rus
532 1588 542 1598 .
563 1555 628 1599 sic
661 1555 777 1599 infra
812 1557 931 1600 boves
967 1557 1086 1600 lucae
1103 1557 1233 1614 ferro
1262 1557 1373 1599 male
1402 1566 1591 1600 mactae.-
1612 1558 1689 1600 ita-

199 1637 282 1680 quc
312 1624 449 1667 Varro
487 1623 553 1667 bis
589 1622 645 1667 de
681 1623 830 1679 lingua
859 1625 1016 1668 Latina
1047 1639 1106 1666 vn
1135 1639 1176 1681 p.
1194 1624 1278 1668 325
1299 1625 1411 1680 326,
1433 1641 1509 1667 cur
1544 1626 1606 1667 ica
1634 1627 1690 1668 sit

199 1692 314 1736 dicta
327 1725 340 1748 ‚
361 1693 406 1736 si
429 1693 482 1735 ab
503 1692 644 1750 Libya
674 1692 811 1736 dicme
837 1703 971 1737 essent
1003 1693 1121 1736 lucae
1138 1709 1153 1748 ,·
1173 1692 1290 1748 apud
1312 1705 1439 1748 quem
1461 1706 1545 1735 non
1568 1693 1688 1736 vide-

198 1765 266 1804 tur
283 1759 506 1815 ferendum
522 1773 619 1804 esse
633 1774 675 1817 p.
692 1761 775 1804 327
794 1761 908 1819 quod
927 1762 1048 1818 Zonye
1067 1761 1306 1804 relucebant
1316 1770 1491 1818 propter
1513 1762 1686 1805 inaura-

198 1838 260 1873 tos
288 1829 426 1886 reyios
456 1829 623 1886 clupeos
638 1862 650 1884 ,
672 1830 824 1886 quibus
862 1846 1003 1873 eorum
1041 1838 1128 1872 tum
1167 1838 1341 1873 ornatae
1371 1838 1491 1872 erant
1521 1838 1658 1873 turres
1675 1847 1688 1873 .·

200 1897 330 1941 immo
345 1900 422 1940 aut
437 1913 583 1940 earum
605 1901 679 1940 aut
694 1898 971 1954 elefantorum
988 1929 998 1940 .
1020 1910 1159 1952 neque
1175 1898 1245 1940 bos
1266 1898 1409 1940 Lucas
1430 1897 1586 1940 dicitur
1603 1899 1687 1942 nisi

197 1965 450 2010 aSalmasio
467 1965 514 2008 in
532 1965 912 2009 exercitationibus
928 1965 1063 2022 p.218
1081 1999 1091 2021 ,
1114 1965 1191 2009 sed
1209 1966 1306 2009 luca
1325 1967 1396 2009 bos
1411 1999 1422 2020 ,
1445 1970 1487 2008 et
1504 1966 1688 2011 fortasse

198 2035 318 2078 lucus
338 2035 410 2078 bos
429 2031 670 2077 veleamus
685 2049 699 2076 .·
721 2034 783 2077 sic
799 2038 914 2077 certe
934 2033 1070 2077 Varro
1091 2050 1224 2091 neque
1246 2035 1344 2077 ursi
1355 2036 1498 2091 potius
1519 2035 1693 2079 Lucani

197 2119 325 2160 quam
340 2102 432 2146 luci
442 2134 454 2156 ,
477 2101 642 2145 scilicet
661 2101 928 2157 dicerentur,
951 2102 989 2145 si
1006 2102 1130 2145 lucae
1147 2101 1282 2146 boves
1303 2107 1447 2146 essent
1463 2103 1686 2148 Lucanae.

317 2171 439 2215 1307.
470 2184 643 2212 sumas
681 2184 1019 2213 rnnaomnns.
1053 2169 1153 2213 Itali
1191 2175 1249 2214 et‘
1270 2170 1478 2214 Marullus
1515 2185 1685 2213 annm.

315 2239 437 2282 1315.
469 2239 782 2282 'ramur-mis
832 2253 1050 2282 cAPrrUu
1106 2252 1412 2286 Quisnam-15
1462 2254 1686 2287 mmmm:

197 2321 403 2350 cmsus
420 2342 430 2352 .
451 2306 689 2363 quadratus
718 2309 976 2365 quatientes.
999 2320 1149 2351 versus
1180 2312 1245 2351 est
1264 2321 1349 2351 uno
1371 2307 1582 2351 vocabulo
1612 2307 1687 2350 mi-

195 2388 277 2420 nus
296 2376 607 2432 Lucretianus,
630 2375 707 2420 sed
739 2389 793 2420 ex
823 2376 933 2419 libro
964 2391 1007 2430 11,
1027 2376 1110 2419 632
1140 2374 1223 2419 huc
1248 2376 1394 2432 inepte
1423 2376 1658 2419 translatus
1675 2409 1685 2418 .

194 2444 304 2488 vidit
330 2444 410 2488 hoc
431 2443 601 2488 Faber:
623 2443 778 2501 ‘neque
807 2445 921 2488 enim
943 2444 1070 2487 facile
1100 2443 1370 2488 crediderim’
1405 2445 1542 2500 inquit
1572 2445 1685 2488 ‘cris-

195 2516 262 2556 tas
283 2512 498 2570 capitibus
529 2513 700 2556 leonum
727 2514 934 2557 annexas’
955 2546 964 2556 .
986 2518 1031 2556 at
1052 2512 1347 2557 Wakefieldus
1379 2514 1530 2556 cristas
1561 2514 1686 2557 inter-

195 2584 387 2636 pretatur
422 2580 614 2625 ‘villosas
649 2583 773 2625 iubas
811 2582 1094 2637 hirsutaeque’
1118 2615 1128 2633 ‚
1160 2590 1287 2638 caput
1323 2586 1465 2624 autem
1505 2582 1685 2625 cervices

195 2661 292 2691 esse
313 2663 324 2704 ;
354 2648 508 2704 quibus
548 2649 784 2694 succlamat
818 2649 1056 2705 ‘eleganter
1092 2653 1135 2693 et
1171 2649 1410 2704 magnifice'
1434 2682 1442 2691 .
1477 2648 1685 2702 Forbiger

195 2716 302 2759 haec
332 2716 478 2759 omnia
506 2716 614 2760 nihil
645 2730 798 2761 curans
829 2722 972 2762 tacet.

314 2784 438 2827 1319.
469 2797 565 2826 ona
613 2799 870 2828 ursum:
898 2818 909 2829 .
945 2785 1156 2828 Marullus
1205 2797 1463 2826 Pn’rnnAsr
1486 2817 1496 2827 .
1534 2796 1684 2827 versus

194 2856 294 2895 ante
325 2850 438 2894 hunc
468 2852 688 2907 proximus
729 2857 795 2896 est
830 2853 948 2908 apud
981 2853 1168 2896 Nonium
1198 2866 1240 2908 p.
1262 2852 1354 2907 134,
1372 2853 1398 2895 8
1418 2884 1427 2894 .
1450 2851 1493 2893 iu
1524 2864 1575 2894 eo
1609 2851 1682 2907 qui

194 2919 307 2964 hunc
341 2919 535 2975 sequitur
572 2919 835 2978 deripiebant
871 2919 1085 2976 oblongus
1106 2952 1117 2976 ,
1150 2919 1383 2976 quadratus
1424 2919 1539 2963 male
1576 2918 1682 2964 dir-i-

186 2987 362 3046 piebant
377 3019 388 3032 .
