2040 3328
404 223 459 265 56
1120 224 1140 264 Ι

406 347 487 388 quo
509 334 599 376 iure
629 335 874 389 scripserint
905 335 948 376 in
978 334 1043 375 his
1073 334 1264 376 versibus
1293 335 1456 390 librarii
1486 339 1710 382 animantis
1738 345 1850 383 recto

406 414 527 455 casu;
550 402 603 443 de
624 413 707 455 qua
727 414 794 454 re,
819 404 918 455 post
938 401 1195 454 Varronem,
1217 415 1343 443 unum
1365 403 1434 456 qui
1456 403 1678 458 diligenter
1700 406 1853 450 dixerit

405 468 586 520 cognovi
622 468 859 522 Philippum
891 467 1147 520 Wagnerum
1186 467 1230 508 in
1265 468 1566 524 orthographia
1605 473 1852 527 Vergiliana

404 548 444 588 p.
467 534 549 576 405
564 567 575 587 ,
606 547 860 588 quamquam
892 546 946 575 ne
972 533 1039 574 hie
1059 532 1228 586 quidem
1249 546 1271 575 e
1292 534 1480 578 Mediceo
1501 537 1676 591 Vergilii
1708 540 1851 583 codiee

406 601 510 642 nihil
531 600 839 655 praetermisit,
862 603 908 641 ut
929 601 1062 655 turpis
1084 612 1230 654 georg.
1252 615 1312 654 JV,
1335 601 1415 655 96,
1443 606 1580 658 scynis
1603 605 1700 662 198,
1731 609 1854 649 sortis

406 669 508 709 Aen.
527 682 597 721 vn,
619 668 712 722 269,
736 667 866 709 omnis
883 681 954 720 vn,
977 666 1058 709 625
1074 681 1129 721 xi,
1152 667 1246 721 362,
1265 669 1400 723 yemis
1415 682 1472 723 ιΧ,
1499 670 1574 712 131
1593 703 1603 713 .
1624 672 1670 714 in
1685 686 1718 715 s.
1742 686 1776 715 c.
1799 673 1853 715 de

407 733 669 776 Genuatibus
685 734 818 789 fineis
838 733 864 774 2
885 733 911 775 6
929 765 938 788 ,
957 734 1067 789 fluis
1087 734 1137 775 13
1156 765 1164 774 .
1186 734 1228 774 in
1249 734 1344 787 lege
1366 734 1549 778 Servilia
1569 751 1609 791 p.
1633 739 1686 780 93
1707 741 1852 782 ceiveis

405 801 611 842 Romanei
622 801 748 842 iustei
759 809 876 842 sunto
891 834 900 842 .
922 800 967 840 in
983 800 1190 854 Propertii
1205 814 1247 854 11,
1265 802 1302 855 9,
1320 801 1372 843 27
1376 802 1533 857 flentis,
1551 817 1610 859 111,
1628 805 1694 860 31,
1712 806 1737 848 8
1753 807 1852 848 arti-

390 868 510 922 ficis,
533 881 570 919 v,
589 868 626 921 9,
644 867 669 908 8
686 867 910 908 Incolumis
926 883 940 920 ,·
960 866 1029 908 ubi
1046 867 1343 920 Hertzbergius
1359 881 1399 922 p.
1418 869 1497 910 211
1516 870 1624 913 alios
1639 872 1854 914 attendere

405 933 539 984 iubet,
562 934 653 988 ipse
674 933 778 974 nihil
799 934 898 975 novi
923 937 995 975 aut
1015 933 1103 975 veri
1125 933 1287 975 adfert.
1310 935 1353 976 in
1376 935 1580 978 Martialis
1601 951 1661 992 vl,
1683 938 1734 980 61
1757 938 1853 980 libri

405 1013 548 1042 omnes
565 1001 712 1055 Illeque
733 1001 850 1042 sinus
871 1001 1012 1052 omnis,
1034 1015 1096 1041 me
1115 1016 1263 1042 manus
1282 1002 1413 1042 omnis
1433 1002 1550 1044 habet
1563 1019 1578 1056 ,·
1598 1004 1669 1046 ubi
1685 1004 1853 1046 Schnei-

404 1067 615 1109 dawinum
630 1080 714 1108 non
730 1066 928 1119 intellego
946 1098 955 1107 .
977 1066 1150 1108 vetantis
1164 1068 1305 1122 panni
1315 1067 1358 1108 in
1374 1067 1588 1112 Iuvenalis
1609 1073 1754 1112 satura
1767 1085 1852 1126 x1v,

406 1135 489 1176 300
525 1133 783 1174 Pithoeanus
802 1164 811 1175 .
840 1133 1037 1174 Plautina
1072 1132 1266 1186 exempla
1306 1134 1583 1188 expendenda
1617 1136 1853 1191 relinquam

404 1199 619 1242 Friderico
642 1198 867 1242 Ritsehelio
884 1231 893 1240 .
916 1198 991 1241 sed
1013 1199 1056 1240 in
1078 1199 1278 1241 Varronis
1301 1199 1353 1242 de
1374 1201 1520 1254 lingua
1541 1203 1692 1245 Latina
1711 1203 1852 1259 libris,

404 1267 476 1320 qui
494 1267 537 1308 in
556 1281 631 1307 vm
651 1279 691 1320 p.
707 1265 792 1308 440
806 1265 932 1319 volgo
955 1267 1045 1308 sine
1066 1264 1393 1320 reprehensione
1414 1272 1455 1310 et
1474 1269 1549 1311 hae
1562 1271 1719 1326 puppis
1734 1271 1855 1312 restis

405 1338 446 1376 et
462 1335 538 1376 hae
550 1349 712 1390 puppes
728 1342 853 1375 restes
871 1332 953 1374 diei
969 1336 1143 1374 testatur
1160 1365 1170 1387 ,
1191 1332 1295 1374 haec
1311 1333 1533 1377 observavi
1550 1335 1856 1380 huius-formae

404 1401 599 1455 exempla
629 1413 655 1441 a
676 1400 980 1453 Lagomarsino
1002 1401 1161 1454 relata,
1194 1412 1286 1441 cum
1312 1413 1394 1453 quo
1416 1400 1464 1444 O.
1486 1401 1652 1444 Mulieri
1681 1403 1856 1446 indiculi

403 1482 443 1522 p.
461 1468 486 1509 3
504 1471 544 1509 et
568 1467 648 1510 190
670 1471 710 1508 et
730 1467 810 1509 331
833 1479 917 1508 non
938 1467 1107 1508 omnino
1129 1467 1377 1511 concinunt.
1399 1467 1505 1509 libro
1526 1481 1553 1507 v
1573 1482 1614 1523 p.
1639 1470 1707 1524 16,
1729 1470 1755 1512 3
1775 1485 1856 1512 non

403 1534 624 1576 ‘mediocris
640 1534 837 1588 tenebrae,
855 1546 895 1587 p.
913 1534 979 1588 31,
1002 1536 1027 1575 2
1045 1550 1114 1575 eae
1125 1536 1279 1589 partis,
1297 1548 1338 1588 p.
1355 1534 1421 1588 62,
1447 1535 1467 1574 1
1491 1543 1682 1590 quattuor
1697 1552 1856 1592 quoque

394 1602 536 1656 partis
553 1602 667 1642 urbis
682 1602 700 1655 (
710 1601 774 1642 Sic
786 1601 1092 1655 Florentinus),
1115 1614 1156 1655 p.
1176 1601 1267 1654 120,
1289 1601 1317 1642 4
1331 1601 1516 1643 umbonis
1530 1618 1556 1643 a
1572 1601 1730 1645 Graeco
1746 1602 1858 1659 quod

403 1669 599 1721 ambonis,
622 1668 664 1709 in
686 1682 762 1708 vm
781 1681 822 1722 p.
839 1667 934 1721 441,
955 1668 979 1710 8
1000 1669 1083 1709 sint
1098 1668 1328 1723 dispariles,
1350 1668 1394 1708 in
1410 1682 1453 1708 1x
1473 1681 1513 1722 p.
1531 1668 1626 1724 479,
1643 1669 1669 1711 5
1686 1669 1798 1725 quod
1811 1678 1856 1711 ut

404 1751 454 1776 esc
464 1736 575 1776 natis
586 1744 813 1777 nascuntur
828 1735 948 1777 lentis
951 1735 1058 1790 ficei
1062 1735 1344 1787 (Florentinus
1359 1736 1419 1776 sic
1429 1735 1483 1788 et)
1492 1735 1692 1790 lupinum,
1708 1735 1853 1790 p.517,

405 1803 424 1842 1
434 1802 559 1857 finiti
574 1817 695 1843 casus
716 1803 864 1854 omnis,
888 1815 928 1855 p.
947 1802 1042 1854 526,
1063 1801 1090 1843 5
1111 1802 1154 1842 si
1168 1802 1344 1855 natione,
1366 1818 1469 1844 sexu
1489 1802 1535 1856 (u
1556 1801 1739 1856 addidi),
1752 1818 1854 1858 pro-

402 1877 568 1910 creante
584 1868 815 1921 dissimilis,
837 1868 878 1910 in
894 1882 921 1907 x
937 1881 978 1922 p.
995 1867 1077 1911 583
1095 1867 1290 1924 deqenere
1305 1869 1429 1910 multi
1439 1877 1621 1922 utuntur,
1642 1884 1721 1911 non
1737 1869 1854 1911 modo

396 1942 552 1990 poetae,
575 1935 649 1977 sed
668 1936 788 1977 etiam
805 1935 996 1990 plerique
1017 1936 1147 1976 omnis
1168 1935 1245 1989 qui
1256 1935 1390 1976 soluta
1406 1937 1588 1977 oratione
1604 1935 1854 1991 loquuntur:

402 2003 499 2043 haec
525 2003 662 2057 primo
692 2001 776 2055 (ita
796 2001 901 2042 haec
921 2000 1153 2043 traicienda
1173 2001 1292 2055 sunt)
1323 2001 1510 2044 dicebant
1530 2006 1607 2044 ete.
1634 2015 1686 2043 ex
1706 2002 1855 2044 eodem

401 2069 592 2110 Varrone
605 2069 767 2111 Nonius
783 2082 822 2123 p.
834 2067 900 2121 91,
917 2067 945 2108 4
961 2068 1162 2123 aquatilis
1174 2068 1466 2124 querquetulae
1478 2076 1676 2122 natantes,
1693 2082 1733 2123 p.
1750 2069 1814 2123 77,
1827 2069 1854 2111 5

401 2134 542 2176 laudis
559 2144 676 2176 erant
693 2136 912 2188 maiorum,
930 2134 1047 2188 p.94,
1065 2135 1119 2176 23
1134 2135 1442 2177 consuetudinis
1454 2136 1649 2191 puerilis,
1666 2149 1707 2190 p.
1721 2135 1811 2190 154,
1828 2136 1853 2178 8

400 2202 578 2244 innubae
580 2202 696 2256 flunt
711 2203 946 2255 communis,
965 2215 1005 2256 p.
1026 2202 1117 2255 167,
1136 2202 1161 2243 8
1173 2202 1369 2257 pudentis
1394 2202 1541 2244 Vixere
1557 2201 1624 2256 (en
1634 2203 1850 2258 patriam),

400 2282 440 2322 p.
453 2268 547 2322 236,
561 2269 611 2310 27
625 2270 797 2311 minoris
809 2277 921 2322 natu,
938 2282 978 2322 p.
995 2268 1088 2322 356,
1111 2269 1160 2310 16
1175 2269 1437 2322 clamitantis,
1455 2282 1495 2323 p.
1507 2268 1601 2322 428,
1615 2267 1670 2309 24
1685 2268 1852 2310 annalis

400 2349 439 2389 p.
456 2335 551 2390 494,
577 2336 625 2378 17
650 2335 924 2378 adulescentis
942 2367 951 2376 .
976 2335 1018 2376 in
1040 2335 1227 2378 eiusdem
1248 2348 1385 2377 rerum
1406 2335 1654 2377 rusticarum
1676 2333 1783 2376 libro
1806 2349 1849 2390 11,
1878 2386 1881 2388 q

399 2401 438 2455 5,
453 2403 478 2444 9
489 2404 631 2456 maris,
651 2403 688 2456 7,
709 2404 756 2443 11
766 2403 1022 2458 praeynatis,
1034 2416 1092 2457 111,
1109 2403 1148 2456 5,
1166 2404 1185 2443 1
1195 2404 1380 2459 pinquis,
1394 2402 1433 2457 5,
1450 2403 1499 2444 13
1512 2403 1602 2444 avis
1615 2433 1624 2442 .
1642 2401 1746 2443 haee
1759 2413 1851 2443 eum

400 2468 731 2510 considerassem
752 2501 760 2522 ,
790 2482 875 2510 non
896 2468 1086 2512 dubitavi
1107 2469 1443 2511 membranarum
1463 2469 1544 2511 fide
1574 2468 1661 2523 uti,
1692 2467 1764 2509 ubi
1791 2469 1851 2510 in-

399 2539 462 2577 ter
492 2548 538 2577 se
569 2535 877 2578 consentirent.
904 2535 1031 2578 habet
1051 2540 1189 2578 autem
1211 2539 1384 2589 uterque
1406 2535 1539 2577 codex
1566 2535 1633 2577 hic
1662 2536 1851 2577 animan„

400 2603 464 2655 tis,
487 2616 530 2656 11,
554 2602 634 2644 577
652 2603 832 2655 visentis,
859 2602 940 2645 955
959 2603 1110 2656 vitalis,
1132 2603 1239 2645 1155
1250 2603 1502 2658 planqentis,
1521 2616 1576 2657 1v,
1593 2602 1674 2645 397
1691 2603 1850 2655 montis,

398 2668 481 2711 452
503 2669 683 2724 duplicis
691 2701 702 2722 ,
729 2668 836 2710 1203
858 2669 1035 2721 aventis,
1061 2669 1164 2711 1221
1181 2671 1389 2725 parentis,
1411 2683 1456 2722 V,
1478 2669 1560 2711 216
1582 2669 1747 2722 imbris,
1767 2668 1852 2711 494

390 2736 543 2790 partis,
559 2735 640 2778 525
653 2736 875 2791 pascentis,
894 2735 1002 2777 1072
1018 2736 1063 2776 F
1059 2736 1242 2790 toranus,
1261 2750 1315 2789 vr,
1333 2736 1414 2778 936
1430 2737 1578 2778 omnis.
1595 2736 1638 2776 in
1656 2735 1850 2778 dissensu

398 2806 536 2843 tamen
560 2802 750 2844 codicum
772 2806 938 2845 secutus
960 2815 1051 2844 sum
1073 2815 1167 2845 eum
1187 2804 1259 2856 qui
1284 2803 1501 2855 vulgarem
1523 2802 1702 2844 formam
1729 2814 1848 2856 prae-

399 2868 534 2909 beret.
554 2867 761 2922 oblongus
778 2884 804 2924 1,
827 2870 877 2910 12
893 2869 1084 2923 volucris,
1106 2870 1212 2912 1034
1230 2871 1413 2923 labentis,
1431 2884 1469 2920 V,
1491 2870 1597 2912 1315
1614 2869 1849 2924 quatientis,

397 2948 456 2987 vl,
478 2934 557 2975 471
581 2937 720 2988 vestis,
744 2937 823 2977 671
842 2937 1106 2991 tempestatis,
1130 2937 1207 2978 747
1226 2938 1391 2990 montis,
1414 2936 1495 2978 833
1511 2936 1687 2977 volantis
1704 2966 1712 2976 .
1734 2933 1846 2976 idem
