2040 3328
410 234 464 275 58
1124 232 1146 273 I

413 349 534 386 tenus
555 347 694 386 tamen
722 343 898 397 rectius,
923 342 1036 397 quod
1058 351 1094 383 et
1123 355 1198 397 pro
1230 344 1350 384 etiam
1374 344 1551 390 Lucretii
1577 343 1755 385 orationi
1773 357 1859 385 non

411 411 546 465 magis
568 411 762 453 convenit
782 423 904 464 quam
925 426 997 451 nec
1017 422 1095 463 pro
1125 425 1174 450 ne
1205 409 1366 464 quidem
1384 441 1393 463 ,
1415 422 1550 463 neque
1576 411 1614 452 ei
1635 411 1707 464 qui
1723 411 1864 466 patrii

413 479 610 520 sermonis
641 486 852 534 egestatem
883 477 1048 518 incusat
1067 476 1213 530 (utitur
1244 475 1332 516 eius
1349 476 1487 518 verbis
1509 477 1668 518 Plinius
1689 477 1732 518 in
1751 477 1858 530 epis-

412 545 591 586 tularum
622 559 663 584 1v
682 576 691 596 ,
717 544 786 596 18)
815 542 977 596 antiqui
1014 542 1219 584 sermonis
1257 541 1373 583 licuit
1408 542 1568 584 violare
1600 543 1830 585 castitatem
1847 574 1857 584 .

413 612 556 665 itaque
578 610 761 652 dubitari
781 623 866 651 non
886 613 1024 663 potest
1049 609 1147 662 quin
1176 608 1340 650 dederit
1361 609 1484 650 Nunc
1505 623 1558 650 ur
1579 609 1859 664 „4naoea90rae

413 687 641 719 scrutemur
661 677 1012 729 homoeomeriam
1034 688 1126 716 eum
1147 675 1296 729 quibus
1318 676 1361 716 in
1384 675 1612 730 proximis,
1635 687 1743 728 quae
1764 675 1856 718 libri

415 746 476 798 ita
507 745 663 798 scripta
693 743 916 796 exhibent,

525 810 619 852 834.
651 811 914 852 PRINCIPIO
933 842 942 863 ,
961 823 1127 850 RERUM
1143 823 1275 854 QUAM
1290 823 1425 849 D101⁷r
1442 822 1859 863 flomossoMmuAN,

414 877 569 932 optime
599 877 683 918 coit
711 877 815 918 illud
846 877 1063 931 Principio
1078 909 1088 929 ,
1109 877 1174 918 cui
1207 876 1438 917 subiectum
1469 879 1532 916 est
1561 874 1640 916 847
1669 875 1792 917 Adde
1821 879 1862 917 et

413 944 493 986 859
524 944 748 985 Praeterea
763 976 772 996 ,
804 957 887 984 non
917 943 1113 984 convenit
1143 943 1404 997 Principium
1434 957 1571 983 rerum
1586 974 1597 995 ‚
1619 941 1732 994 quod
1763 941 1862 984 fecit

414 1010 640 1052 Lambinus
659 1042 668 1051 .
687 1010 788 1063 quid
810 1009 923 1062 quod
945 1010 1005 1050 ita
1025 1022 1078 1050 ne
1099 1009 1204 1050 dixit
1226 1008 1395 1062 quidem
1415 1020 1593 1061 usquam
1615 1009 1832 1051 Lucretius
1849 1040 1859 1062 ,

414 1077 489 1119 sed
509 1093 647 1118 rerum
665 1078 880 1132 principia
896 1091 922 1129 1,
947 1076 1023 1117 741
1047 1075 1150 1117 1047
1174 1089 1217 1127 11,
1241 1075 1348 1117 789:
1371 1087 1448 1116 nec
1477 1073 1557 1115 dici
1578 1078 1717 1128 potest
1735 1088 1862 1128 quam

413 1146 570 1198 ignave
600 1144 660 1185 ita
689 1144 755 1185 hic
785 1156 932 1185 versus
962 1155 1054 1184 cum
1084 1142 1292 1195 prioribus
1322 1153 1506 1182 conexus
1535 1141 1614 1182 sit.
1636 1153 1737 1194 ergo
1768 1154 1862 1183 con-

415 1210 631 1264 iungenda
660 1210 764 1251 haec
793 1214 891 1251 sunt
921 1223 1013 1250 cum
1044 1209 1096 1249 iis
1127 1221 1235 1262 quae
1272 1211 1492 1262 secuntur,
1520 1207 1599 1249 hoc
1627 1207 1752 1249 modo
1770 1240 1779 1249 .
1799 1223 1861 1250 re·

414 1295 507 1319 rum
538 1291 671 1323 QUOM
701 1276 802 1318 dicit
830 1277 1151 1318 homoeomerian
1166 1307 1177 1328 ‚

526 1344 620 1386 835.
658 1343 783 1386 OSSA
815 1357 1077 1383 VIDELICET
1107 1356 1167 1382 DE
1187 1355 1447 1382 PAth1LL1s
1478 1355 1641 1387 ATQUE
1661 1355 1861 1382 munus

415 1412 622 1454 Ossmus
653 1425 732 1450 mc
763 1424 818 1450 ET
849 1424 909 1450 DE
939 1423 1202 1450 PAUXILLIS
1233 1422 1392 1453 ATQUE
1421 1422 1619 1448 Mmuris
1639 1409 1862 1449 1718οΕ111-

414 1494 437 1518 13
451 1494 477 1519 u
491 1491 510 1520 s
550 1493 720 1521 v1scus
763 1492 900 1517 ciem
918 1509 925 1517 .
959 1477 1118 1527 Quibus
1155 1475 1355 1516 subicitur
1383 1483 1506 1530 putat
1520 1507 1531 1528 ,
1562 1487 1696 1528 neque
1733 1475 1776 1515 in
1811 1475 1863 1516 iis

415 1546 636 1599 quicquam
675 1545 765 1587 vitii
805 1547 867 1586 cst
893 1576 902 1597 ,
941 1544 1022 1584 nisi
1055 1542 1167 1596 quod
1208 1555 1298 1583 cum
1330 1540 1507 1582 Marullo
1543 1541 1670 1583 scribi
1705 1544 1867 1596 oportet

415 1613 524 1655 Ossa
553 1613 742 1654 videlicet
761 1626 785 1651 Ε
811 1611 1022 1666 pauxillis
1040 1642 1048 1651 .
1070 1622 1167 1651 nam
1189 1608 1362 1651 Ossibus
1382 1609 1442 1649 sic
1463 1617 1499 1650 ec
1526 1608 1639 1650 unde
1659 1607 1865 1649 Antonius

418 1680 540 1721 Marii
564 1684 605 1721 et
626 1680 816 1721 codicum
837 1677 936 1719 olim
958 1677 1256 1731 impressorum
1283 1679 1473 1717 auctores
1504 1675 1755 1729 sumpserint
1774 1687 1866 1716 nes-

416 1747 479 1788 cio
503 1762 511 1788 :
540 1747 616 1789 scd
647 1760 699 1788 ne
730 1744 910 1786 Marullo
942 1743 1112 1797 quidem
1142 1755 1244 1784 vcra
1273 1741 1480 1796 scriptura
1509 1741 1770 1794 innotuerat,
1796 1741 1865 1794 qui

415 1814 516 1854 fecit
545 1815 717 1856 Ossibus
747 1821 782 1854 et
812 1813 871 1853 sic
902 1810 951 1852 (Ze
968 1843 976 1851 .

529 1881 623 1923 837.
670 1891 996 1922 SANGUEMQUE
1034 1889 1210 1916 cuniam
1233 1907 1241 1916 .
1274 1877 1338 1916 Ita
1374 1874 1610 1927 oblongus:
1638 1873 1865 1927 quadratus

416 1940 653 2004 sanquis-lue
668 1979 678 1989 .
696 1958 1015 1990 SANGUENQUE
1032 1943 1150 1994 Itali,
1169 1941 1385 1984 Charisius
1399 1955 1438 1995 p.
1453 1942 1518 1994 70,
1537 1941 1696 1982 Nonius
1708 1954 1748 1994 p.
1764 1940 1864 1995 184,

419 2015 471 2056 14
487 2016 587 2068 224,
605 2016 649 2067 9,
668 2013 838 2055 Servius
859 2011 916 2052 ad
937 2011 1164 2064 georgicon
1181 2024 1210 2063 1,
1236 2009 1314 2051 139
1336 2012 1376 2050 et
1397 2007 1451 2050 ad
1474 2006 1685 2050 Aeneidos
1700 2022 1736 2061 1,
1754 2007 1833 2048 211
1853 2039 1862 2048 .

415 2082 578 2124 Probus
606 2093 771 2134 quoque
792 2093 832 2133 p.
853 2078 960 2120 1448
981 2077 1221 2119 Lucretium
1241 2077 1312 2117 hoc
1332 2090 1516 2132 sanyuen
1537 2073 1696 2115 dixisse
1716 2073 1864 2115 refert.

531 2149 625 2190 843.
673 2148 778 2188 NEC
811 2159 975 2186 TAMEN
1006 2158 1123 2184 ESSE
1154 2157 1276 2185 ULLA
1307 2155 1422 2182 JDEN
1449 2153 1605 2181 PARTE
1635 2154 1681 2180 IN
1710 2154 1866 2181 nunus

415 2229 561 2256 INANE
579 2214 833 2256 ConcDDIT
853 2245 861 2254 .
880 2211 1087 2253 Antonius
1104 2210 1227 2252 Marii
1249 2225 1333 2252 csse
1353 2208 1443 2249 ulla
1454 2215 1579 2262 parte
1600 2206 1707 2248 idem
1727 2207 1866 2260 rebus,

415 2281 608 2337 impressi
639 2281 728 2322 ulla
754 2289 883 2335 parte
905 2279 1013 2320 idem
1046 2280 1090 2320 in
1119 2278 1240 2319 ‘rebus
1257 2307 1266 2316 .
1291 2275 1365 2318 sed
1396 2286 1487 2316 cum
1509 2273 1725 2315 Lucretius
1746 2286 1865 2328 prae-

416 2348 628 2403 positione
660 2348 817 2389 omissa
854 2347 915 2388 ita
949 2358 1032 2387 non
1074 2344 1188 2386 dicat
1216 2343 1299 2384 nisi
1330 2341 1524 2395 genetivo
1556 2338 1700 2381 addito
1718 2373 1727 2389 ‚
1757 2349 1868 2382 certa

416 2415 566 2457 muudi
578 2416 839 2472 lanquescere
849 2422 972 2468 parte
989 2426 1033 2464 V,
1052 2412 1151 2464 769,
1169 2411 1318 2452 aliem's
1330 2409 1521 2464 partibus
1537 2407 1642 2448 anm·
1649 2421 1681 2460 1,
1699 2406 1789 2460 181,
1807 2407 1867 2448 αἶ-

418 2483 545 2524 ternis
558 2482 754 2537 partibus
775 2481 883 2521 awai
894 2494 942 2533 V,
961 2479 1038 2521 701
1055 2511 1064 2532 ,
1081 2477 1192 2519 malo
1214 2475 1396 2519 scribere
1412 2474 1501 2516 ulla
1517 2486 1634 2513 IDEM
1655 2486 1715 2513 Ex
1725 2482 1867 2528 parte,

417 2554 462 2591 ut
478 2549 521 2590 in
538 2563 570 2601 1,
588 2548 666 2590 667
686 2563 736 2589 em
752 2546 1023 2601 nullafacere
1039 2545 1086 2586 id
1100 2545 1270 2599 siparia
1286 2549 1518 2598 reparcent,
1535 2541 1578 2581 in
1595 2539 1744 2594 iv,72l
1762 2540 1867 2581 Lae-

419 2617 514 2659 ἄρνε
529 2631 578 2657 ‘ne
586 2615 751 2670 possint
767 2630 818 2655 cm
832 2613 922 2654 ulla
938 2613 1096 2654 lumina
1105 2619 1231 2666 parte
1242 2642 1251 2651 .
1269 2613 1332 2651 est
1353 2612 1490 2650 autem
1511 2605 1742 2648 notandum
1759 2605 1869 2647 hune

418 2687 585 2738 poetam
603 2689 786 2736 exparte
801 2680 870 2723 vel
887 2695 937 2722 ew
944 2679 1140 2734 partibus
1161 2688 1328 2730 semper
1349 2675 1488 2716 dicere
1505 2705 1514 2727 ,
1535 2688 1571 2727 1,
1594 2674 1676 2715 616
1696 2687 1738 2712 1V
1755 2705 1764 2726 ,
1786 2671 1868 2714 515

419 2767 467 2804 v,
486 2750 563 2791 721
583 2763 646 2800 v1,
665 2747 766 2801 694,
784 2746 859 2789 sed
877 2763 896 2787 s
913 2747 1053 2788 littera
1068 2743 1348 2799 praecedente
1365 2741 1513 2793 aliter,
1537 2741 1641 2792 suis,
1659 2739 1867 2792 minimis,

421 2817 586 2859 aestivis
604 2831 623 2856 e
631 2814 826 2870 partibus
842 2827 891 2866 11,
914 2813 992 2856 159
1008 2812 1090 2854 485
1106 2826 1173 2862 111,
1191 2809 1273 2852 545
1290 2823 1336 2863 V,
1353 2808 1434 2851 615
1452 2839 1461 2848 .
1480 2810 1578 2848 ante
1593 2810 1734 2848 cetera
1748 2816 1869 2847 Voca—

420 2884 520 2927 bula
540 2894 650 2937 quae
671 2881 724 2923 ab
746 2879 895 2922 eadem
917 2880 1058 2922 littera
1077 2876 1307 2933 incipiunt,
1329 2887 1494 2930 semper
1513 2890 1535 2916 e
1555 2871 1870 2929 praepositione
