2040 3328
451 225 534 268 384
970 199 974 202 ’
1143 229 1201 270 v1

451 351 548 377 MAE
578 351 856 377 TEMPESTAS
874 368 883 378 .
907 337 1122 391 Oblongus
1153 339 1364 391 Flamme‚
1394 339 1505 392 apud
1534 339 1713 380 Nonium
1743 353 1784 394 p.
1801 339 1921 397 495„

455 404 502 444 17
525 404 763 445 Flammea.
785 403 852 444 hic
872 404 1078 446 Antonius
1100 404 1221 445 Marii
1251 408 1292 445 et
1323 405 1524 446 Marullus
1554 405 1733 459 pei-mire
1762 405 1900 447 media

452 469 501 510 de
537 469 721 524 ylande.
752 469 881 524 Pius,
914 471 981 512 vel
1018 471 1155 525 potius
1191 475 1262 512 aut
1298 471 1545 513 Hermolaus
1576 472 1787 514 Barbarus
1827 475 1900 514 aut

452 535 708 588 Pomponius
731 536 883 578 Laetus
914 541 986 578 aut
1006 537 1224 591 Philippus
1247 536 1479 578 Beroaldus
1509 537 1628 591 (Pius
1659 539 1768 580 enim
1793 539 1898 580 anti—

452 617 574 656 quam
593 602 800 644 lectionem
815 602 1078 657 testificatur)
1096 636 1104 657 ,
1128 616 1220 645 cum
1242 617 1399 644 cLAnE
1416 603 1680 645 scribendum
1700 604 1895 656 vidisset,

450 671 590 709 tamen
622 669 871 710 sententiam
893 675 934 711 et
955 670 1157 712 orationis
1189 670 1365 712 formam
1386 684 1470 712 non
1500 670 1687 725 percepit
1705 702 1714 712 .
1736 671 1803 713 hic
1822 671 1899 724 igi—

451 738 516 775 tur
547 734 660 789 quod
691 734 874 790 fecerat,
897 737 1034 778 media
1054 737 1103 778 de
1123 737 1240 778 clade
1255 769 1265 789 ,
1289 749 1380 778 cum
1402 736 1445 778 id
1466 737 1706 790 Naugerius
1733 751 1899 792 expres-

451 801 603 855 sisset,
625 801 852 843 Lambinus
883 802 999 844 libris
1031 803 1117 844 suis
1153 815 1235 843 non
1266 803 1463 857 inspectis
1503 803 1659 846 frustra
1689 803 1898 858 explicare

451 872 624 909 conatus
657 873 744 922 est,
769 868 965 911 Gifanius
996 874 1037 911 et
1068 868 1220 910 Daniel
1252 870 1410 911 Pareus
1441 874 1656 924 tamquam
1687 871 1899 925 apertissi-

450 948 561 976 mum
590 935 872 976 transierunt.
895 935 1032 977 Fabro
1065 940 1106 977 et
1126 936 1314 977 Bentleio
1345 941 1496 991 parata
1522 937 1647 978 venia
1675 939 1765 990 est,
1787 936 1898 990 quod

452 1002 557 1043 alter
586 1014 812 1055 numquam
849 1002 954 1043 alter
983 1002 1168 1043 nondum
1205 1003 1373 1056 cognita
1402 1007 1544 1045 vetere
1579 1003 1785 1057 scriptura
1813 1016 1898 1044 non

451 1068 554 1109 satis
591 1081 689 1110 vere
719 1072 972 1122 temptarunt
1007 1069 1080 1110 dia
1110 1069 1159 1110 de
1198 1069 1315 1111 clade
1358 1073 1399 1111 et
1434 1068 1643 1111 Enceladi
1669 1069 1718 1111 de
1754 1069 1899 1111 clade:

452 1134 681 1176 Salmasius
703 1138 842 1176 autem
858 1135 1015 1189 pariter
1036 1148 1086 1176 ac
1102 1139 1222 1177 vetus
1243 1136 1317 1177 ille
1333 1136 1465 1178 Italus
1486 1136 1702 1190 peccavit,
1725 1148 1816 1177 cum
1839 1135 1899 1176 in-

452 1201 666 1255 eptissime
689 1200 786 1242 feeit
805 1201 941 1243 media
963 1218 982 1243 e
1002 1218 1047 1243 re
1067 1202 1184 1243 clade
1204 1211 1366 1245 coorta.
1390 1202 1563 1244 Isaacus
1585 1202 1760 1244 Vossius
1782 1214 1898 1255 egre-

452 1269 522 1321 gie
553 1272 594 1309 et
622 1268 666 1309 in
694 1267 865 1309 homine
892 1267 1035 1309 iudicii
1066 1268 1172 1310 alias
1199 1268 1507 1322 perversissimi
1539 1268 1664 1311 valde
1683 1268 1900 1310 laudanda

452 1334 719 1389 simplicitate
749 1350 877 1389 neque
908 1335 1013 1376 em'm
1033 1348 1270 1376 mnnrocm
1291 1335 1433 1377 clade.
1456 1334 1499 1377 id
1527 1335 1758 1389 probarunt
1776 1335 1898 1377 Nico-

450 1402 543 1443 laus
566 1401 762 1443 Heinsius
784 1401 839 1442 ad
861 1401 1002 1444 Ovidii
1023 1403 1296 1457 metamorph.
1315 1416 1370 1456 IV,
1386 1402 1495 1456 536,
1517 1401 1752 1444 Richardus
1775 1401 1898 1443 Bent-

452 1469 587 1522 leius,
610 1472 833 1522 postquam
860 1469 1059 1522 cognovit
1089 1468 1206 1522 (vide
1227 1468 1420 1511 editionis
1443 1468 1722 1522 Glasguensis
1744 1471 1899 1510 tomum

451 1550 494 1575 ιν
524 1549 563 1589 p.
580 1534 680 1588 454)
699 1567 707 1587 ,
731 1534 942 1577 Gilbertus
965 1534 1252 1577 Wakefieldus
1282 1534 1350 1577 hic
1369 1535 1537 1589 quidem
1566 1535 1733 1578 veritati
1756 1547 1899 1576 conce-

452 1602 583 1643 dens:
614 1605 758 1643 contra
794 1601 1026 1643 reiecerunt
1062 1601 1315 1655 Creechius,
1345 1603 1686 1656 Havercampus,
1714 1601 1899 1644 Eichsta-

453 1669 576 1722 dius,
604 1667 829 1722 splendida
866 1669 1025 1710 seilicet
1063 1669 1234 1721 ingenui
1272 1668 1415 1710 iudicii
1451 1668 1670 1722 exempla:
1696 1668 1900 1720 Forbiger

453 1735 556 1776 illud
586 1735 719 1788 ‘quem
751 1747 920 1776 sensum
950 1734 1146 1776 idoneum
1176 1735 1408 1789 praeberet'
1441 1748 1535 1777 sese
1563 1735 1800 1789 perspicere
1830 1747 1899 1776 ne-

453 1802 596 1856 gavit,
619 1803 795 1843 lectores
817 1805 954 1843 autem
975 1814 1052 1843 suo
1074 1801 1226 1843 iudicio
1248 1802 1307 1842 uti
1330 1801 1474 1843 iussit.
1496 1801 1596 1841 mihi
1622 1800 1791 1842 dubium
1813 1813 1898 1841 non

454 1872 516 1910 est
547 1868 646 1922 quin
668 1882 760 1910 eum
782 1881 925 1923 omnes
947 1868 1081 1909 Pareo
1103 1868 1358 1910 simillimum
1379 1867 1558 1909 habituri
1582 1867 1665 1908 sint
1681 1899 1690 1908 .
1717 1871 1899 1909 ceterum

439 1936 638 1991 flammae
659 1944 872 1990 tempestas
900 1947 1008 1988 quae
1038 1935 1092 1976 sit
1122 1947 1206 1976 non
1226 1934 1425 1987 intellego
1445 1948 1453 1975 ε
1474 1937 1587 1976 recte
1616 1932 1900 1988 probaverunt

454 2002 693 2042 FLAMMEA
723 2001 919 2043 Heinsius
950 2005 991 2043 et
1020 2001 1308 2043 Wakefieldus
1326 2033 1335 2042 .

567 2068 660 2110 648.
691 2082 1083 2110 υΕεΡιοιΕΝῡυΜ.
1115 2068 1315 2122 Impressi
1360 2079 1743 2108 DlsPICIENDUM.
1772 2065 1900 2107 simili

454 2134 578 2176 modo
600 2135 816 2188 Vitruvius
838 2135 1093 2190 dispiciendi
1108 2135 1236 2177 verbo
1257 2147 1357 2176 usus
1380 2138 1444 2176 est
1464 2134 1507 2175 in
1538 2148 1592 2187 ix,
1609 2134 1649 2187 4,
1665 2133 1691 2175 5
1709 2164 1719 2187 ,
1742 2148 1899 2174 earum-

455 2218 531 2256 que
562 2203 701 2257 capita
729 2203 836 2243 inter
865 2219 907 2244 se
937 2202 1200 2257 dispicientia
1229 2211 1323 2243 sunt
1353 2202 1572 2242 collocata.

566 2268 660 2309 651.
691 2282 1003 2308 MULTAEsnaA
1023 2299 1031 2308 .
1056 2268 1178 2322 Apud
1201 2268 1381 2310 Nonium
1402 2281 1442 2322 p.
1462 2267 1553 2321 136,
1573 2266 1625 2307 14
1643 2266 1898 2318 multesima,

455 2334 609 2375 omisso
641 2335 720 2375 sit.
744 2351 791 2376 ae
821 2335 969 2376 litteris
1000 2334 1197 2376 librarius
1234 2334 1451 2389 archetypi
1481 2347 1580 2375 usus
1619 2337 1682 2374 est
1711 2331 1766 2374 ad
1795 2330 1899 2372 indi-

454 2401 635 2443 candum
665 2401 779 2442 illum
813 2406 1002 2455 apertum
1034 2417 1053 2443 e
1083 2401 1245 2442 litterae
1276 2413 1425 2441 sonum
1457 2400 1509 2442 de
1535 2412 1618 2452 quo
1649 2398 1735 2440 dixi
1768 2397 1824 2439 ad
1853 2398 1900 2438 li-

454 2469 574 2510 brum
596 2482 634 2522 V,
654 2467 761 2509 1229
780 2500 789 2521 ,
812 2481 945 2521 eoque
968 2467 1062 2508 Itali
1092 2467 1217 2508 hodie
1238 2470 1407 2507 utuntur
1427 2467 1469 2507 in
1498 2466 1712 2507 ventesz'mo
1734 2467 1774 2505 et
1794 2467 1899 2505 cete-

454 2536 511 2576 ris
533 2535 622 2576 eius
643 2534 756 2575 modi
775 2566 786 2577 .,
806 2533 903 2575 huic
923 2546 1028 2575 sono
1047 2533 1319 2587 exprimendo
1336 2536 1476 2587 aptum
1494 2536 1556 2574 est
1572 2532 1738 2584 signum
1755 2563 1764 2583 ,
1787 2530 1900 2583 quod

456 2602 595 2643 multis
630 2600 814 2655 placuit,
842 2617 900 2654 ce,
928 2600 1076 2641 litteris
1114 2599 1400 2652 complicatis.
1425 2598 1701 2640 Terentianus
1732 2597 1900 2655 Maurus

455 2683 495 2723 p.
515 2668 624 2710 2393
645 2667 755 2708 2394
784 2679 866 2707 non
897 2665 1166 2721 reprehendit
1195 2678 1268 2706 eos
1289 2665 1357 2718 qui
1389 2681 1473 2706 cceu
1503 2665 1569 2707 vel
1592 2664 1798 2720 AEupolz'n
1826 2676 1902 2717 per

455 2734 743 2789 diphthongon
775 2733 985 2787 dicerent,
1008 2732 1082 2774 sed
1114 2732 1182 2785 qui
1214 2731 1353 2786 priore
1383 2732 1519 2774 vocali
1550 2731 1754 2786 producta
1784 2729 1901 2784 diph-

455 2802 640 2853 thongon
659 2799 906 2841 diducerent
923 2832 931 2853 ,
954 2803 1000 2840 ut
1016 2799 1229 2840 A-uruncz·
1246 2802 1287 2839 et
1306 2814 1409 2839 coe-u
1426 2802 1624 2840 sonarent
1644 2801 1688 2838 ut
1704 2796 1900 2838 Archela-

457 2885 504 2908 us
541 2872 582 2908 et
618 2867 868 2919 Aristeae-us,-
895 2878 1146 2919 quamquam
1182 2864 1490 2918 productiorem
1529 2877 1674 2906 sonum
1711 2861 1901 2904 concedit

456 2935 622 2988 auspici
648 2937 688 2973 et
717 2948 819 2973 auro
850 2938 890 2975 et
911 2933 1074 2975 Graeco
1097 2925 1249 2987 αὔριον
1264 2963 1276 2982 ,
1299 2931 1417 2973 cuius
1445 2930 1708 2972 differentiae
1729 2940 1900 2969 causam
