2040 3328
906 236 947 278 11
1253 221 1262 230 '
1593 237 1673 279 123

182 358 303 399 veste
318 355 427 396 inter
443 368 509 395 eos
527 351 774 395 distractam
791 351 999 408 sanquine
1015 350 1142 394 wzulto
1160 350 1440 406 Disperiisse)
1458 384 1467 406 ,
1491 363 1576 392 non
1601 350 1671 392 de-

185 423 255 466 bet
283 421 413 464 scribi
436 420 690 474 dastraetus,
723 420 800 463 sed
831 434 1124 461 msruACTA
1146 428 1206 461 est
1222 451 1231 460 .
1254 419 1400 473 itaque
1422 419 1500 462 hos
1522 432 1672 462 versus

183 495 224 534 et
244 488 496 533 emendatos
517 492 559 531 et
580 488 800 543 elegantes
831 502 927 532 esse
949 489 1046 544 aio,
1079 488 1115 531 si
1143 487 1200 530 ad
1229 487 1341 530 hunc
1368 486 1542 530 modum
1571 487 1670 529 scri-

182 558 340 601 bantur
353 590 362 599 .
389 557 502 614 Utflt
518 558 594 599 ubi
607 558 654 599 in
666 573 826 614 parvas
837 558 979 614 partis
996 557 1254 614 discerpitur
1268 570 1436 598 AUREA
1452 557 1671 612 Purpura,

177 627 490 686 poeniceusque
507 626 621 668 color
637 626 892 668 clarissimu'
907 625 1036 668 multo
1051 658 1062 679 ,
1086 625 1261 667 Filatim
1278 642 1370 667 cum
1387 640 1414 665 D
1426 639 1438 665 1
1449 638 1569 665 STRA
1581 638 1670 665 cTA

182 704 268 750 est,
290 708 641 735 DISPERGITUR
659 694 794 736 omm‘s
812 725 820 735 .
842 707 973 735 unum
996 697 1154 747 restat,
1178 693 1292 747 quod
1310 692 1494 735 Adolfus
1510 692 1671 734 Schmi-

182 762 278 806 dius
299 762 399 822 „vir
420 762 712 816 clarissimus,
736 762 780 803 in
811 761 1135 804 accuratissima
1165 760 1219 803 de
1251 774 1441 816 purpura
1473 761 1672 804 disserta-

182 831 298 874 tione
315 831 626 889 (forschuaqen
646 830 732 884 auf*
745 829 835 873 dem
855 830 1012 886 yebiete
1033 828 1106 871 des
1127 829 1371 872 alterthums
1387 845 1402 870 1
1418 844 1458 885 p.
1481 828 1580 884 101)
1597 843 1672 884 pu-

184 899 352 942 niceum
385 898 572 941 colorem
592 911 807 954 purpurae
838 897 1027 940 adscribi
1059 910 1188 953 posse
1219 902 1377 952 negat:
1408 898 1528 940 illum
1560 898 1672 940 enim

134 1014 144 1025 ι
182 967 405 1023 proprium
438 980 534 1010 esse
557 967 699 1022 cocci3
729 967 811 1009 nisi
835 965 948 1021 quod
972 965 1085 1008 idem
1108 968 1166 1021 (p.
1188 966 1285 1017 147)
1308 967 1353 1008 in
1375 966 1558 1022 hysgino
1581 979 1671 1009 coc-

184 1048 280 1078 cum
302 1035 380 1078 sub
403 1035 539 1092 Tyrio
562 1035 697 1078 fuisse
719 1035 917 1078 concedit
934 1066 944 1075 .
961 1039 1006 1077 at
1023 1035 1190 1077 Seneca
1206 1035 1250 1077 in
1267 1034 1420 1078 Medea
1436 1036 1490 1078 99
1514 1044 1670 1077 ostrum

178 1105 405 1161 puniceum
424 1103 532 1146 dixit
549 1137 559 1159 ,
578 1104 699 1147 Oscro
715 1105 777 1146 sic
793 1105 939 1146 niveus
946 1105 1130 1160 puniceo
1147 1103 1259 1146 color
1275 1104 1486 1156 Perfusus
1503 1105 1644 1147 rubuit
1661 1121 1673 1146 :

182 1185 321 1227 neque
332 1172 557 1228 poeniceus
575 1173 692 1215 color
709 1176 783 1215 aut
798 1185 826 1214 a
839 1171 1052 1214 Phoenice
1069 1176 1183 1214 terra
1199 1177 1272 1214 aut
1288 1185 1314 1214 a
1330 1172 1502 1227 palmae
1519 1172 1670 1228 fructu,

182 1244 227 1282 ut
250 1239 392 1283 Gellio
415 1240 555 1284 visum
577 1245 642 1284 est
666 1255 710 1295 11,
729 1241 783 1283 26
802 1273 812 1295 ,
835 1253 990 1283 nomen
1009 1239 1155 1294 duxit,
1179 1240 1255 1283 sed
1277 1254 1305 1282 a
1326 1241 1480 1283 Poenis
1498 1273 1508 1282 .
1529 1240 1610 1283 hoc
1631 1246 1672 1283 et

181 1307 381 1363 syllabae
412 1308 610 1351 modulus
634 1308 785 1363 docet,
818 1309 893 1364 qui
916 1307 1060 1351 differt
1082 1322 1108 1351 a
1131 1309 1298 1351 Graeco
1323 1309 1404 1363 (sic
1427 1309 1604 1352 Plautus
1627 1310 1671 1352 in

182 1376 401 1420 Pseudulo
419 1391 445 1432 1,
463 1377 501 1430 2,
514 1377 570 1420 92
592 1377 701 1420 Cra's
716 1410 727 1431 ,
750 1378 1026 1420 Phoenicium
1043 1410 1053 1432 ,
1067 1379 1259 1434 poem‘cio
1276 1379 1389 1420 co're‘o
1406 1379 1561 1420 invises
1571 1382 1670 1435 pe'r—

179 1444 347 1503 9ulam)
364 1478 376 1499 ‚
415 1449 458 1488 et
489 1445 625 1487 Varro
663 1445 778 1488 clare
815 1447 1003 1490 ostendit
1040 1445 1095 1488 de
1127 1447 1278 1500 lingua
1309 1446 1467 1488 Latina
1498 1447 1606 1488 libro
1643 1461 1669 1487 v

180 1527 222 1569 p.
243 1513 320 1555 117
343 1545 352 1553 .
376 1513 500 1556 huius
521 1514 667 1569 verba,
691 1515 792 1568 quia
811 1514 1054 1559 Schmidius
1072 1528 1157 1557 non
1178 1519 1291 1557 recte
1314 1515 1454 1570 cepit,
1477 1515 1639 1557 subieci
1659 1548 1668 1557 .

181 1582 308 1624 Lana
325 1581 534 1624 Graecum
549 1615 560 1636 ,
583 1591 627 1624 ut
649 1583 853 1639 Polybius
874 1593 911 1626 et
934 1585 1220 1628 Callimachus
1240 1585 1430 1626 scribunt
1446 1616 1454 1625 .
1470 1591 1673 1640 put-pecta

171 1667 210 1692 -α
235 1666 457 1707 purpurae
486 1651 738 1694 maritumae
768 1652 929 1708 colore,
961 1662 1006 1695 ut
1028 1653 1254 1709 poenicum
1282 1652 1439 1707 (codex
1461 1651 1495 1693 F
1499 1652 1668 1694 lorenti-

181 1731 261 1761 nus
286 1718 466 1761 colerent
476 1718 694 1775 penicum)
712 1752 722 1774 ,
745 1719 860 1776 quod
878 1738 904 1763 a
926 1721 1081 1764 Poenis
1097 1722 1284 1778 primum
1316 1720 1474 1763 dicitur
1505 1721 1641 1763 allata
1660 1754 1668 1763 .

180 1786 259 1829 hoc
289 1790 381 1842 est,
412 1787 640 1842 poenicum
669 1788 771 1831 item
803 1792 849 1831 ut
878 1802 1072 1845 purpura
1102 1803 1129 1832 a
1150 1790 1294 1832 colore
1325 1802 1479 1831 nomen
1511 1788 1667 1843 habet,

179 1853 296 1910 quod
329 1867 379 1897 eo
401 1855 536 1898 tincta
557 1856 659 1900 lana
679 1870 707 1900 a
726 1857 884 1900 Poenis
906 1858 1092 1914 primum
1115 1858 1272 1901 dicitur
1293 1858 1429 1901 allata
1451 1891 1459 1900 .
1482 1863 1669 1902 ceterum

172 1923 377 1980 punicum
407 1926 450 1965 et
473 1925 705 1981 puniceum
741 1927 983 1982 promiscue
1019 1927 1221 1970 dixerunt
1258 1926 1312 1969 de
1349 1927 1493 1970 colore
1534 1932 1577 1970 et
1614 1927 1669 1970 de

177 1995 306 2045 gente
328 2023 338 2033 .
360 1994 408 2034 ut
428 1993 654 2048 poenicum
676 1994 811 2037 Varro
843 1999 885 2037 et
906 1995 1107 2038 Horatius
1129 1996 1173 2037 in
1195 1994 1335 2051 epodo
1358 2010 1402 2036 1x
1423 1997 1556 2039 victus
1578 1998 1667 2040 hos-

177 2059 232 2102 tis
243 2060 404 2116 punico
425 2060 626 2116 Luyubre
647 2063 822 2105 mutabit
841 2063 924 2119 (sic
944 2064 1219 2107 scribendum
1240 2069 1330 2119 est,
1354 2077 1440 2106 non
1471 2067 1667 2120 mutavit)

176 2143 328 2184 saqum
352 2159 364 2182 ,
394 2127 458 2170 ita
477 2130 643 2185 punica
672 2140 811 2174 rostra
840 2132 1089 2188 Propertius
1119 2134 1163 2175 in
1193 2148 1246 2188 1v,
1264 2134 1303 2189 3,
1322 2133 1379 2175 32
1410 2137 1452 2175 et
1483 2132 1666 2176 Ovidius

175 2208 370 2238 amorum
390 2210 435 2252 11,
453 2197 493 2252 6,
515 2196 571 2239 22
594 2230 603 2239 .
626 2203 777 2242 contra
806 2201 877 2243 lex
907 2201 1068 2244 Thoria
1089 2202 1142 2245 75
1174 2202 1279 2245 bello
1310 2202 1505 2244 Poinicio
1530 2218 1661 2259 procc-

174 2279 322 2319 sumo,
355 2268 398 2306 et
426 2265 540 2308 idem
573 2266 754 2311 Ovidius
785 2268 829 2310 in
860 2269 985 2313 Ibide
1007 2271 1091 2314 280
1122 2271 1162 2313 A
1194 2270 1298 2314 duce
1329 2271 1543 2313 Puniceo.

286 2337 383 2392 833.
416 2352 555 2385 QUAM
586 2328 875 2383 mscnni'iur
897 2376 906 2386 .
929 2343 1021 2387 Hoc
1042 2344 1086 2386 in
1107 2344 1255 2387 codice
1276 2343 1512 2400 archetypo
1531 2344 1665 2387 fuisse

175 2409 382 2461 apparet:
416 2421 517 2451 nam
555 2409 770 2464 oblongus
810 2410 940 2455 habet
978 2413 1200 2457 discedunt
1214 2447 1225 2468 ‚
1263 2412 1500 2469 quadratus
1533 2413 1666 2456 dz'sce-

175 2473 311 2517 duam
331 2507 342 2517 .
362 2475 572 2521 Marullus
603 2492 889 2522 mscEDAur
908 2513 918 2523 .

286 2543 383 2588 840.
407 2545 480 2588 NE
495 2560 648 2589 mnus
663 2562 794 2590 HAEC
811 2580 821 2590 .
839 2548 968 2605 Apud
984 2550 1156 2594 Festum
1173 2550 1457 2606 p.321‚34Nn
1469 2565 1492 2592 c
1509 2551 1662 2595 minus.

286 2611 382 2654 841.
405 2627 534 2660 QUAE
557 2629 680 2657 SUNT
701 2631 832 2658 Anus
854 2632 1008 2660 nunus
1030 2634 1251 2661 PRIVATA
1272 2633 1505 2665 NOTAQUE
1523 2651 1533 2660 .
1553 2619 1664 2670 Qua—

173 2678 322 2723 dratus
342 2690 550 2739 notaquae
566 2716 575 2725 .
593 2684 868 2729 scribendum
899 2692 964 2730 est
993 2702 1189 2730 NOTARE
1209 2722 1218 2732 .
1236 2689 1297 2731 ita
1327 2688 1371 2729 in
1393 2702 1420 2738 1,
1439 2688 1522 2730 700
1553 2687 1662 2744 quid

174 2748 289 2790 nobis
319 2750 473 2792 certius
503 2752 611 2808 ipsis
630 2753 832 2797 Sensibus
863 2772 950 2798 esse
975 2766 1135 2812 potest,
1160 2759 1239 2814 qui
1254 2774 1355 2800 vera
1376 2772 1425 2798 ac
1439 2756 1570 2812 falsa
1590 2772 1659 2799 uo-

172 2818 332 2859 cemus?
352 2817 588 2861 Lambinus
614 2820 885 2876 ineptissime
913 2824 1013 2866 aliis
1042 2826 1164 2867 rebus
1193 2826 1382 2881 notisque
1397 2857 1408 2879 ‚
1431 2823 1661 2867 Wakefiel-

171 2884 254 2927 dus
274 2886 452 2941 privata
477 2896 670 2931 notarum
690 2888 819 2944 (haec
840 2891 955 2933 enim
977 2892 1086 2935 inter
1107 2906 1154 2936 se
1177 2892 1416 2948 coniungit)
1437 2891 1624 2935 absurde
1643 2927 1651 2935 .

283 2954 380 2998 842.
412 2969 565 2997 sonos
595 2971 710 2998 Pom
739 2971 821 2999 ITA
853 2973 1050 3002 cononi:
1068 2995 1076 3003 .
1095 2961 1342 3014 Quadratus
1363 2963 1478 3005 solus
1495 2993 1505 3005 .
1526 2962 1650 3006 huius

172 3028 390 3067 corrector
422 3028 463 3067 et
493 3026 624 3070 ceteri
654 3026 741 3069 solo
772 3040 914 3069 spon
927 3042 1019 3071 Au
1052 3031 1187 3074 colore
1209 3063 1218 3074 .
