2040 3328
902 239 936 280 V
1581 236 1663 278 285

181 371 233 401 ea
263 355 415 399 ceteris
451 355 512 397 ita
547 358 592 396 ut
623 353 727 396 ordo
765 357 878 396 recte
910 355 1123 395 constaret
1153 349 1503 393 accommodasse
1526 383 1535 392 .
1567 353 1665 391 sunt

180 429 319 468 autem
351 423 458 466 haec
488 422 744 466 emblemata
769 421 993 464 llo-234
1023 434 1076 463 ex
1108 433 1159 462 eo
1191 432 1376 474 genere,
1400 431 1512 472 quae
1533 430 1665 472 supra

179 493 235 536 ad
265 493 420 535 librum
442 491 587 547 11,166
619 491 729 533 inter
761 503 856 533 sese
887 490 1034 543 aliquo
1067 488 1374 531 sententiarum
1404 487 1574 530 vinculo
1597 499 1663 529 co·

178 562 356 605 haerere
386 551 504 615 dixi,
527 559 682 614 quibus
714 562 885 614 poe'tam
916 559 1005 600 alia
1036 557 1195 599 similia
1216 555 1378 599 addere
1399 556 1589 599 voluisse
1612 568 1664 598 ex

177 643 306 674 versu
334 629 460 671 huius
491 628 588 671 libri
613 628 694 672 155
724 631 937 683 apparet,
967 639 1051 681 quo
1083 625 1290 681 promittit
1321 637 1374 667 ea
1403 638 1515 679 quae
1546 639 1665 667 num-

178 711 306 753 quam
346 697 592 754 praestitit.
625 700 808 740 ceterum
840 708 967 738 versu
998 694 1192 750 proximo
1223 694 1308 737 236
1339 694 1505 736 Nonius
1537 694 1666 736 utitur

177 780 218 822 p.
241 766 338 820 234,
361 766 387 807 2
406 798 415 808 .

292 833 390 877 239.
429 835 594 876 Dnnm·
631 847 798 874 EADEM
835 846 983 873 omnis
1018 845 1179 873 uuum
1219 844 1414 872 NATURA
1453 845 1665 873 PUTARI.

178 902 423 955 Quadratus
444 903 574 946 Debet
594 903 727 945 omnis
749 901 863 944 edem
884 900 1037 943 mundi
1047 933 1058 954 ,
1081 899 1159 943 sed
1180 900 1351 942 lineolis
1371 900 1663 955 interpositis,

177 971 332 1026 quibus
370 971 571 1014 librarius
604 984 750 1014 verum
781 969 1089 1013 vocabulorum
1121 969 1316 1011 ordinem
1355 969 1665 1011 restituendum

178 1053 273 1082 esse
290 1038 580 1094 significavit,
603 1040 805 1094 idemque
821 1052 922 1081 mox
940 1038 1023 1080 242
1039 1039 1160 1080 Ham
1177 1037 1291 1081 edem
1310 1071 1317 1079 .
1342 1037 1421 1080 hoc
1438 1037 1536 1080 ideo
1556 1037 1664 1092 dixi,

177 1122 231 1151 nc
258 1121 383 1163 quem
405 1108 638 1151 Lambinus
669 1111 712 1151 et
741 1107 1064 1162 Havercampus
1096 1108 1139 1148 in
1172 1119 1357 1149 errorem
1389 1106 1666 1149 inducerent.

177 1175 254 1219 sed
270 1176 414 1220 eadem
428 1177 650 1220 consistere
667 1190 834 1219 omnem
857 1175 1003 1218 mundi
1028 1179 1226 1218 naturam
1247 1175 1310 1218 rei
1333 1188 1417 1217 non
1436 1175 1665 1218 convenit:

177 1257 276 1288 nam
306 1244 422 1300 quod
452 1245 599 1288 mundi
630 1249 775 1301 partes
807 1244 981 1287 nativae
1013 1247 1054 1287 et
1084 1243 1286 1287 mortales
1318 1247 1448 1298 sunt,
1481 1257 1566 1286 non
1599 1261 1666 1286 ea-

176 1313 295 1368 dem,
317 1313 397 1356 hoc
427 1317 491 1356 est
520 1317 594 1356 aut
623 1330 710 1356 una
740 1318 814 1356 aut
844 1313 988 1357 eadem
1018 1313 1088 1355 via
1105 1346 1116 1367 ,
1139 1313 1327 1355 consistit
1357 1312 1486 1355 totius
1517 1312 1665 1354 mundi

176 1385 356 1437 natura,
379 1381 456 1425 sed
478 1386 708 1438 propterea
739 1383 836 1438 ipsa
865 1382 1058 1424 mortalis
1090 1385 1131 1424 et
1161 1381 1311 1424 nativa
1334 1394 1430 1424 esse
1452 1380 1668 1424 censenda

177 1454 272 1493 est.
305 1454 419 1494 recte
441 1450 643 1493 Gifanius
665 1452 796 1494 Debet
825 1465 991 1493 nomm
1022 1451 1170 1493 nativo
1202 1463 1254 1492 ac
1285 1449 1452 1492 mortali
1487 1462 1668 1505 corpore

177 1519 410 1562 consistere
436 1520 620 1576 putari.
653 1518 778 1562 addit
809 1520 1008 1563 Gifanius
1040 1519 1115 1562 ‘ita
1145 1523 1311 1562 veteres
1342 1518 1522 1561 nostri’:
1554 1518 1668 1560 idem

177 1588 411 1630 Lambinus
447 1588 491 1630 in
527 1588 648 1631 libris
680 1587 1000 1631 Parisiensibus
1037 1588 1214 1643 reperiri
1247 1587 1376 1643 dicit,
1410 1586 1491 1630 hoc
1522 1591 1587 1629 est
1622 1587 1666 1629 in

177 1655 367 1699 editione
388 1655 612 1711 Ascensii,
635 1670 658 1699 e
690 1669 776 1711 qua
798 1656 1031 1711 Forbiger,
1054 1657 1126 1711 qui
1155 1670 1209 1699 ea
1237 1669 1339 1699 usus
1372 1660 1465 1711 est,
1487 1669 1573 1698 non
1606 1669 1670 1698 re-

176 1725 338 1781 gessit,
360 1738 455 1768 cum
486 1729 628 1767 tamen
659 1724 719 1767 ibi
750 1725 878 1780 plane
910 1724 972 1767 ita
1002 1728 1205 1780 scriptum
1235 1724 1317 1768 sit.

290 1793 388 1836 241.
419 1793 652 1836 CORPORE
683 1807 907 1835 NATIVOM
936 1808 1254 1836 MORTAnmus
1287 1807 1402 1834 nssn
1438 1807 1666 1835 memus.

177 1861 422 1914 Quadratus
444 1866 486 1905 et
507 1876 534 1905 a
554 1866 792 1906 correctore
813 1862 1026 1918 oblongus
1059 1863 1249 1905 nativum
1272 1895 1281 1904 .
1313 1856 1400 1904 tum
1433 1861 1667 1917 quadratus

175 1932 397 1975 motabibus
418 1947 504 1974 esse
523 1931 707 1988 fuyuris
731 1964 741 1974 .
772 1931 870 1974 olim
902 1931 1098 1986 impressi
1121 1932 1262 1973 nativo
1283 1931 1531 1973 mortalibus
1547 1965 1558 1985 ,
1580 1931 1668 1973 Ma-

176 2001 309 2043 rullus
339 2001 480 2042 ‘nativo
517 2000 823 2043 immortalibus
842 2033 854 2054 ,
886 1998 1184 2042 Wakefieldus
1221 2001 1362 2042 nativo
1399 2001 1446 2042 in
1481 2000 1666 2042 mortali—

177 2069 282 2111 bus:
302 2082 412 2111 unus
439 2068 684 2122 Naugerius
715 2071 830 2111 recte
859 2069 1000 2110 nativo
1032 2083 1090 2109 Ac
1121 2068 1368 2111 mortalibus
1391 2102 1399 2110 .
1432 2067 1667 2111 Lambinus

177 2146 240 2191 et,
261 2137 460 2192 quamvis
489 2137 619 2193 paulo
652 2141 752 2179 ante
781 2140 896 2179 esset
926 2138 1066 2179 nativo
1098 2153 1148 2179 ac
1181 2138 1378 2179 mortali.-
1400 2141 1441 2179 et
1467 2152 1497 2178 M
1521 2137 1575 2180 ab
1607 2152 1667 2179 Ac

178 2206 399 2248 minimum
430 2205 590 2248 distat.

290 2274 386 2318 245.
420 2289 569 2316 CAELI
606 2289 810 2321 QUOQUE
848 2289 1001 2316 mma.
1036 2275 1255 2318 Bentleius
1293 2288 1411 2315 ΙΤΕΜ
1434 2307 1443 2316 .
1477 2275 1667 2318 Eichsta-

175 2341 272 2386 dius
303 2347 345 2386 et
374 2343 583 2398 Forbiger
613 2343 724 2386 idem
742 2377 752 2397 ‚
774 2343 889 2399 quod
922 2343 1158 2386 absurdum
1189 2347 1279 2399 est,
1302 2344 1606 2387 restituerunt.

290 2411 386 2454 247.
425 2412 578 2455 ILLUD
617 2427 667 2453 m
703 2427 782 2453 ms
822 2427 980 2454 annus
1019 2427 1078 2454 NE
1116 2427 1448 2455 conmpmssn
1487 2428 1666 2454 mannis

119 2497 126 2501 ·
175 2481 251 2523 Mn
280 2494 394 2522 mm
417 2513 426 2523 .
454 2482 522 2524 Ita
550 2481 682 2537 plane
713 2480 977 2538 quadratus,
1001 2482 1206 2525 Memibi:
1228 2481 1441 2536 oblongus
1473 2486 1515 2524 et
1536 2482 1666 2524 Vero-

175 2549 319 2591 nensis
351 2549 481 2592 editio
514 2550 719 2604 Memini,
740 2549 978 2593 Brixiensis
1011 2564 1106 2593 cum
1138 2550 1260 2593 Italis
1291 2550 1475 2592 Marullo
1515 2551 1666 2593 ceteris

177 2617 351 2659 Memmi
369 2650 378 2660 .
401 2618 446 2661 id
467 2617 582 2672 quod
603 2618 727 2660 unice
747 2631 898 2661 verum
929 2623 994 2662 est
1024 2633 1077 2662 ex
1108 2618 1320 2674 quadrato
1342 2619 1666 2675 Havercampus

176 2697 262 2727 non
293 2686 486 2728 rettulit:
517 2685 750 2728 Lambinus
779 2686 814 2728 si
837 2699 864 2729 a
883 2687 1083 2730 Turnebo
1115 2701 1169 2730 ex
1200 2686 1351 2730 eodem
1384 2687 1531 2730 codice
1563 2688 1666 2730 alla-

174 2757 263 2795 tum
295 2753 497 2809 vidisset,
519 2768 607 2797 non
638 2758 888 2810 temptasset
917 2772 968 2798 ne
987 2772 1051 2798 me
1072 2756 1309 2812 arripuisse
1328 2757 1466 2801 rearis
1489 2789 1498 2798 .
1526 2756 1664 2798 Varro

176 2820 230 2863 de
259 2820 411 2875 lingua
441 2822 598 2864 Latina
618 2822 729 2864 libro
751 2837 812 2863 vn
833 2837 874 2879 p.
891 2823 972 2866 371
996 2824 1156 2880 clepere
1171 2856 1182 2877 ,
1203 2822 1254 2865 id
1272 2833 1331 2866 est
1351 2825 1562 2880 corripere
1581 2857 1589 2865 .
1619 2824 1667 2866 il-

175 2889 373 2932 lustravit
412 2889 524 2932 hunc
560 2889 679 2933 verbi
716 2904 839 2933 usum
871 2891 1116 2934 Gronovius
1156 2891 1199 2932 in
1230 2891 1577 2935 observationum
1607 2907 1664 2948 1v,

178 2959 230 3001 19
251 2972 293 3014 p.
309 2958 394 3001 300
410 2959 490 3001 301
512 2990 521 2999 .
545 2958 741 3001 similiter
762 2964 904 3002 autem
922 2959 1098 3015 sceptici
1116 2955 1416 3017 συναρπάζειν
1437 2959 1487 3004 τὸ
1510 2958 1665 3018 ζητού-

172 3042 306 3080 μενον
335 3027 482 3070 dicunt
511 3025 615 3078 τοὺς
647 3022 820 3079 ἑαυτοῖς
849 3027 928 3085 τὴν
959 3025 1103 3085 κρίσιν
1134 3027 1483 3086 ἐπιτρέποντας.
