2040 3328
406 220 487 261 416
828 234 831 238 ·
1101 221 1159 261 VI

407 332 522 383 longi
551 335 591 372 et
614 330 843 371 Brixiensis
872 331 999 371 editio
1027 346 1172 384 aeqros
1189 362 1198 371 .
1229 332 1437 372 Antonius
1465 331 1584 372 Marii
1608 333 1746 388 picris
1771 345 1854 372 BA-

407 411 647 437 LANTJBUS
686 413 858 451 aeqros.
905 396 1106 438 Marullus
1138 397 1343 452 pecudum
1385 399 1587 439 balatibus
1626 400 1764 454 aeqris
1802 411 1853 440 ex

407 463 559 505 Ovidio
591 467 754 504 metam.
777 462 973 517 vn,540.
1011 463 1085 504 sed
1117 462 1367 504 servandum
1398 467 1461 504 est
1489 480 1661 520 aeqror,
1693 468 1732 506 et
1761 465 1853 507 red-

407 529 588 571 dendum
612 530 795 571 Pacuvio
818 530 861 570 in
879 529 1084 572 Periboea
1104 530 1183 580 sic,
1205 545 1431 584 corpusque
1450 546 1581 572 meum
1602 532 1682 573 tali
1691 533 1854 573 Merore

406 612 576 653 aeyrore
595 612 755 638 macore
775 605 911 638 senet:
938 597 979 637 in
1000 597 1127 638 Nonii
1155 596 1464 650 exemplaribus
1485 609 1526 650 p.
1547 596 1636 650 137,
1657 597 1677 637 1
1700 597 1853 651 legitur

407 679 569 705 errore.
607 663 707 704 item
738 662 909 704 Accium
940 663 982 703 in
1015 664 1227 717 Eurysace
1258 663 1477 716 scripsisse
1508 666 1609 716 puto
1639 663 1854 705 Persuasit

406 745 592 782 maeror,
623 729 849 783 auoeitudo,
880 745 1052 785 aeyror,
1092 730 1235 782 dolor,·
1272 741 1352 769 non
1384 745 1524 782 error,
1562 733 1607 770 ut
1644 732 1706 771 est
1739 729 1853 784 apud

407 797 590 838 Nonium
614 809 660 851 p.
679 796 744 845 72,
762 796 813 837 27
834 828 842 837 .

523 863 641 904 1135.
673 863 741 903 AN
772 876 963 903 CAELUM
992 876 1130 903 Nonis
1162 875 1307 902 VITRO
1339 876 1530 903 NATURA
1559 876 1855 903 concurrum
1908 902 1917 909 ,

408 932 476 972 ΒΕ
490 943 608 969 FERA
620 943 642 968 r
664 943 754 970 Aur
772 943 850 969 Am
861 944 992 975 Qum.
1009 930 1139 984 Deffer
1155 937 1226 969 aut
1242 929 1407 983 aliquid
1420 929 1556 983 prima
1570 943 1697 971 manu
1713 929 1854 970 oblon-

407 1010 504 1049 gus.
521 1009 675 1036 omno
694 996 918 1038 Avantius.
941 1004 1147 1051 rumptum
1164 998 1205 1036 et
1219 996 1418 1050 rumperit
1435 996 1478 1036 in
1495 996 1670 1049 digestis
1686 996 1855 1038 Floren-

406 1063 506 1104 tinis
530 1062 615 1115 legi
638 1067 781 1103 notum
805 1066 884 1115 est,
908 1066 952 1103 ut
974 1065 1179 1116 appareat
1200 1061 1243 1102 in
1266 1060 1345 1102 hoc
1361 1066 1542 1104 veterem
1559 1062 1774 1105 librarium
1791 1064 1855 1105 sui

407 1129 563 1172 saeculi
586 1141 702 1169 more
722 1141 939 1182 peccasse.
957 1137 1169 1184 coruptum
1185 1129 1321 1182 prima
1336 1128 1453 1171 brevi
1475 1129 1678 1171 Lucilium
1697 1129 1854 1172 dixisse

408 1195 658 1238 Consentius
679 1199 823 1236 narrat
843 1195 885 1236 in
903 1199 992 1237 arte
1009 1195 1062 1236 de
1084 1195 1357 1237 barbarismis
1381 1199 1422 1237 et
1438 1196 1724 1250 metaplasmis
1740 1196 1854 1251 p.30‚

408 1263 524 1305 cuius
545 1262 676 1304 verba
692 1262 861 1303 subieci.
893 1263 1044 1304 Po’e‘tae
1053 1262 1228 1318 faciunt
1247 1262 1544 1318 metaplasmos,
1563 1278 1653 1304 cum
1673 1264 1762 1319 ipsi
1771 1264 1855 1305 iam

407 1331 656 1385 scripturam
686 1329 926 1384 relinquunt
955 1336 1208 1383 corruptam,
1238 1337 1282 1369 ut
1310 1337 1367 1370 est
1387 1329 1621 1384 Relliquias
1640 1330 1853 1383 Danaum,

409 1406 444 1438 et
465 1405 605 1438 tanton
625 1412 686 1437 me
713 1397 883 1438 crimine
912 1395 1083 1450 diquum
1103 1395 1296 1436 Duxisti:
1326 1395 1490 1436 addidit
1519 1396 1625 1437 euim
1646 1411 1769 1437 unam
1791 1396 1854 1438 lit-

408 1473 536 1505 teram
568 1479 646 1518 per
681 1463 993 1517 metaplasmum
1024 1463 1039 1503 l
1054 1495 1064 1515 ,
1095 1462 1188 1503 item
1224 1470 1365 1503 contra
1393 1461 1652 1515 (addendum
1684 1462 1857 1518 dempsit

407 1531 582 1571 litteram
617 1545 694 1585 per
728 1530 1038 1585 metaplasmum
1077 1529 1131 1583 e),
1178 1529 1282 1570 sicut
1317 1529 1508 1570 Lucilius
1549 1545 1617 1571 ore
1661 1538 1826 1585 corupto
1843 1545 1855 1571 :

407 1597 581 1651 dempsit
611 1597 718 1637 euim
747 1612 873 1637 unam
904 1597 1082 1637 litteram
1106 1611 1185 1650 per
1214 1596 1525 1650 metaplasmum
1554 1611 1598 1649 r,·
1627 1604 1663 1638 et
1693 1597 1855 1638 Ennius

408 1664 521 1705 Huic
551 1671 727 1704 statuam
757 1664 890 1704 statui
913 1664 1116 1704 maiorum
1143 1665 1222 1710 [et]
1240 1663 1290 1702 ab
1312 1670 1379 1703 otu
1399 1662 1572 1703 Athenis
1589 1693 1597 1702 .
1619 1671 1656 1704 et
1674 1664 1739 1704 hic
1760 1678 1855 1718 quo-

408 1746 485 1785 que
518 1745 596 1784 per
630 1730 942 1785 metaplasmum
979 1729 1153 1783 dempsit
1189 1729 1365 1770 litteram
1402 1745 1425 1768 r
1440 1759 1448 1768 .
1481 1741 1628 1771 versus
1660 1729 1782 1770 Ennii
1813 1729 1855 1770 in

407 1796 516 1837 hanc
545 1796 634 1837 fere
663 1796 915 1837 sententiam
946 1799 1169 1849 conceptus
1199 1795 1347 1847 fuerit,
1384 1795 1497 1835 Huic
1525 1803 1702 1837 sta-tuam
1730 1795 1862 1836 statui

407 1864 603 1904 maiorem
632 1863 746 1904 horto
775 1863 838 1916 (id
869 1866 933 1904 est
963 1863 1125 1914 hortor,
1157 1864 1201 1902 ut
1223 1861 1529 1914 Quadrigarius
1550 1861 1657 1902 dixit
1677 1862 1856 1905 cohorta-

408 1929 517 1983 reut)
546 1945 716 1970 auream
746 1930 917 1971 ahenis:
952 1928 1136 1970 Lucilius
1164 1931 1304 1968 autem
1325 1943 1392 1969 ore
1422 1937 1587 1983 corupto
1618 1941 1702 1969 non
1722 1926 1858 1982 potuit

410 1996 549 2038 dicere
578 1996 659 2037 nisi
683 1995 886 2038 irridendi
909 2008 1038 2038 causa
1058 1998 1130 2036 aut
1150 1994 1257 2035 forte
1278 1995 1321 2035 in
1342 1997 1454 2036 recte
1473 1994 1671 2047 loquendi
1691 1993 1858 2047 legibus

410 2062 768 2113 demonstrandis3
800 2063 914 2103 cuius
945 2062 1056 2104 modi
1089 2065 1151 2102 est
1171 2061 1274 2102 illud
1293 2094 1303 2110 ‚
1317 2070 1462 2116 pretor
1491 2077 1540 2102 ue
1569 2062 1736 2103 rusticu'
1752 2061 1855 2116 fiat.

409 2129 524 2184 apud
554 2129 791 2171 Lucretium
831 2129 1054 2171 infeliciter
1089 2127 1318 2169 Lambinus
1349 2135 1584 2168 cruentum.
1626 2128 1765 2182 aptius
1797 2131 1860 2169 est

410 2196 588 2238 Bentleii
618 2197 819 2238 alienum:
850 2195 924 2238 Sed
954 2208 1098 2237 verum
1116 2227 1126 2247 ‚
1148 2194 1191 2235 ni
1223 2193 1373 2247 fallor,
1405 2194 1511 2236 ultro
1539 2207 1766 2235 COORTUM
1783 2226 1792 2236 .
1815 2193 1859 2235 in

410 2264 518 2305 libro
539 2278 578 2316 V,
595 2263 674 2305 367
707 2273 869 2319 coperta
899 2262 1097 2316 scriptum
1127 2265 1190 2302 est
1220 2260 1290 2301 ubi
1321 2260 1446 2301 debet
1475 2273 1567 2302 esse
1598 2269 1735 2303 coorta
1756 2292 1766 2302 .
1797 2275 1858 2301 co-

411 2331 529 2372 horta
559 2329 766 2382 oblongus
792 2330 836 2371 in
862 2329 1017 2383 v1‚458
1042 2328 1148 2370 1096
1174 2328 1303 2381 1100⁷
1343 2328 1528 2368 cohortus
1563 2327 1674 2368 idem
1704 2326 1859 2368 ibidem

414 2397 521 2438 1186
534 2427 543 2436 .
565 2405 745 2437 coartam
771 2396 1000 2450 quadratus
1021 2396 1065 2436 in
1085 2408 1145 2447 111,
1167 2393 1230 2447 15,
1252 2394 1391 2434 hortus
1411 2393 1525 2434 idem
1546 2393 1587 2434 in
1604 2407 1658 2447 rv,
1673 2392 1773 2435 432.
1795 2405 1857 2434 ce-

411 2468 544 2506 terum
574 2466 700 2517 poeta
731 2476 823 2504 cum
854 2463 955 2504 dicit
985 2463 1142 2504 caelum
1163 2468 1236 2502 aut
1257 2458 1441 2513 aliquid,
1472 2459 1679 2512 intellegit
1699 2463 1859 2512 ae'rem,

414 2544 593 2585 aquam,
626 2530 742 2571 cibos
761 2561 770 2571 .
801 2529 1008 2571 Isidorum
1039 2532 1178 2569 autem
1207 2525 1274 2567 hic
1303 2525 1459 2566 caelum
1480 2534 1690 2581 coruptum
1711 2538 1886 2579 agnos,

414 2610 507 2640 cere
536 2609 621 2638 non
651 2596 779 2637 miror
797 2628 805 2636 .
836 2596 897 2637 sic
926 2596 997 2637 ille
1018 2595 1071 2636 de
1091 2598 1242 2635 natura
1260 2605 1398 2634 rerum
1419 2604 1511 2647 cap.
1529 2593 1599 2634 39.
1621 2592 1736 2635 Sicut
1756 2593 1861 2634 enim

414 2664 577 2719 (confer
597 2676 762 2705 versum
788 2663 910 2713 1103)
933 2662 1042 2703 caeli
1057 2662 1253 2713 novitate,
1271 2660 1335 2701 vel
1354 2674 1576 2714 aquarum,
1594 2674 1768 2715 corpora
1789 2657 1862 2700 ad-

413 2731 659 2773 venientium
680 2730 847 2771 temtari
857 2737 1149 2771 consueverunt
1164 2727 1264 2768 adeo
1279 2735 1323 2768 ut
1337 2726 1521 2767 morbum
1537 2726 1787 2781 concipiant,
1803 2726 1864 2767 ita

416 2799 538 2839 etiam
558 2804 631 2838 a‘e‘r
650 2805 867 2852 corruptus
889 2812 940 2838 ex
960 2795 1058 2836 aliis
1079 2795 1188 2836 caeli
1201 2794 1392 2849 partibus
1408 2793 1570 2834 veniens
1590 2792 1725 2833 subita
1745 2789 1863 2832 clade

416 2880 565 2919 corpus
594 2864 819 2919 corrumpit
848 2871 968 2918 atque
997 2869 1159 2917 repente
1187 2862 1315 2902 vitam
1345 2859 1570 2914 emtinquit.

533 2930 651 2973 1138.
697 2930 832 2971 HAEC
876 2942 1022 2969 RATIO
1064 2941 1298 2973 QUONDAM
1340 2938 1616 2966 MORBORUM
1652 2938 1708 2964 ET
1742 2937 1863 2964 uou-
