2040 3328
474 220 551 261 166
1161 218 1226 259 III

471 330 688 382 glossariis
710 330 836 381 Maii,
867 333 978 369 tomo
1006 330 1122 368 sexto
1153 330 1367 368 auctorum
1399 328 1666 371 classicorum
1697 344 1736 384 p.
1757 331 1839 374 506
1869 336 1911 374 et

470 400 582 437 tomo
606 409 661 435 vn
692 408 734 450 p.
756 396 865 446 551,
897 395 967 435 ubi
999 397 1062 434 est
1091 409 1185 434 ama
1215 393 1304 435 sive
1334 409 1493 447 amma,
1524 398 1613 437 avis
1642 406 1865 440 nocturna.

582 462 675 504 391.
733 461 903 505 Usoun
955 472 1083 499 Anno
1135 472 1280 499 rmus
1329 473 1413 500 EST
1462 475 1509 500 m
1559 475 1699 503 rioms
1748 477 1909 505 nunu

472 541 678 580 cmnno,
711 526 852 576 QUAM
871 539 1138 566 PR1MORD1A
1161 539 1456 566 snnrrscAs‘r
1478 523 1721 569 concussa
1740 543 1908 584 nunu,

471 594 655 635 samm
693 605 999 633 conpomnus
1035 605 1238 632 Nosrms
1274 605 1475 633 mmxu
1510 607 1598 634 PER
1633 596 1910 639 ARTUS.Ve-

471 674 560 701 rum
606 659 794 700 ordinem
830 670 1024 699 versuum
1064 658 1266 700 Marullus
1302 659 1508 700 restituit:
1539 674 1757 702 crunnum
1800 667 1910 704 recte

472 725 589 768 dedit
629 725 836 767 Avantius
859 758 868 767 .
901 723 975 765 sed
1021 724 1063 764 in
1098 725 1325 780 proximis,
1369 737 1477 778 quae
1519 725 1615 768 libri
1657 727 1718 770 ita
1755 729 1913 784 scripta

471 792 651 845 habent,

582 857 677 900 394.
708 858 774 899 Εἰ·
805 871 1014 903 QUARTIS
1043 870 1362 898 INTERVALLIS
1384 871 1683 900 Tomi-Auru
1710 873 1911 902 Possim·

473 925 832 978 Concunsmn,
868 923 1016 965 horum
1060 928 1235 978 uterque
1273 924 1402 965 edidit
1438 926 1494 967 Et
1528 942 1652 981 quam
1684 928 1914 970 intervallis

474 992 602 1032 tantis
617 1023 628 1044 ,
660 1003 738 1031 nec
766 991 875 1031 male
905 989 1192 1031 Wakefieldus
1212 991 1268 1031 Et
1297 992 1423 1032 tantis
1450 993 1706 1034 intervallis.
1727 992 1802 1036 sed
1832 993 1912 1035 for-

473 1062 585 1098 tasse
607 1058 748 1098 verius
779 1056 906 1097 fuerit
925 1057 980 1097 Ει
1000 1069 1131 1101 QUAM
1160 1070 1207 1095 IN
1236 1070 1313 1098 ms
1343 1058 1595 1100 intervallis.
1616 1058 1676 1100 ita
1705 1059 1747 1100 in
1766 1073 1810 1114 11,
1835 1060 1913 1102 106

473 1124 687 1165 dissiliunt
730 1123 846 1178 Zonye
890 1123 1086 1177 Zonyeque
1120 1131 1334 1164 recursant
1369 1123 1422 1164 In
1456 1125 1619 1180 magnis
1655 1126 1912 1167 intervalli-⁴1.

472 1188 746 1242 Forbigerum
776 1189 910 1238 enim,
947 1189 1017 1241 qui
1053 1189 1205 1242 probat
1233 1189 1288 1230 Ec
1317 1191 1508 1244 quantis,
1545 1203 1729 1233 seorsum
1761 1191 1815 1233 ab
1843 1191 1915 1233 hu·

471 1269 598 1296 mana
634 1256 796 1297 ratione
832 1255 986 1296 sentire
1021 1255 1193 1296 sinimus
1217 1286 1226 1295 .
1257 1255 1369 1308 quod
1413 1259 1551 1297 autem
1595 1261 1721 1311 poeta
1754 1258 1915 1300 semina

473 1324 639 1364 animae
662 1322 885 1364 tuditantia
907 1321 1049 1363 collidi
1076 1333 1126 1362 ac
1147 1321 1330 1363 dissilire
1351 1322 1476 1375 dicit,
1499 1323 1705 1364 vocabulo
1722 1323 1913 1366 Enniano

472 1390 621 1442 utitur,
654 1402 736 1442 quo
758 1387 1093 1441 festinationem,
1125 1387 1206 1429 nisi
1237 1387 1386 1442 fallor,
1417 1393 1459 1430 et
1487 1389 1749 1431 crebritatem
1769 1390 1914 1443 plaga-

471 1469 562 1497 rum
585 1455 795 1508 significat
812 1486 821 1494 .
853 1454 906 1496 de
926 1454 1006 1496 hoc
1035 1467 1144 1508 quae
1165 1454 1313 1496 Festus
1343 1454 1470 1497 habet
1497 1469 1538 1510 p.
1561 1456 1642 1498 352
1672 1455 1774 1496 satis
1804 1460 1916 1498 recte

472 1535 498 1564 a
534 1522 713 1563 Martino
744 1520 912 1563 Hertzio
947 1521 990 1561 in
1021 1520 1126 1562 libro
1164 1533 1287 1574 quem
1327 1521 1380 1562 de
1411 1521 1566 1563 Cinciis
1603 1521 1771 1576 scripsit
1798 1534 1839 1576 p.
1859 1522 1916 1564 50

473 1589 695 1630 constituta
715 1591 810 1629 sunt
839 1588 881 1628 in
911 1587 1021 1628 hunc
1050 1586 1244 1628 modum.
1269 1587 1510 1630 Tuditantes
1540 1587 1750 1630 tundentes
1780 1588 1914 1645 [neqo-

473 1656 599 1708 tium,
631 1655 679 1696 id
697 1663 755 1696 est
775 1653 993 1708 aqjentes,
1023 1653 1260 1708 siqnfficare
1290 1655 1349 1695 ait
1370 1654 1537 1696 Cincius
1561 1653 1627 1706 [de
1646 1655 1779 1696 verbis
1802 1656 1913 1710 pris-

471 1722 530 1763 cis
547 1754 555 1762 .
578 1721 760 1777 En]nius
782 1720 807 1761 l.
830 1734 860 1759 11
880 1720 997 1760 Haec
1017 1720 1123 1760 inter
1143 1735 1185 1760 se
1206 1728 1328 1761 totum
1346 1751 1585 1762 .........
1610 1720 1832 1762 tuditances
1848 1752 1858 1762 .
1879 1729 1915 1763 et
1969 1769 1975 1776 ¹

471 1788 690 1830 Lucretius
725 1789 818 1828 item
855 1787 958 1828 libro
988 1799 1019 1825 11
1048 1785 1196 1839 (1142)
1226 1785 1313 1827 Nec
1346 1784 1609 1842 [tuditantia]
1642 1802 1728 1828 rem
1757 1795 1915 1829 cessant

474 1855 726 1895 extrinsecus
754 1853 894 1894 ullam.

415 1973 419 1977 ἡ
581 1920 675 1962 396.
707 1919 772 1960 Er
807 1932 953 1959 MAars
988 1932 1074 1958 nsr
1114 1919 1416 1961 AN1MUS.Hio
1452 1931 1598 1961 versus
1636 1924 1679 1961 et
1714 1920 1783 1973 qui
1821 1932 1914 1962 eum

471 1991 664 2028 secuntur
685 1986 833 2039 viginti
864 1998 916 2027 ex
944 1985 1153 2039 prioribus
1183 1998 1264 2026 uon
1295 1985 1399 2026 satis
1430 1986 1518 2038 apti
1548 1989 1660 2027 sunt:
1682 1985 1758 2028 sed
1787 1985 1915 2028 iidem

472 2053 507 2094 si
549 2053 689 2095 versui
726 2053 807 2094 349
845 2052 1040 2094 continuo
1081 2051 1360 2105 subicientur,
1398 2052 1540 2093 omnia
1578 2051 1915 2094 commodissime

472 2119 725 2173 procedent.
747 2131 831 2172 qua
859 2121 1029 2172 propter
1059 2118 1118 2159 ita
1147 2117 1308 2170 sentio,
1341 2121 1508 2171 poetam
1538 2131 1590 2160 ea
1619 2131 1728 2172 quae
1760 2117 1825 2160 his
1855 2119 1914 2160 in-

470 2186 645 2226 teriecta
676 2190 797 2238 sunt,
830 2186 980 2239 quibus
1011 2184 1189 2226 aliorum
1218 2183 1565 2238 philosophorum
1594 2185 1823 2227 sententias
1853 2198 1915 2227 re-

470 2251 605 2305 futat,
637 2252 855 2306 scripsisse
876 2252 1074 2305 quidem,
1105 2251 1180 2293 sed
1201 2263 1338 2305 neque
1358 2250 1505 2292 eodem
1535 2255 1750 2305 tempore,
1779 2264 1914 2305 neque

470 2330 520 2359 eo
558 2318 732 2359 consilio
754 2311 816 2358 'ut
851 2317 930 2359 hoc
965 2319 1057 2359 loco
1097 2321 1423 2371 reponerentur.
1445 2316 1566 2358 huius
1602 2316 1716 2358 modi
1753 2317 1913 2371 aliquid

472 2384 664 2426 evenisse
684 2384 868 2426 vidimus
888 2384 931 2425 in
953 2384 1058 2426 libro
1074 2398 1123 2438 11,
1144 2383 1222 2425 165
1242 2387 1284 2425 et
1302 2383 1410 2436 522,
1433 2383 1531 2424 item
1550 2384 1682 2436 1013,
1704 2384 1915 2438 multoque

469 2451 591 2504 plura
612 2462 663 2491 ex
689 2450 837 2492 eodem
868 2463 1023 2503 genere
1053 2451 1096 2491 in
1118 2453 1265 2504 quarto
1296 2454 1337 2491 et
1366 2449 1510 2503 quinto
1530 2449 1768 2492 notabimus
1784 2451 1913 2506 ,item

470 2516 612 2570 aliqua
641 2516 685 2557 in
715 2520 859 2557 sexto.

581 2583 675 2626 399.
706 2596 914 2623 Emeum
943 2596 1159 2624 PARTEM.
1182 2582 1399 2624 Corrector
1429 2582 1600 2635 oblongi
1629 2596 1885 2624 sxmusu.

581 2649 676 2691 400.
707 2663 880 2690 uncum
902 2663 1161 2689 EDISCEDIT
1179 2679 1189 2689 .
1213 2648 1452 2699 Quadratus
1473 2648 1742 2691 ediscederit:
1761 2649 1914 2691 Marul-

470 2716 534 2756 lus
563 2729 620 2755 ΕΤ
650 2715 848 2757 discedit.
871 2715 1156 2758 Wakefieldus
1193 2715 1333 2769 inepte
1361 2714 1510 2757 ludens
1536 2716 1659 2769 facul
1693 2724 1729 2757 et
1743 2731 1758 2768 ,-
1791 2728 1913 2769 quem

470 2782 606 2823 lusum
629 2781 738 2823 ferre
759 2794 953 2836 possem,
985 2782 1020 2823 si
1043 2781 1263 2823 occasione
1284 2781 1427 2823 oblata
1444 2794 1608 2823 versum
1631 2781 1796 2823 Afranii
1825 2793 1913 2823 cor-

471 2848 677 2900 rexisset,
709 2849 779 2901 qui
811 2852 926 2890 extat
955 2848 1067 2903 apud
1087 2848 1269 2889 Nonium
1299 2861 1339 2902 p.
1364 2849 1454 2902 111,
1477 2848 1531 2889 22
1547 2879 1557 2890 .
1579 2849 1617 2890 ei
1648 2846 1910 2890 adiciendum

473 2918 536 2954 est
555 2929 638 2954 una
658 2918 754 2968 post
762 2915 948 2970 femina,
971 2915 1048 2956 hoc
1068 2914 1191 2955 modo
1210 2947 1219 2967 ,
1241 2914 1501 2970 Hautfdcul
1512 2947 1522 2968 ,
1544 2923 1588 2956 ut
1608 2915 1667 2955 ait
1681 2914 1911 2967 Pacuvius,
