2040 3328
880 259 916 301 V
1560 254 1645 298 319

294 382 337 413 10
361 378 525 412 Animam
550 381 584 410 et
608 376 760 409 animum
784 385 854 408 non
879 384 977 419 posse
1002 383 1072 407 esse
1098 372 1172 406 sine
1197 382 1340 415 corpore

361 437 414 470 De
438 435 520 468 solis
545 439 578 468 et
602 435 704 467 lunae
731 434 915 467 offectione

360 495 414 528 De
438 493 617 527 nativitate
642 492 759 525 mundi
785 497 819 526 et
844 493 896 525 dis

361 553 527 585 Mundum
551 561 623 584 non
648 561 719 584 esse
745 551 787 584 ab
813 548 1104 593 disconpositione
1128 558 1239 581 rerum
1265 557 1329 589 que

361 611 518 644 stitutum
544 609 580 642 in
606 618 647 642 eo
671 614 750 642 sunt

295 670 336 703 15
362 669 428 703 Cui
454 679 531 711 pars
556 668 673 701 nativa
697 668 725 700 si
752 672 861 700 totum
886 666 1040 700 nativum
1065 674 1136 698 esse

359 728 414 761 De
438 727 608 761 centauris
633 727 675 760 de
699 725 807 759 souua
832 725 873 758 de
898 730 988 758 terra
1013 724 1055 758 de
1081 733 1170 764 aqua
1194 722 1235 755 de
1259 731 1338 755 aere
1362 721 1432 754 sive

361 786 478 819 anima
503 786 544 819 de
569 785 741 818 chimeera

290 845 334 877 32
362 845 415 877 De
439 844 519 877 lune
544 853 645 876 cursu

363 903 417 937 De
442 902 497 935 die
522 902 626 944 longo
653 906 687 934 et
710 901 803 935 brevi
829 905 930 934 nocte

352 971 404 1005 ‘ex
427 961 486 994 ida
509 961 602 994 viseo
627 960 709 993 solis

157 1040 302 1095 itaque
323 1039 436 1083 hune
466 1040 510 1083 in
532 1039 680 1083 codiee
710 1038 945 1095 archetypo
973 1037 1043 1081 vel
1074 1037 1155 1079 hoe
1175 1037 1244 1080 vel
1275 1035 1495 1079 simillimo
1516 1034 1644 1078 modo

159 1108 416 1165 dispositum
448 1109 583 1153 fuisse
613 1109 811 1152 existimo
830 1140 841 1150 .

214 1204 318 1248 Plus
347 1204 590 1248 hominibus
620 1203 833 1261 profuisse
862 1203 935 1258 qui
966 1201 1225 1258 sapientiam
1254 1200 1467 1244 invenerit

214 1285 343 1328 quam
373 1272 572 1332 Cererem
604 1273 807 1316 Liberum
836 1270 1093 1314 Herculem.

213 1341 415 1384 Animam
445 1342 636 1385 nativam
667 1354 763 1384 esse
781 1373 791 1384 .

212 1409 280 1452 De
309 1409 468 1453 mundo
487 1442 497 1451 .
1150 1424 1166 1449 5
1186 1424 1228 1449 De
1248 1424 1331 1451 lunae
1351 1424 1478 1449 lumine.

214 1477 279 1521 De
308 1477 414 1521 solis
446 1482 488 1521 et
516 1479 645 1522 lunae
673 1470 831 1522 eursu.
1152 1495 1195 1520 ne
1214 1494 1283 1520 anni
1303 1493 1497 1524 temporibus.

200 1544 332 1598 >Mare
363 1546 528 1589 eaelum
558 1551 715 1590 terram
745 1546 970 1590 interitura
987 1577 997 1587 .
1144 1563 1188 1588 ne
1208 1562 1328 1593 eclipsi.

155 1629 189 1654 ιο
214 1613 415 1657 Animam
447 1619 489 1658 et
518 1616 706 1658 animum
738 1627 824 1656 non
854 1607 984 1669 posse
1015 1627 1111 1658 esse
1141 1614 1235 1656 sine
1267 1624 1356 1654 eor-

211 1695 315 1738 ΡΟΥθ
333 1715 342 1724 ·
561 1701 605 1727 De
624 1701 694 1726 solis
714 1703 742 1725 et
760 1700 844 1725 lunae
863 1698 1033 1726 offectione.
1181 1698 1225 1723 De
1243 1696 1394 1722 nativitate
1414 1695 1513 1721 mundi
1535 1698 1563 1721 et
1583 1695 1639 1721 dis-

211 1750 418 1794 Mundum
449 1764 538 1794 non
568 1765 664 1795 esse
694 1752 749 1795 ab
781 1751 848 1794 dis
879 1764 1121 1802 con-positione
1140 1756 1237 1794 rafim
1254 1774 1309 1800 que

212 1819 404 1862 stitutum
421 1852 431 1862 .
453 1837 485 1862 in
505 1845 538 1864 ρο
557 1842 639 1865 sunt.
746 1840 778 1864 15
809 1820 887 1864 Cui
928 1833 1031 1877 pars
1066 1819 1216 1863 nativa
1253 1819 1335 1875 sit,
1363 1823 1497 1862 totum
1534 1820 1641 1862 nati—

209 1901 311 1931 vum
333 1901 429 1931 esse
447 1921 456 1931 .
478 1905 522 1930 ne
543 1906 694 1931 centauris.
713 1906 757 1931 De
777 1906 880 1932 semu.
904 1890 968 1932 De
979 1893 1108 1932 terra.
1127 1888 1193 1931 De
1205 1900 1333 1943 aqua.
1352 1888 1417 1930 De
1433 1891 1534 1930 aere
1550 1887 1643 1931 sive

210 1955 354 1999 anima
372 1988 382 1999 .
402 1973 446 1999 De
466 1974 636 2000 Chimeera.
755 1958 819 2000 De
850 1958 940 2012 igni
972 1961 1015 2001 et
1044 1956 1135 2000 8016
1158 1989 1167 1998 .
1199 1973 1263 1998 Non
1282 1973 1411 2004 potuisse
1430 1973 1596 1999 Chimeram
1615 1975 1643 1997 et

212 2025 278 2067 De
307 2023 511 2080 lampade
543 2028 584 2067 et
613 2025 790 2068 lucerna
811 2058 821 2068 .
854 2042 978 2075 Scyllam
998 2045 1026 2068 et
1043 2042 1154 2067 similia
1173 2047 1271 2066 eorum
1290 2040 1370 2072 gigni
1383 2058 1390 2065 .

153 2105 188 2132 20
212 2092 277 2135 De
306 2091 539 2148 aedificiis,
562 2105 688 2148 quem
720 2093 953 2138 adm0dum
984 2111 1134 2143 Quomodo
1154 2109 1320 2135 hominibus
1339 2109 1383 2134 in-

212 2160 427 2204 intereant
448 2193 458 2204 .
487 2179 553 2202 nata
570 2177 610 2204 sit
628 2177 746 2204 deorum
765 2180 884 2211 opinio.

212 2228 356 2281 Quare
415 2233 519 2272 nata
578 2231 724 2273 Omnia
783 2231 899 2276 dicta
929 2265 938 2274 .
985 2248 1076 2282 Quem
1105 2248 1259 2274 admodum
1289 2253 1390 2272 aurum

211 2296 354 2350 Quare
383 2298 617 2342 aeternitas
647 2312 742 2342 esse
771 2300 941 2356 possit.
973 2301 1026 2343 Et
1054 2301 1205 2344 nativa
1234 2313 1331 2343 esse
1353 2332 1363 2343 .
1395 2318 1542 2346 argentum

774 2358 924 2389 plumbum

152 2411 187 2438 2⁵
211 2399 277 2443 De
308 2399 515 2443 Phetonte
545 2400 651 2443 Solis
679 2401 768 2444 filio
790 2434 801 2444 .
831 2422 978 2452 repertum
995 2420 1050 2446 sit.

211 2466 343 2522 origo
373 2467 522 2511 mundl
553 2473 596 2512 et
625 2470 814 2513 omnium
837 2503 848 2514 .
879 2486 971 2518 Quem
990 2486 1143 2514 admodum
1162 2488 1270 2514 ferrum

212 2535 276 2578 De
306 2536 410 2579 solis
440 2541 483 2580 et
512 2537 643 2581 lunae
672 2538 967 2593 magnitudine
988 2571 998 2581 .
1031 2557 1179 2583 inventum
1199 2559 1251 2584 sn.

211 2602 277 2646 De
305 2604 410 2647 solis
439 2606 739 2660 magnitudine
760 2639 771 2649 .
1164 2624 1168 2628 ·

211 2670 278 2713 De
306 2671 410 2714 luna
430 2704 440 2714 .

153 2753 187 2779 30
211 2738 279 2781 De
309 2739 451 2782 calore
481 2741 614 2784 solis.

211 2808 445 2850 Democriti
477 2807 532 2851 de
561 2810 653 2853 sole
670 2842 680 2853 .

211 2877 276 2919 De
306 2875 407 2919 lune
437 2889 591 2920 eursu.
1142 2882 1208 2925 Ex
1239 2883 1322 2926 Ida
1351 2883 1471 2927 viseo
1502 2886 1608 2928 solis
1626 2917 1637 2928 .

539 2946 604 2989 De
634 2946 706 2991 die
735 2947 869 3004 longo
899 2952 941 2991 et
970 2949 1091 2993 brevi
1123 2954 1273 2995 noete.

267 3042 364 3086 930.
414 3055 504 3083 nnc
554 3056 667 3084 LABI
717 3057 959 3087 conroms
1008 3059 1135 3088 ULLA
1167 3078 1177 3088 .
1224 3046 1447 3103 Oblongus
1498 3050 1638 3106 prima
