2040 3328
482 233 565 276 320
1185 233 1222 275 V

484 357 610 386 manu
641 345 731 386 labo
746 376 757 397 ,
780 344 869 385 labi
894 347 1101 384 corrector
1118 374 1127 383 .
1148 342 1226 384 hoc
1246 343 1381 398 ipsum
1403 345 1492 386 labi
1517 345 1710 387 librarius
1731 345 1926 399 quadrati

483 410 699 453 exhibuit:
724 413 932 451 corrector
963 409 1060 451 fecit
1090 409 1178 451 labe
1195 441 1204 451 .

595 476 689 518 933.
721 489 867 516 cunvr
895 488 1191 517 MODERATOR
1218 490 1364 516 ARARI
1381 507 1392 518 .
1413 476 1703 531 Antiquissimi
1724 481 1927 520 correcto-
1947 514 1949 516 .

482 556 549 585 ΓΕΒ
579 556 759 583 ARATRI
777 574 786 583 .

593 609 686 651 934.
718 622 871 649 penno
901 622 1182 650 MOLLERIER
1210 623 1339 650 ARVA
1358 641 1367 651 .
1389 609 1605 652 Corrector
1631 611 1800 664 oblongi
1830 611 1927 653 mol-

484 677 602 718 lirier
619 706 628 715 .
649 675 880 717 Brixiensis
911 675 1045 717 editor
1076 681 1116 717 et
1146 676 1348 717 Marullus
1377 689 1639 717 mommmz.

594 743 688 785 935.
719 756 958 783 VIRGUITA
976 774 985 783 .
1008 742 1301 796 Antiquissimi
1332 747 1586 785 correctores
1615 757 1856 784 vmcnnu
1875 775 1886 785 .

595 810 690 852 937.
721 823 895 849 means
914 822 1202 864 DEDERANT,
1225 822 1358 854 QUOD
1380 822 1532 850 'rmum
1550 822 1800 850 CREARANT
1818 840 1827 851 .
1850 810 1928 852 De-

485 876 602 919 derat
630 875 742 930 apud
764 875 1022 918 Macrobium
1050 875 1214 917 Saturn.
1238 870 1292 930 vi,
1313 877 1361 930 1,
1383 876 1525 929 itaque
1556 875 1764 930 oblongus
1793 876 1930 931 prima

484 956 609 985 manu
632 973 642 983 .
673 942 826 984 deinde
863 956 1083 982 CREARAT
1115 942 1352 984 Macrobius
1388 946 1429 983 et
1464 946 1671 984 corrector
1707 942 1900 996 quadrati
1919 975 1929 995 ‚

483 1011 580 1052 item
609 1009 817 1050 Antonius
847 1008 1115 1050 Florentinus
1135 1040 1143 1048 .
1165 1021 1262 1050 mox
1285 1009 1481 1064 placarat
1510 1009 1622 1063 apud
1647 1009 1929 1051 Macrobium.

595 1075 688 1118 941.
722 1075 911 1116 ARV1⁷rA
935 1109 944 1118 .
977 1075 1045 1117 Sic
1085 1075 1234 1115 iterum
1270 1078 1433 1117 veteres
1471 1087 1595 1117 versu
1611 1075 1723 1118 965:
1753 1079 1930 1130 utroque

482 1143 574 1185 loco
606 1145 815 1183 corrector
845 1141 1016 1195 oblongi
1048 1140 1145 1182 fecit
1174 1142 1321 1182 arbuta
1338 1174 1347 1184 .
1369 1141 1448 1182 hoc
1475 1154 1627 1184 nomen
1656 1155 1730 1196 per
1759 1142 1780 1184 i
1805 1141 1930 1196 scrip-

485 1214 572 1251 tum
602 1222 685 1250 non
715 1208 863 1251 videor
883 1208 984 1249 mihi
1013 1207 1169 1260 legisse
1188 1221 1197 1248 ι
1219 1207 1294 1249 sed
1315 1207 1493 1250 fortasse
1518 1221 1601 1250 non
1622 1207 1724 1250 satis
1745 1206 1930 1259 attendi,

484 1281 526 1318 et
545 1275 780 1330 improbum
801 1274 907 1316 duco
928 1275 1055 1329 talia,
1078 1287 1171 1315 cum
1193 1274 1347 1316 nemini
1373 1278 1576 1327 noceant,
1599 1274 1722 1316 tacite
1743 1277 1930 1328 mutare,

485 1342 598 1396 quod
630 1342 817 1383 fecerunt
845 1341 912 1383 hic
943 1341 1124 1382 editores
1154 1339 1276 1382 huius
1305 1345 1456 1395 poetae
1485 1341 1696 1383 universi.

599 1408 693 1451 944.
724 1408 925 1449 PABULA
959 1421 1077 1448 Dum
1114 1421 1285 1448 τυωτ.
1315 1407 1404 1449 Hoc
1449 1407 1678 1450 absurdum
1714 1411 1806 1461 est,
1839 1420 1932 1449 cum

484 1488 620 1530 neque
663 1475 848 1528 graviter
883 1475 1042 1516 olentia
1076 1487 1212 1528 neque
1246 1474 1441 1516 necantia
1484 1487 1618 1528 neque
1662 1486 1714 1515 ex
1750 1474 1934 1516 humana

485 1555 610 1585 carne
639 1542 771 1596 petita
790 1540 1078 1594 intellegenda
1107 1541 1215 1582 sint.
1237 1540 1292 1582 ad
1323 1554 1409 1583 rem
1440 1540 1599 1583 faciunt
1627 1540 1750 1582 unice
1770 1541 1934 1583 Pabula

484 1623 610 1649 DURA
630 1640 639 1663 ,
660 1612 705 1649 ut
734 1608 902 1662 scripsit
931 1608 1171 1661 Naugerius
1188 1640 1197 1648 .

597 1675 691 1717 945.
724 1675 791 1715 AT
822 1687 1008 1716 8110111111
1040 1688 1200 1715 snm.
1231 1674 1304 1715 Ad
1337 1674 1451 1729 apud
1482 1674 1739 1716 Macrobium
1768 1674 1932 1716 Saturn.

485 1741 579 1795 V1‚1
600 1775 609 1797 ,
631 1740 744 1794 quod
773 1741 843 1794 qui
876 1744 947 1782 aut
975 1740 1238 1782 librariorum
1276 1745 1490 1795 peccatum
1526 1753 1618 1782 esse
1649 1740 1868 1792 dixerunt,
1890 1743 1935 1781 ut

485 1806 775 1850 Wakefieldus
795 1839 804 1859 ‚
826 1811 897 1849 aut
927 1820 1019 1848 cum
1047 1807 1172 1848 Gerh.
1193 1807 1281 1849 Ioh.
1303 1807 1454 1849 Vossio
1484 1806 1733 1849 infinitivum
1756 1818 1848 1847 cum
1878 1805 1937 1846 ad

484 1874 798 1930 praepositione
843 1874 1106 1915 coniunctum
1151 1873 1369 1915 ferendum
1417 1874 1656 1916 iudicarunt
1676 1905 1686 1927 ,
1717 1873 1933 1925 orthogra—

485 1943 610 1997 phiae
641 1941 839 1995 antiquae
869 1941 1047 1996 turpiter
1077 1940 1258 1995 imperiti
1290 1940 1481 1982 fuerunt.

597 2009 691 2052 946.
723 2022 976 2048 DEcURsth
1006 2021 1160 2052 AQUAI
1190 2006 1513 2049 CLARICITATI
1542 2021 1568 2048 A
1600 2021 1655 2047 TE
1686 2018 1934 2046 SITIENTIA

487 2090 668 2117 8251:an
698 2089 926 2116 FERARUM
947 2107 956 2116 .
988 2074 1066 2116 Hic
1098 2075 1302 2116 Lambino
1339 2075 1444 2116 duce
1480 2073 1591 2116 docti
1628 2073 1816 2115 homines
1846 2072 1935 2114 fere

486 2145 547 2185 ita
575 2143 837 2193 iudicarunt,
859 2143 1096 2184 Simeonem
1126 2141 1297 2183 Bosium
1326 2140 1556 2182 rectissime
1587 2153 1609 2182 e
1639 2143 1781 2182 vetere
1809 2139 1935 2192 scrip·

486 2215 581 2252 tura
611 2210 770 2251 eruisse
801 2209 1017 2251 Claricz'tat
1044 2221 1199 2262 LATE,
1231 2209 1365 2249 donec
1400 2210 1543 2249 nostro
1573 2211 1760 2261 tempore
1790 2205 1934 2247 Alber-

487 2281 551 2318 tus
582 2275 817 2329 Forbiger,
848 2275 1047 2318 Orellium
1078 2279 1248 2328 tamen,
1278 2274 1434 2328 nequid
1471 2274 1562 2328 ipse
1591 2273 1748 2314 audere
1777 2271 1936 2315 videre-

486 2347 584 2397 tur,
615 2342 695 2384 hoc
720 2346 823 2383 ¹ante
853 2354 899 2383 se
919 2342 1076 2383 dixisse
1106 2345 1312 2395 testatus,
1344 2339 1612 2382 cla-ricitandz·
1636 2339 1809 2381 verbum
1838 2337 1935 2379 ‘non

488 2410 600 2451 omni
630 2409 765 2450 solum
786 2408 1034 2450 auctoritate
1065 2408 1260 2461 destitui,
1282 2407 1356 2449 sed
1388 2407 1514 2450 etiam
1542 2405 1767 2458 analogiae
1787 2405 1935 2447 adver-

487 2475 614 2529 sari’,
648 2475 906 2517 confidenter
939 2474 1261 2529 pronuntiaret:
1293 2487 1378 2529 qua
1415 2471 1657 2515 fortitudine
1693 2471 1851 2513 scilicet
1879 2471 1935 2512 ad

487 2542 656 2585 laudem
679 2541 836 2594 ingenii
866 2545 1132 2594 grassaretur
1152 2545 1192 2582 et
1222 2540 1277 2581 ad
1299 2538 1630 2582 emendationem
1660 2537 1933 2593 pariendam,

489 2622 598 2664 quae
618 2609 700 2664 ipsi
720 2608 939 2650 ‘facillima
959 2611 1025 2660 et,
1048 2607 1136 2649 fere
1157 2607 1335 2660 dixerit,
1358 2604 1601 2647 certissima'
1620 2617 1714 2646 esse
1734 2604 1828 2646 visa
1848 2607 1912 2646 est
1925 2635 1934 2644 .

489 2689 541 2719 ea
556 2681 694 2718 autem
712 2680 775 2718 est
790 2674 911 2716 huius
931 2673 1044 2715 modi
1062 2706 1071 2727 ,
1102 2674 1153 2714 Ut
1172 2689 1279 2714 nunc
1299 2673 1500 2715 montibus
1521 2688 1540 2714 e
1559 2671 1722 2727 maqnz's
1741 2670 1936 2712 decursus

489 2750 620 2799 aquai*
639 2743 779 2793 Claru'
801 2743 898 2783 citat
926 2741 1006 2783 late
1025 2740 1208 2782 sitientia
1237 2740 1346 2781 secla
1352 2740 1552 2795 ferarum
1569 2769 1577 2779 .
1600 2750 1682 2791 quo
1704 2740 1934 2779 commento

489 2810 648 2852 nullum
671 2809 882 2851 infelicius
913 2807 1090 2861 cogitari
1110 2810 1274 2861 potest.
1296 2818 1394 2847 nam
1416 2806 1615 2848 decursus
1645 2815 1780 2858 aquae
1801 2815 1936 2857 neque

490 2878 587 2918 citat
617 2876 755 2930 feras,
777 2875 856 2918 hoc
886 2879 950 2917 est
979 2878 1051 2916 aut
1080 2874 1135 2916 ad
1171 2885 1337 2915 cursum
1366 2872 1541 2925 instigat
1570 2875 1642 2913 aut
1669 2870 1835 2912 nomine
1863 2881 1937 2922 ap-

490 2943 649 2997 pellat,
670 2955 807 2996 neque
837 2942 977 2983 clarus
1013 2940 1223 2994 quomodo
1260 2939 1422 2982 dicatur
1458 2938 1684 2991 intellego:
1705 2937 1796 2990 ipse
1825 2935 1935 2977 enim
