<?xml version="1.0" encoding="UTF-8"?>
<!DOCTYPE html PUBLIC "-//W3C//DTD XHTML 1.0 Transitional//EN"
    "http://www.w3.org/TR/xhtml1/DTD/xhtml1-transitional.dtd">
<html xmlns="http://www.w3.org/1999/xhtml" xml:lang="en" lang="en">
 <head>
  <title>
</title>
<meta http-equiv="Content-Type" content="text/html;charset=utf-8" />
  <meta name='ocr-system' content='tesseract 3.04.00' />
  <meta name='ocr-capabilities' content='ocr_page ocr_carea ocr_par ocr_line ocrx_word'/>
</head>
<body>
  <div class='ocr_page' id='page_1' title='image "./intlucretiicarid00lachuoft_0405.png"; bbox 0 0 2040 3328; ppageno 0'>
   <div class='ocr_carea' id='block_1_1' title="bbox 11 3132 28 3244">
    <p class='ocr_par' dir='ltr' id='par_1_1' title="bbox 11 3132 28 3244">
     <span class='ocr_line' id='line_1_1' title="bbox 11 3132 28 3244; textangle 90"><span class='ocrx_word' id='word_1_1' title='bbox 16 3207 27 3244; x_wconf 45' lang='lat' dir='ltr'><strong>-va</strong></span> <span class='ocrx_word' id='word_1_2' title='bbox 11 3147 28 3198; x_wconf 51' lang='grc' dir='ltr'><strong>φιν..</strong></span> <span class='ocrx_word' id='word_1_3' title='bbox 17 3132 24 3138; x_wconf 64' lang='grc'><strong>«,</strong></span> 
     </span>
    </p>
   </div>
   <div class='ocr_carea' id='block_1_2' title="bbox 910 222 1677 267">
    <p class='ocr_par' dir='ltr' id='par_1_2' title="bbox 910 222 1677 267">
     <span class='ocr_line' id='line_1_2' title="bbox 910 222 1677 267; baseline -0.001 -1"><span class='ocrx_word' id='word_1_4' title='bbox 910 222 971 266; x_wconf 93' lang='lat' dir='ltr'><strong>VI</strong></span> <span class='ocrx_word' id='word_1_5' title='bbox 1596 225 1677 267; x_wconf 88' lang='grc'><strong>401</strong></span> 
     </span>
    </p>
   </div>
   <div class='ocr_carea' id='block_1_3' title="bbox 197 337 1703 3052">
    <p class='ocr_par' dir='ltr' id='par_1_3' title="bbox 198 337 1680 462">
     <span class='ocr_line' id='line_1_3' title="bbox 200 337 1680 394; baseline -0.001 -12"><span class='ocrx_word' id='word_1_6' title='bbox 200 337 496 382; x_wconf 86' lang='lat' dir='ltr'><strong>Wakefieldus</strong></span> <span class='ocrx_word' id='word_1_7' title='bbox 518 351 789 379; x_wconf 66' lang='lat' dir='ltr'><strong>Gmscnsrn</strong></span> <span class='ocrx_word' id='word_1_8' title='bbox 808 372 816 380; x_wconf 94' lang='lat'><strong>.</strong></span> <span class='ocrx_word' id='word_1_9' title='bbox 840 338 951 381; x_wconf 86' lang='lat' dir='ltr'><strong>hune</strong></span> <span class='ocrx_word' id='word_1_10' title='bbox 968 338 1238 381; x_wconf 83' lang='lat' dir='ltr'><strong>Eiehstadius</strong></span> <span class='ocrx_word' id='word_1_11' title='bbox 1261 343 1303 382; x_wconf 89' lang='lat' dir='ltr'><strong>et</strong></span> <span class='ocrx_word' id='word_1_12' title='bbox 1318 340 1527 394; x_wconf 86' lang='lat' dir='ltr'><strong>Forbiger</strong></span> <span class='ocrx_word' id='word_1_13' title='bbox 1548 339 1680 381; x_wconf 89' lang='lat' dir='ltr'><strong>liben-</strong></span> 
     </span>
     <span class='ocr_line' id='line_1_4' title="bbox 198 408 876 462; baseline -0.003 -12"><span class='ocrx_word' id='word_1_14' title='bbox 198 408 284 450; x_wconf 98' lang='lat' dir='ltr'><strong>tius</strong></span> <span class='ocrx_word' id='word_1_15' title='bbox 314 410 542 460; x_wconf 81' lang='lat' dir='ltr'><strong>secuntur,</strong></span> <span class='ocrx_word' id='word_1_16' title='bbox 576 419 669 448; x_wconf 86' lang='lat' dir='ltr'><strong>cum</strong></span> <span class='ocrx_word' id='word_1_17' title='bbox 699 411 849 462; x_wconf 82' lang='lat' dir='ltr'><strong>peccat</strong></span> <span class='ocrx_word' id='word_1_18' title='bbox 867 440 876 448; x_wconf 92' lang='lat'><strong>.</strong></span> 
     </span>
    </p>

    <p class='ocr_par' dir='ltr' id='par_1_4' title="bbox 198 474 1683 735">
     <span class='ocr_line' id='line_1_5' title="bbox 314 474 1682 530; baseline 0.001 -13"><span class='ocrx_word' id='word_1_19' title='bbox 314 474 410 517; x_wconf 89' lang='lat'><strong>874.</strong></span> <span class='ocrx_word' id='word_1_20' title='bbox 444 489 580 515; x_wconf 76' lang='lat' dir='ltr'><strong>soms</strong></span> <span class='ocrx_word' id='word_1_21' title='bbox 611 489 762 516; x_wconf 64' lang='lat' dir='ltr'><strong>mnis</strong></span> <span class='ocrx_word' id='word_1_22' title='bbox 793 489 1044 517; x_wconf 66' lang='grc' dir='ltr'>ιΑοΤΑτυιῑ</span> <span class='ocrx_word' id='word_1_23' title='bbox 1075 489 1206 521; x_wconf 76' lang='lat' dir='ltr'><strong>AQUA</strong></span> <span class='ocrx_word' id='word_1_24' title='bbox 1238 477 1410 518; x_wconf 81' lang='lat' dir='ltr'><strong>UMOR.</strong></span> <span class='ocrx_word' id='word_1_25' title='bbox 1442 476 1563 519; x_wconf 72' lang='lat' dir='ltr'><strong>Badc&#39;</strong></span> <span class='ocrx_word' id='word_1_26' title='bbox 1580 490 1682 530; x_wconf 89' lang='lat' dir='ltr'><strong>qua-</strong></span> 
     </span>
     <span class='ocr_line' id='line_1_6' title="bbox 200 543 1683 599; baseline 0.001 -14"><span class='ocrx_word' id='word_1_27' title='bbox 200 543 347 586; x_wconf 84' lang='lat' dir='ltr'><strong>dratus</strong></span> <span class='ocrx_word' id='word_1_28' title='bbox 365 577 375 598; x_wconf 88' lang='lat'>,</span> <span class='ocrx_word' id='word_1_29' title='bbox 422 557 591 584; x_wconf 56' lang='lat' dir='ltr'><strong>minus</strong></span> <span class='ocrx_word' id='word_1_30' title='bbox 632 547 845 586; x_wconf 80' lang='lat' dir='ltr'><strong>corrector</strong></span> <span class='ocrx_word' id='word_1_31' title='bbox 886 543 1062 597; x_wconf 89' lang='lat' dir='ltr'>oblongi</span> <span class='ocrx_word' id='word_1_32' title='bbox 1082 577 1090 585; x_wconf 89' lang='lat'><strong>.</strong></span> <span class='ocrx_word' id='word_1_33' title='bbox 1137 543 1217 586; x_wconf 86' lang='lat' dir='ltr'><strong>hoe</strong></span> <span class='ocrx_word' id='word_1_34' title='bbox 1259 548 1323 586; x_wconf 88' lang='lat' dir='ltr'><strong>est</strong></span> <span class='ocrx_word' id='word_1_35' title='bbox 1366 544 1483 599; x_wconf 89' lang='lat' dir='ltr'><strong>apud</strong></span> <span class='ocrx_word' id='word_1_36' title='bbox 1523 546 1683 586; x_wconf 81' lang='lat' dir='ltr'><strong>Macro-</strong></span> 
     </span>
     <span class='ocr_line' id='line_1_7' title="bbox 200 610 1683 667; baseline 0 -13"><span class='ocrx_word' id='word_1_37' title='bbox 200 611 315 654; x_wconf 91' lang='lat' dir='ltr'><strong>bium</strong></span> <span class='ocrx_word' id='word_1_38' title='bbox 344 612 389 654; x_wconf 91' lang='lat' dir='ltr'><strong>in</strong></span> <span class='ocrx_word' id='word_1_39' title='bbox 410 613 577 654; x_wconf 86' lang='lat' dir='ltr'><strong>Saturn.</strong></span> <span class='ocrx_word' id='word_1_40' title='bbox 600 625 656 667; x_wconf 75' lang='lat' dir='ltr'><strong>Vt,</strong></span> <span class='ocrx_word' id='word_1_41' title='bbox 673 611 730 666; x_wconf 87' lang='lat'><strong>4,</strong></span> <span class='ocrx_word' id='word_1_42' title='bbox 760 610 837 653; x_wconf 87' lang='lat' dir='ltr'><strong>sed</strong></span> <span class='ocrx_word' id='word_1_43' title='bbox 869 610 1029 653; x_wconf 84' lang='lat' dir='ltr'><strong>ibidem</strong></span> <span class='ocrx_word' id='word_1_44' title='bbox 1063 627 1176 667; x_wconf 79' lang='lat' dir='ltr'><strong>aqua</strong></span> <span class='ocrx_word' id='word_1_45' title='bbox 1206 616 1252 653; x_wconf 89' lang='lat' dir='ltr'><strong>ut</strong></span> <span class='ocrx_word' id='word_1_46' title='bbox 1273 613 1316 654; x_wconf 90' lang='lat' dir='ltr'><strong>in</strong></span> <span class='ocrx_word' id='word_1_47' title='bbox 1338 612 1521 654; x_wconf 81' lang='lat' dir='ltr'><strong>Lucretii</strong></span> <span class='ocrx_word' id='word_1_48' title='bbox 1545 626 1683 655; x_wconf 81' lang='lat' dir='ltr'><strong>exem-</strong></span> 
     </span>
     <span class='ocr_line' id='line_1_8' title="bbox 198 679 422 735; baseline 0 -13"><span class='ocrx_word' id='word_1_49' title='bbox 198 679 393 735; x_wconf 83' lang='lat' dir='ltr'><strong>plaribus</strong></span> <span class='ocrx_word' id='word_1_50' title='bbox 414 713 422 722; x_wconf 93' lang='lat'><strong>.</strong></span> 
     </span>
    </p>

    <p class='ocr_par' dir='ltr' id='par_1_5' title="bbox 198 748 1686 1075">
     <span class='ocr_line' id='line_1_9' title="bbox 316 748 1684 804; baseline -0.001 -14"><span class='ocrx_word' id='word_1_51' title='bbox 316 748 412 791; x_wconf 93' lang='lat'><strong>877.</strong></span> <span class='ocrx_word' id='word_1_52' title='bbox 447 750 735 803; x_wconf 65' lang='lat' dir='ltr'><strong>Demi-TAT,</strong></span> <span class='ocrx_word' id='word_1_53' title='bbox 768 763 917 795; x_wconf 79' lang='lat' dir='ltr'><strong>QUASI</strong></span> <span class='ocrx_word' id='word_1_54' title='bbox 935 781 944 791; x_wconf 90' lang='lat'><strong>.</strong></span> <span class='ocrx_word' id='word_1_55' title='bbox 968 748 1161 802; x_wconf 83' lang='lat' dir='ltr'><strong>Primus,</strong></span> <span class='ocrx_word' id='word_1_56' title='bbox 1189 752 1320 804; x_wconf 85' lang='lat' dir='ltr'><strong>puto,</strong></span> <span class='ocrx_word' id='word_1_57' title='bbox 1345 748 1578 791; x_wconf 83' lang='lat' dir='ltr'><strong>Lambinus</strong></span> <span class='ocrx_word' id='word_1_58' title='bbox 1603 749 1684 790; x_wconf 85' lang='lat' dir='ltr'><strong>Dx-</strong></span> 
     </span>
     <span class='ocr_line' id='line_1_10' title="bbox 198 816 1685 872; baseline -0.001 -14"><span class='ocrx_word' id='word_1_59' title='bbox 198 831 409 859; x_wconf 68' lang='lat' dir='ltr'><strong>uni-AT.</strong></span> <span class='ocrx_word' id='word_1_60' title='bbox 449 816 556 860; x_wconf 84' lang='lat' dir='ltr'><strong>haee</strong></span> <span class='ocrx_word' id='word_1_61' title='bbox 593 816 709 872; x_wconf 90' lang='lat' dir='ltr'><strong>apud</strong></span> <span class='ocrx_word' id='word_1_62' title='bbox 740 817 1007 860; x_wconf 79' lang='lat' dir='ltr'><strong>Priscianum</strong></span> <span class='ocrx_word' id='word_1_63' title='bbox 1039 831 1080 871; x_wconf 89' lang='lat' dir='ltr'><strong>p.</strong></span> <span class='ocrx_word' id='word_1_64' title='bbox 1099 816 1182 859; x_wconf 78' lang='lat'><strong>685</strong></span> <span class='ocrx_word' id='word_1_65' title='bbox 1221 816 1494 859; x_wconf 83' lang='lat' dir='ltr'><strong>vitiosissime</strong></span> <span class='ocrx_word' id='word_1_66' title='bbox 1526 817 1685 871; x_wconf 83' lang='lat' dir='ltr'><strong>scripta</strong></span> 
     </span>
     <span class='ocr_line' id='line_1_11' title="bbox 200 884 1686 940; baseline -0.001 -13"><span class='ocrx_word' id='word_1_67' title='bbox 200 888 325 940; x_wconf 84' lang='lat' dir='ltr'><strong>sunt,</strong></span> <span class='ocrx_word' id='word_1_68' title='bbox 357 889 399 927; x_wconf 88' lang='lat' dir='ltr'><strong>et</strong></span> <span class='ocrx_word' id='word_1_69' title='bbox 428 885 601 939; x_wconf 90' lang='lat' dir='ltr'><strong>quidem</strong></span> <span class='ocrx_word' id='word_1_70' title='bbox 634 885 714 927; x_wconf 83' lang='lat' dir='ltr'><strong>hoe</strong></span> <span class='ocrx_word' id='word_1_71' title='bbox 744 884 899 940; x_wconf 89' lang='lat' dir='ltr'><strong>modo,</strong></span> <span class='ocrx_word' id='word_1_72' title='bbox 933 885 969 928; x_wconf 88' lang='lat' dir='ltr'><strong>si</strong></span> <span class='ocrx_word' id='word_1_73' title='bbox 1003 885 1181 927; x_wconf 85' lang='lat' dir='ltr'><strong>Krehlio</strong></span> <span class='ocrx_word' id='word_1_74' title='bbox 1213 884 1320 927; x_wconf 88' lang='lat' dir='ltr'><strong>fides</strong></span> <span class='ocrx_word' id='word_1_75' title='bbox 1339 917 1348 925; x_wconf 91' lang='lat'><strong>.</strong></span> <span class='ocrx_word' id='word_1_76' title='bbox 1381 885 1612 940; x_wconf 72' lang='lat' dir='ltr'><strong>Propterea</strong></span> <span class='ocrx_word' id='word_1_77' title='bbox 1629 885 1686 940; x_wconf 76' lang='lat' dir='ltr'><strong>fic</strong></span> 
     </span>
     <span class='ocr_line' id='line_1_12' title="bbox 201 953 1686 1010; baseline -0.001 -14"><span class='ocrx_word' id='word_1_78' title='bbox 201 955 268 996; x_wconf 73' lang='lat' dir='ltr'><strong>uti</strong></span> <span class='ocrx_word' id='word_1_79' title='bbox 293 969 401 1010; x_wconf 79' lang='lat' dir='ltr'><strong>quae</strong></span> <span class='ocrx_word' id='word_1_80' title='bbox 430 969 604 1010; x_wconf 80' lang='lat' dir='ltr'><strong>cumque</strong></span> <span class='ocrx_word' id='word_1_81' title='bbox 634 954 753 996; x_wconf 75' lang='lat' dir='ltr'><strong>habet</strong></span> <span class='ocrx_word' id='word_1_82' title='bbox 774 955 819 996; x_wconf 78' lang='lat' dir='ltr'><strong>in</strong></span> <span class='ocrx_word' id='word_1_83' title='bbox 841 971 883 996; x_wconf 85' lang='lat' dir='ltr'><strong>se</strong></span> <span class='ocrx_word' id='word_1_84' title='bbox 905 954 1047 995; x_wconf 72' lang='lat' dir='ltr'><strong>Mittat</strong></span> <span class='ocrx_word' id='word_1_85' title='bbox 1061 987 1072 1008; x_wconf 70' lang='lat'><em>7</em></span> <span class='ocrx_word' id='word_1_86' title='bbox 1107 955 1210 1009; x_wconf 78' lang='lat' dir='ltr'><strong>quia</strong></span> <span class='ocrx_word' id='word_1_87' title='bbox 1230 969 1354 1009; x_wconf 78' lang='lat' dir='ltr'><strong>saepe</strong></span> <span class='ocrx_word' id='word_1_88' title='bbox 1380 953 1520 1008; x_wconf 43' lang='lat' dir='ltr'><strong>,qelum</strong></span> <span class='ocrx_word' id='word_1_89' title='bbox 1538 986 1548 1006; x_wconf 81' lang='grc'>,</span> <span class='ocrx_word' id='word_1_90' title='bbox 1573 953 1686 1009; x_wconf 76' lang='lat' dir='ltr'><strong>quod</strong></span> 
     </span>
     <span class='ocr_line' id='line_1_13' title="bbox 201 1021 777 1075; baseline -0.002 -10"><span class='ocrx_word' id='word_1_91' title='bbox 201 1023 379 1065; x_wconf 78' lang='lat' dir='ltr'><strong>continet</strong></span> <span class='ocrx_word' id='word_1_92' title='bbox 407 1021 453 1063; x_wconf 79' lang='lat' dir='ltr'><strong>in</strong></span> <span class='ocrx_word' id='word_1_93' title='bbox 483 1037 527 1063; x_wconf 83' lang='lat' dir='ltr'><strong>se</strong></span> <span class='ocrx_word' id='word_1_94' title='bbox 542 1054 553 1075; x_wconf 84' lang='lat'><em>‚</em></span> <span class='ocrx_word' id='word_1_95' title='bbox 586 1022 777 1064; x_wconf 73' lang='lat' dir='ltr'><strong>Emittit.</strong></span> 
     </span>
    </p>

    <p class='ocr_par' dir='ltr' id='par_1_6' title="bbox 202 1089 1686 1206">
     <span class='ocr_line' id='line_1_14' title="bbox 315 1089 1686 1147; baseline 0 -15"><span class='ocrx_word' id='word_1_96' title='bbox 315 1089 411 1132; x_wconf 91' lang='lat'><strong>878.</strong></span> <span class='ocrx_word' id='word_1_97' title='bbox 449 1103 715 1137; x_wconf 72' lang='lat' dir='ltr'><strong>Nossosoun</strong></span> <span class='ocrx_word' id='word_1_98' title='bbox 734 1124 743 1132; x_wconf 94' lang='lat'><strong>.</strong></span> <span class='ocrx_word' id='word_1_99' title='bbox 787 1090 1012 1133; x_wconf 75' lang='lat' dir='ltr'><strong>Cori-ector</strong></span> <span class='ocrx_word' id='word_1_100' title='bbox 1044 1090 1219 1144; x_wconf 88' lang='lat' dir='ltr'><strong>oblongi</strong></span> <span class='ocrx_word' id='word_1_101' title='bbox 1251 1105 1482 1147; x_wconf 71' lang='lat' dir='ltr'><strong>novosque.</strong></span> <span class='ocrx_word' id='word_1_102' title='bbox 1527 1091 1686 1145; x_wconf 88' lang='lat' dir='ltr'><strong>optime</strong></span> 
     </span>
     <span class='ocr_line' id='line_1_15' title="bbox 202 1158 901 1206; baseline 0 -4"><span class='ocrx_word' id='word_1_103' title='bbox 202 1159 415 1203; x_wconf 89' lang='lat' dir='ltr'><strong>Antonius</strong></span> <span class='ocrx_word' id='word_1_104' title='bbox 446 1158 574 1201; x_wconf 83' lang='lat' dir='ltr'><strong>Marii</strong></span> <span class='ocrx_word' id='word_1_105' title='bbox 606 1173 873 1206; x_wconf 68' lang='lat' dir='ltr'><strong>nonosQus</strong></span> <span class='ocrx_word' id='word_1_106' title='bbox 891 1192 901 1202; x_wconf 88' lang='lat'><strong>.</strong></span> 
     </span>
    </p>

    <p class='ocr_par' dir='ltr' id='par_1_7' title="bbox 317 1226 1686 1271">
     <span class='ocr_line' id='line_1_16' title="bbox 317 1226 1686 1271; baseline -0.001 -1"><span class='ocrx_word' id='word_1_107' title='bbox 317 1227 414 1270; x_wconf 92' lang='lat'><strong>879.</strong></span> <span class='ocrx_word' id='word_1_108' title='bbox 446 1226 637 1269; x_wconf 70' lang='lat' dir='ltr'><strong>anus</strong></span> <span class='ocrx_word' id='word_1_109' title='bbox 668 1242 753 1269; x_wconf 71' lang='lat' dir='ltr'><strong>nsi·</strong></span> <span class='ocrx_word' id='word_1_110' title='bbox 772 1261 781 1271; x_wconf 89' lang='lat'><strong>.</strong></span> <span class='ocrx_word' id='word_1_111' title='bbox 803 1228 903 1270; x_wconf 86' lang='lat' dir='ltr'><strong>Itali</strong></span> <span class='ocrx_word' id='word_1_112' title='bbox 934 1232 976 1270; x_wconf 86' lang='lat' dir='ltr'><strong>et</strong></span> <span class='ocrx_word' id='word_1_113' title='bbox 998 1228 1234 1271; x_wconf 84' lang='lat' dir='ltr'><strong>Brixiensis</strong></span> <span class='ocrx_word' id='word_1_114' title='bbox 1266 1228 1396 1270; x_wconf 84' lang='lat' dir='ltr'><strong>editio</strong></span> <span class='ocrx_word' id='word_1_115' title='bbox 1421 1227 1686 1269; x_wconf 73' lang='lat' dir='ltr'><strong>anmns.</strong></span> 
     </span>
    </p>

    <p class='ocr_par' dir='ltr' id='par_1_8' title="bbox 202 1295 1687 1407">
     <span class='ocr_line' id='line_1_17' title="bbox 315 1295 1687 1340; baseline -0.001 -2"><span class='ocrx_word' id='word_1_116' title='bbox 315 1295 412 1340; x_wconf 87' lang='lat'>880.</span> <span class='ocrx_word' id='word_1_117' title='bbox 460 1295 661 1337; x_wconf 80' lang='lat' dir='ltr'><strong>STUPPA</strong></span> <span class='ocrx_word' id='word_1_118' title='bbox 706 1311 852 1338; x_wconf 74' lang='lat' dir='ltr'><strong>1.Acm·</strong></span> <span class='ocrx_word' id='word_1_119' title='bbox 897 1311 1135 1338; x_wconf 72' lang='lat' dir='ltr'><strong>FLAMMAM</strong></span> <span class='ocrx_word' id='word_1_120' title='bbox 1154 1330 1162 1338; x_wconf 94' lang='lat'><strong>.</strong></span> <span class='ocrx_word' id='word_1_121' title='bbox 1210 1295 1483 1339; x_wconf 85' lang='lat' dir='ltr'><strong>Correotores</strong></span> <span class='ocrx_word' id='word_1_122' title='bbox 1520 1300 1687 1338; x_wconf 84' lang='lat' dir='ltr'><strong>veteres</strong></span> 
     </span>
     <span class='ocr_line' id='line_1_18' title="bbox 202 1379 366 1407; baseline 0.006 -1"><span class='ocrx_word' id='word_1_123' title='bbox 202 1379 366 1407; x_wconf 70' lang='lat' dir='ltr'><strong>1Ac1T.</strong></span> 
     </span>
    </p>

    <p class='ocr_par' dir='ltr' id='par_1_9' title="bbox 316 1433 1687 1477">
     <span class='ocr_line' id='line_1_19' title="bbox 316 1433 1687 1477; baseline -0.003 -1"><span class='ocrx_word' id='word_1_124' title='bbox 316 1433 412 1476; x_wconf 88' lang='lat'><strong>887.</strong></span> <span class='ocrx_word' id='word_1_125' title='bbox 445 1435 558 1477; x_wconf 65' lang='lat' dir='ltr'><strong>Nou</strong></span> <span class='ocrx_word' id='word_1_126' title='bbox 588 1449 667 1475; x_wconf 77' lang='lat' dir='ltr'><strong>ITA</strong></span> <span class='ocrx_word' id='word_1_127' title='bbox 699 1449 851 1476; x_wconf 66' lang='lat' dir='ltr'><strong>mmm</strong></span> <span class='ocrx_word' id='word_1_128' title='bbox 884 1448 1048 1476; x_wconf 77' lang='lat' dir='ltr'><strong>TAMEN</strong></span> <span class='ocrx_word' id='word_1_129' title='bbox 1067 1465 1076 1475; x_wconf 89' lang='lat'><strong>.</strong></span> <span class='ocrx_word' id='word_1_130' title='bbox 1099 1435 1275 1476; x_wconf 85' lang='lat' dir='ltr'><strong>Isaaeus</strong></span> <span class='ocrx_word' id='word_1_131' title='bbox 1298 1434 1475 1476; x_wconf 85' lang='lat' dir='ltr'><strong>Vossius</strong></span> <span class='ocrx_word' id='word_1_132' title='bbox 1496 1445 1658 1473; x_wconf 82' lang='lat' dir='ltr'><strong>MULTA</strong></span> <span class='ocrx_word' id='word_1_133' title='bbox 1678 1463 1687 1473; x_wconf 90' lang='lat'><strong>.</strong></span> 
     </span>
    </p>

    <p class='ocr_par' dir='ltr' id='par_1_10' title="bbox 204 1500 1690 1695">
     <span class='ocr_line' id='line_1_20' title="bbox 317 1500 1690 1557; baseline -0.003 -12"><span class='ocrx_word' id='word_1_134' title='bbox 317 1502 414 1545; x_wconf 89' lang='grc'><strong>888.</strong></span> <span class='ocrx_word' id='word_1_135' title='bbox 453 1502 720 1544; x_wconf 66' lang='lat' dir='ltr'><strong>Pam-snm</strong></span> <span class='ocrx_word' id='word_1_136' title='bbox 752 1517 1022 1545; x_wconf 80' lang='lat' dir='ltr'><strong>DISPERSA.</strong></span> <span class='ocrx_word' id='word_1_137' title='bbox 1064 1502 1287 1557; x_wconf 85' lang='lat' dir='ltr'><strong>Oblongus</strong></span> <span class='ocrx_word' id='word_1_138' title='bbox 1316 1503 1346 1544; x_wconf 92' lang='lat' dir='ltr'><strong>d</strong></span> <span class='ocrx_word' id='word_1_139' title='bbox 1380 1503 1424 1544; x_wconf 91' lang='lat' dir='ltr'><strong>in</strong></span> <span class='ocrx_word' id='word_1_140' title='bbox 1456 1502 1582 1543; x_wconf 84' lang='lat' dir='ltr'><strong>litura</strong></span> <span class='ocrx_word' id='word_1_141' title='bbox 1617 1500 1690 1541; x_wconf 88' lang='lat' dir='ltr'><strong>ha-</strong></span> 
     </span>
     <span class='ocr_line' id='line_1_21' title="bbox 204 1570 1687 1628; baseline -0.003 -14"><span class='ocrx_word' id='word_1_142' title='bbox 204 1571 295 1627; x_wconf 87' lang='lat' dir='ltr'><strong>bet,</strong></span> <span class='ocrx_word' id='word_1_143' title='bbox 323 1570 558 1626; x_wconf 86' lang='lat' dir='ltr'><strong>quadratus</strong></span> <span class='ocrx_word' id='word_1_144' title='bbox 589 1572 788 1615; x_wconf 79' lang='lat' dir='ltr'><strong>Praetere</strong></span> <span class='ocrx_word' id='word_1_145' title='bbox 818 1571 1033 1628; x_wconf 73' lang='lat' dir='ltr'><strong>dispersa.</strong></span> <span class='ocrx_word' id='word_1_146' title='bbox 1059 1570 1330 1614; x_wconf 80' lang='lat' dir='ltr'><strong>scribendum</strong></span> <span class='ocrx_word' id='word_1_147' title='bbox 1362 1572 1687 1622; x_wconf 79' lang='lat' dir='ltr'><strong>PROPTEREA,</strong></span> 
     </span>
     <span class='ocr_line' id='line_1_22' title="bbox 204 1638 1486 1695; baseline -0.002 -13"><span class='ocrx_word' id='word_1_148' title='bbox 204 1638 320 1694; x_wconf 91' lang='lat' dir='ltr'><strong>quod</strong></span> <span class='ocrx_word' id='word_1_149' title='bbox 350 1640 555 1694; x_wconf 83' lang='lat' dir='ltr'><strong>iungatur</strong></span> <span class='ocrx_word' id='word_1_150' title='bbox 586 1639 828 1695; x_wconf 81' lang='lat' dir='ltr'><strong>prioribus.</strong></span> <span class='ocrx_word' id='word_1_151' title='bbox 862 1641 982 1683; x_wconf 89' lang='lat' dir='ltr'><strong>nulla</strong></span> <span class='ocrx_word' id='word_1_152' title='bbox 1011 1641 1055 1682; x_wconf 93' lang='lat' dir='ltr'><strong>in</strong></span> <span class='ocrx_word' id='word_1_153' title='bbox 1086 1640 1151 1682; x_wconf 88' lang='lat' dir='ltr'><strong>his</strong></span> <span class='ocrx_word' id='word_1_154' title='bbox 1181 1652 1297 1682; x_wconf 87' lang='lat' dir='ltr'><strong>nova</strong></span> <span class='ocrx_word' id='word_1_155' title='bbox 1327 1652 1486 1681; x_wconf 85' lang='lat' dir='ltr'><strong>eausa.</strong></span> 
     </span>
    </p>

    <p class='ocr_par' dir='ltr' id='par_1_11' title="bbox 319 1708 1405 1751">
     <span class='ocr_line' id='line_1_23' title="bbox 319 1708 1405 1751; baseline 0 0"><span class='ocrx_word' id='word_1_156' title='bbox 319 1708 417 1751; x_wconf 88' lang='lat'><strong>889.</strong></span> <span class='ocrx_word' id='word_1_157' title='bbox 449 1721 783 1751; x_wconf 80' lang='lat' dir='ltr'><strong>CONCILIARE.</strong></span> <span class='ocrx_word' id='word_1_158' title='bbox 815 1708 1052 1751; x_wconf 85' lang='lat' dir='ltr'><strong>Lambinus</strong></span> <span class='ocrx_word' id='word_1_159' title='bbox 1085 1721 1405 1751; x_wconf 82' lang='lat' dir='ltr'><strong>CONCILIARI.</strong></span> 
     </span>
    </p>

    <p class='ocr_par' dir='ltr' id='par_1_12' title="bbox 197 1774 1700 2857">
     <span class='ocr_line' id='line_1_24' title="bbox 321 1774 1688 1830; baseline -0.003 -11"><span class='ocrx_word' id='word_1_160' title='bbox 321 1776 417 1819; x_wconf 89' lang='lat'><strong>890.</strong></span> <span class='ocrx_word' id='word_1_161' title='bbox 466 1775 612 1827; x_wconf 83' lang='lat' dir='ltr'>QUOD</span> <span class='ocrx_word' id='word_1_162' title='bbox 644 1791 800 1818; x_wconf 68' lang='lat' dir='ltr'><strong>onnus</strong></span> <span class='ocrx_word' id='word_1_163' title='bbox 832 1791 959 1819; x_wconf 72' lang='lat' dir='ltr'><strong>mmo</strong></span> <span class='ocrx_word' id='word_1_164' title='bbox 995 1791 1147 1818; x_wconf 73' lang='lat' dir='ltr'><strong>MAms</strong></span> <span class='ocrx_word' id='word_1_165' title='bbox 1177 1790 1339 1830; x_wconf 61' lang='lat' dir='ltr'><strong>rARAT</strong></span> <span class='ocrx_word' id='word_1_166' title='bbox 1370 1789 1518 1817; x_wconf 63' lang='lat' dir='ltr'><strong>Foss.</strong></span> <span class='ocrx_word' id='word_1_167' title='bbox 1564 1774 1688 1817; x_wconf 70' lang='lat' dir='ltr'><strong>Eudo</strong></span> 
     </span>
     <span class='ocr_line' id='line_1_25' title="bbox 206 1843 1689 1900; baseline -0.003 -13"><span class='ocrx_word' id='word_1_168' title='bbox 206 1844 275 1887; x_wconf 86' lang='lat' dir='ltr'><strong>hie</strong></span> <span class='ocrx_word' id='word_1_169' title='bbox 304 1844 436 1887; x_wconf 85' lang='lat' dir='ltr'><strong>semel</strong></span> <span class='ocrx_word' id='word_1_170' title='bbox 469 1843 654 1900; x_wconf 80' lang='lat' dir='ltr'><strong>codicis,</strong></span> <span class='ocrx_word' id='word_1_171' title='bbox 678 1845 783 1888; x_wconf 89' lang='lat' dir='ltr'><strong>alibi</strong></span> <span class='ocrx_word' id='word_1_172' title='bbox 804 1845 910 1888; x_wconf 74' lang='lat' dir='ltr'><strong>inda</strong></span> <span class='ocrx_word' id='word_1_173' title='bbox 927 1861 940 1887; x_wconf 90' lang='lat'><em>:</em></span> <span class='ocrx_word' id='word_1_174' title='bbox 961 1845 1038 1888; x_wconf 85' lang='lat' dir='ltr'><strong>sed</strong></span> <span class='ocrx_word' id='word_1_175' title='bbox 1061 1847 1272 1887; x_wconf 81' lang='lat' dir='ltr'><strong>corrector</strong></span> <span class='ocrx_word' id='word_1_176' title='bbox 1294 1843 1472 1896; x_wconf 87' lang='lat' dir='ltr'><strong>oblongi</strong></span> <span class='ocrx_word' id='word_1_177' title='bbox 1493 1843 1617 1884; x_wconf 77' lang='lat' dir='ltr'><strong>inde.</strong></span> <span class='ocrx_word' id='word_1_178' title='bbox 1645 1843 1689 1883; x_wconf 89' lang='lat' dir='ltr'><strong>in</strong></span> 
     </span>
     <span class='ocr_line' id='line_1_26' title="bbox 207 1909 1690 1967; baseline -0.002 -12"><span class='ocrx_word' id='word_1_179' title='bbox 207 1912 395 1967; x_wconf 85' lang='lat' dir='ltr'><strong>oblongo</strong></span> <span class='ocrx_word' id='word_1_180' title='bbox 426 1912 575 1955; x_wconf 88' lang='lat' dir='ltr'><strong>titulus</strong></span> <span class='ocrx_word' id='word_1_181' title='bbox 607 1917 671 1956; x_wconf 85' lang='lat' dir='ltr'><strong>est</strong></span> <span class='ocrx_word' id='word_1_182' title='bbox 702 1917 801 1956; x_wconf 88' lang='lat' dir='ltr'><strong>ante</strong></span> <span class='ocrx_word' id='word_1_183' title='bbox 822 1926 994 1956; x_wconf 87' lang='lat' dir='ltr'><strong>versum</strong></span> <span class='ocrx_word' id='word_1_184' title='bbox 1015 1913 1098 1955; x_wconf 89' lang='lat'><strong>888</strong></span> <span class='ocrx_word' id='word_1_185' title='bbox 1118 1926 1179 1952; x_wconf 80' lang='lat' dir='ltr'><strong>DE</strong></span> <span class='ocrx_word' id='word_1_186' title='bbox 1210 1925 1367 1952; x_wconf 61' lang='lat' dir='ltr'><strong>somn</strong></span> <span class='ocrx_word' id='word_1_187' title='bbox 1390 1925 1528 1951; x_wconf 87' lang='lat' dir='ltr'><strong>AR1D1</strong></span> <span class='ocrx_word' id='word_1_188' title='bbox 1556 1909 1690 1965; x_wconf 86' lang='lat' dir='ltr'><strong>(sehe-</strong></span> 
     </span>
     <span class='ocr_line' id='line_1_27' title="bbox 208 1978 1691 2036; baseline -0.003 -13"><span class='ocrx_word' id='word_1_189' title='bbox 208 1981 292 2023; x_wconf 85' lang='lat' dir='ltr'><strong>dae</strong></span> <span class='ocrx_word' id='word_1_190' title='bbox 323 1979 487 2036; x_wconf 74' lang='lat' dir='ltr'><strong>aridia)</strong></span> <span class='ocrx_word' id='word_1_191' title='bbox 509 1995 558 2021; x_wconf 75' lang='lat' dir='ltr'><strong>m</strong></span> <span class='ocrx_word' id='word_1_192' title='bbox 584 1995 714 2022; x_wconf 82' lang='lat' dir='ltr'><strong>MARE</strong></span> <span class='ocrx_word' id='word_1_193' title='bbox 732 1996 741 2023; x_wconf 75' lang='grc' dir='ltr'>ε</span> <span class='ocrx_word' id='word_1_194' title='bbox 764 1981 809 2023; x_wconf 88' lang='lat' dir='ltr'><strong>in</strong></span> <span class='ocrx_word' id='word_1_195' title='bbox 831 1981 1113 2036; x_wconf 71' lang='lat' dir='ltr'><strong>capitulorum</strong></span> <span class='ocrx_word' id='word_1_196' title='bbox 1135 1980 1277 2022; x_wconf 83' lang='lat' dir='ltr'><strong>indice</strong></span> <span class='ocrx_word' id='word_1_197' title='bbox 1299 1983 1399 2021; x_wconf 85' lang='lat' dir='ltr'><strong>ante</strong></span> <span class='ocrx_word' id='word_1_198' title='bbox 1420 1978 1576 2020; x_wconf 90' lang='lat' dir='ltr'><strong>librum</strong></span> <span class='ocrx_word' id='word_1_199' title='bbox 1597 1991 1691 2020; x_wconf 84' lang='lat' dir='ltr'><strong>sex-</strong></span> 
     </span>
     <span class='ocr_line' id='line_1_28' title="bbox 208 2046 1692 2106; baseline -0.003 -15"><span class='ocrx_word' id='word_1_200' title='bbox 208 2053 296 2091; x_wconf 81' lang='lat' dir='ltr'><strong>tum</strong></span> <span class='ocrx_word' id='word_1_201' title='bbox 326 2047 553 2091; x_wconf 72' lang='lat' dir='ltr'><strong>Leidensis</strong></span> <span class='ocrx_word' id='word_1_202' title='bbox 584 2054 760 2104; x_wconf 82' lang='lat' dir='ltr'><strong>uterque</strong></span> <span class='ocrx_word' id='word_1_203' title='bbox 791 2050 858 2092; x_wconf 89' lang='lat' dir='ltr'><strong>De</strong></span> <span class='ocrx_word' id='word_1_204' title='bbox 880 2049 1007 2106; x_wconf 78' lang='lat' dir='ltr'><strong>fonte</strong></span> <span class='ocrx_word' id='word_1_205' title='bbox 1038 2048 1172 2091; x_wconf 75' lang='lat' dir='ltr'><strong>aradi</strong></span> <span class='ocrx_word' id='word_1_206' title='bbox 1196 2049 1240 2090; x_wconf 74' lang='lat' dir='ltr'><strong>in</strong></span> <span class='ocrx_word' id='word_1_207' title='bbox 1271 2064 1387 2089; x_wconf 80' lang='lat' dir='ltr'><strong>mare</strong></span> <span class='ocrx_word' id='word_1_208' title='bbox 1405 2079 1414 2089; x_wconf 92' lang='lat'><strong>.</strong></span> <span class='ocrx_word' id='word_1_209' title='bbox 1463 2046 1617 2088; x_wconf 85' lang='lat' dir='ltr'><strong>Strabo</strong></span> <span class='ocrx_word' id='word_1_210' title='bbox 1649 2046 1692 2087; x_wconf 88' lang='lat' dir='ltr'><strong>in</strong></span> 
     </span>
     <span class='ocr_line' id='line_1_29' title="bbox 208 2114 1693 2172; baseline -0.002 -13"><span class='ocrx_word' id='word_1_211' title='bbox 208 2117 319 2159; x_wconf 86' lang='lat' dir='ltr'><strong>libro</strong></span> <span class='ocrx_word' id='word_1_212' title='bbox 349 2131 424 2158; x_wconf 66' lang='lat' dir='ltr'><strong>xm</strong></span> <span class='ocrx_word' id='word_1_213' title='bbox 443 2130 485 2172; x_wconf 90' lang='lat' dir='ltr'><strong>p.</strong></span> <span class='ocrx_word' id='word_1_214' title='bbox 506 2116 590 2161; x_wconf 82' lang='lat'><strong>754</strong></span> <span class='ocrx_word' id='word_1_215' title='bbox 619 2117 753 2160; x_wconf 89' lang='lat' dir='ltr'><strong>multa</strong></span> <span class='ocrx_word' id='word_1_216' title='bbox 782 2117 912 2160; x_wconf 86' lang='lat' dir='ltr'><strong>habet</strong></span> <span class='ocrx_word' id='word_1_217' title='bbox 943 2117 998 2160; x_wconf 89' lang='lat' dir='ltr'><strong>de</strong></span> <span class='ocrx_word' id='word_1_218' title='bbox 1029 2116 1146 2159; x_wconf 88' lang='lat' dir='ltr'><strong>fonte</strong></span> <span class='ocrx_word' id='word_1_219' title='bbox 1183 2116 1226 2158; x_wconf 92' lang='lat' dir='ltr'><strong>in</strong></span> <span class='ocrx_word' id='word_1_220' title='bbox 1258 2115 1366 2158; x_wconf 89' lang='lat' dir='ltr'><strong>freto</strong></span> <span class='ocrx_word' id='word_1_221' title='bbox 1398 2114 1528 2157; x_wconf 87' lang='lat' dir='ltr'><strong>maris</strong></span> <span class='ocrx_word' id='word_1_222' title='bbox 1558 2126 1693 2169; x_wconf 82' lang='lat' dir='ltr'><strong>prope</strong></span> 
     </span>
     <span class='ocr_line' id='line_1_30' title="bbox 197 2183 1694 2233; baseline -0.003 -6"><span class='ocrx_word' id='word_1_223' title='bbox 197 2183 405 2233; x_wconf 77' lang='lat' dir='ltr'><strong>‚Aradum</strong></span> <span class='ocrx_word' id='word_1_224' title='bbox 444 2186 702 2229; x_wconf 75' lang='lat' dir='ltr'><strong>scaturiente</strong></span> <span class='ocrx_word' id='word_1_225' title='bbox 720 2219 728 2228; x_wconf 93' lang='lat'><strong>.</strong></span> <span class='ocrx_word' id='word_1_226' title='bbox 768 2185 875 2228; x_wconf 85' lang='lat' dir='ltr'><strong>haec</strong></span> <span class='ocrx_word' id='word_1_227' title='bbox 911 2184 1056 2227; x_wconf 87' lang='lat' dir='ltr'><strong>omnia</strong></span> <span class='ocrx_word' id='word_1_228' title='bbox 1093 2197 1187 2227; x_wconf 84' lang='lat' dir='ltr'><strong>eum</strong></span> <span class='ocrx_word' id='word_1_229' title='bbox 1225 2184 1352 2227; x_wconf 84' lang='lat' dir='ltr'><strong>sciret</strong></span> <span class='ocrx_word' id='word_1_230' title='bbox 1383 2184 1559 2225; x_wconf 82' lang='lat' dir='ltr'><strong>Isaaous</strong></span> <span class='ocrx_word' id='word_1_231' title='bbox 1590 2183 1694 2224; x_wconf 87' lang='lat' dir='ltr'><strong>Vos-</strong></span> 
     </span>
     <span class='ocr_line' id='line_1_31' title="bbox 211 2249 1695 2309; baseline -0.004 -13"><span class='ocrx_word' id='word_1_232' title='bbox 211 2253 299 2297; x_wconf 87' lang='lat' dir='ltr'><strong>sius</strong></span> <span class='ocrx_word' id='word_1_233' title='bbox 317 2286 327 2309; x_wconf 90' lang='lat'>,</span> <span class='ocrx_word' id='word_1_234' title='bbox 347 2253 486 2296; x_wconf 89' lang='lat' dir='ltr'><strong>noluit</strong></span> <span class='ocrx_word' id='word_1_235' title='bbox 514 2258 659 2297; x_wconf 89' lang='lat' dir='ltr'><strong>tamen</strong></span> <span class='ocrx_word' id='word_1_236' title='bbox 690 2253 877 2297; x_wconf 83' lang='lat' dir='ltr'><strong>scribere</strong></span> <span class='ocrx_word' id='word_1_237' title='bbox 908 2252 1012 2296; x_wconf 82' lang='lat' dir='ltr'><strong>endo</strong></span> <span class='ocrx_word' id='word_1_238' title='bbox 1038 2267 1218 2294; x_wconf 66' lang='lat' dir='ltr'><strong>MAmsm</strong></span> <span class='ocrx_word' id='word_1_239' title='bbox 1240 2266 1394 2294; x_wconf 62' lang='lat' dir='ltr'><strong>Arum</strong></span> <span class='ocrx_word' id='word_1_240' title='bbox 1420 2251 1547 2306; x_wconf 80' lang='lat' dir='ltr'><strong>fons,</strong></span> <span class='ocrx_word' id='word_1_241' title='bbox 1579 2249 1695 2304; x_wconf 92' lang='lat' dir='ltr'><strong>quod</strong></span> 
     </span>
     <span class='ocr_line' id='line_1_32' title="bbox 211 2318 1695 2377; baseline -0.004 -12"><span class='ocrx_word' id='word_1_242' title='bbox 211 2325 305 2365; x_wconf 87' lang='lat' dir='ltr'><strong>erat</strong></span> <span class='ocrx_word' id='word_1_243' title='bbox 334 2321 543 2377; x_wconf 83' lang='lat' dir='ltr'><strong>simplicis</strong></span> <span class='ocrx_word' id='word_1_244' title='bbox 575 2325 617 2364; x_wconf 90' lang='lat' dir='ltr'><strong>et</strong></span> <span class='ocrx_word' id='word_1_245' title='bbox 647 2323 752 2365; x_wconf 80' lang='lat' dir='ltr'><strong>recti</strong></span> <span class='ocrx_word' id='word_1_246' title='bbox 782 2321 930 2364; x_wconf 79' lang='lat' dir='ltr'><strong>iudicii</strong></span> <span class='ocrx_word' id='word_1_247' title='bbox 959 2322 1124 2377; x_wconf 84' lang='lat' dir='ltr'><strong>(itaque</strong></span> <span class='ocrx_word' id='word_1_248' title='bbox 1146 2334 1281 2376; x_wconf 88' lang='lat' dir='ltr'><strong>nuper</strong></span> <span class='ocrx_word' id='word_1_249' title='bbox 1301 2320 1485 2362; x_wconf 81' lang='lat' dir='ltr'><strong>Iacobus</strong></span> <span class='ocrx_word' id='word_1_250' title='bbox 1508 2318 1695 2373; x_wconf 77' lang='lat' dir='ltr'><strong>Bel-nay-</strong></span> 
     </span>
     <span class='ocr_line' id='line_1_33' title="bbox 211 2386 1697 2447; baseline -0.004 -14"><span class='ocrx_word' id='word_1_251' title='bbox 211 2390 348 2446; x_wconf 86' lang='lat' dir='ltr'><strong>sius),</strong></span> <span class='ocrx_word' id='word_1_252' title='bbox 382 2389 459 2433; x_wconf 87' lang='lat' dir='ltr'><strong>sed</strong></span> <span class='ocrx_word' id='word_1_253' title='bbox 496 2390 648 2432; x_wconf 88' lang='lat' dir='ltr'><strong>maluit</strong></span> <span class='ocrx_word' id='word_1_254' title='bbox 683 2394 748 2433; x_wconf 88' lang='lat' dir='ltr'><strong>ter</strong></span> <span class='ocrx_word' id='word_1_255' title='bbox 784 2403 966 2447; x_wconf 81' lang='lat' dir='ltr'><strong>peceare</strong></span> <span class='ocrx_word' id='word_1_256' title='bbox 996 2389 1223 2433; x_wconf 82' lang='lat' dir='ltr'><strong>scribendo</strong></span> <span class='ocrx_word' id='word_1_257' title='bbox 1256 2388 1360 2431; x_wconf 76' lang='lat' dir='ltr'><strong>endo</strong></span> <span class='ocrx_word' id='word_1_258' title='bbox 1389 2388 1506 2430; x_wconf 80' lang='lat' dir='ltr'><strong>mari</strong></span> <span class='ocrx_word' id='word_1_259' title='bbox 1531 2386 1697 2429; x_wconf 76' lang='lat' dir='ltr'><strong>Aradz&#39;o</strong></span> 
     </span>
     <span class='ocr_line' id='line_1_34' title="bbox 198 2455 1697 2516; baseline -0.005 -14"><span class='ocrx_word' id='word_1_260' title='bbox 198 2459 335 2516; x_wconf 71' lang='lat' dir='ltr'><strong>fons:</strong></span> <span class='ocrx_word' id='word_1_261' title='bbox 355 2471 456 2501; x_wconf 84' lang='lat' dir='ltr'><strong>nam</strong></span> <span class='ocrx_word' id='word_1_262' title='bbox 477 2458 664 2502; x_wconf 80' lang='lat' dir='ltr'><strong>Lucretii</strong></span> <span class='ocrx_word' id='word_1_263' title='bbox 685 2459 767 2502; x_wconf 85' lang='lat' dir='ltr'><strong>arti</strong></span> <span class='ocrx_word' id='word_1_264' title='bbox 790 2459 1039 2501; x_wconf 84' lang='lat' dir='ltr'><strong>conveniret</strong></span> <span class='ocrx_word' id='word_1_265' title='bbox 1059 2457 1163 2500; x_wconf 82' lang='lat' dir='ltr'><strong>endo</strong></span> <span class='ocrx_word' id='word_1_266' title='bbox 1183 2473 1300 2499; x_wconf 75' lang='lat' dir='ltr'><strong>mare</strong></span> <span class='ocrx_word' id='word_1_267' title='bbox 1316 2456 1483 2499; x_wconf 76' lang='lat' dir='ltr'><strong>Aradz&#39;o</strong></span> <span class='ocrx_word' id='word_1_268' title='bbox 1506 2455 1697 2512; x_wconf 73' lang='lat' dir='ltr'><strong>estfons,</strong></span> 
     </span>
     <span class='ocr_line' id='line_1_35' title="bbox 212 2518 1699 2582; baseline -0.003 -13"><span class='ocrx_word' id='word_1_269' title='bbox 212 2527 296 2570; x_wconf 88' lang='lat' dir='ltr'><strong>nisi</strong></span> <span class='ocrx_word' id='word_1_270' title='bbox 318 2525 491 2570; x_wconf 78' lang='lat' dir='ltr'><strong>Arados</strong></span> <span class='ocrx_word' id='word_1_271' title='bbox 511 2527 652 2582; x_wconf 84' lang='lat' dir='ltr'><strong>prima</strong></span> <span class='ocrx_word' id='word_1_272' title='bbox 681 2526 803 2570; x_wconf 87' lang='lat' dir='ltr'><strong>brevi</strong></span> <span class='ocrx_word' id='word_1_273' title='bbox 834 2530 975 2569; x_wconf 86' lang='lat' dir='ltr'><strong>esset.</strong></span> <span class='ocrx_word' id='word_1_274' title='bbox 1006 2525 1245 2581; x_wconf 85' lang='lat' dir='ltr'><strong>Dionysius</strong></span> <span class='ocrx_word' id='word_1_275' title='bbox 1266 2518 1393 2580; x_wconf 76' lang='grc' dir='ltr'><em>’Ἀγχι</em></span> <span class='ocrx_word' id='word_1_276' title='bbox 1415 2522 1464 2567; x_wconf 79' lang='grc' dir='ltr'><strong>δὲ·</strong></span> <span class='ocrx_word' id='word_1_277' title='bbox 1491 2519 1699 2578; x_wconf 81' lang='grc' dir='ltr'><em>Φοινίκης</em></span> 
     </span>
     <span class='ocr_line' id='line_1_36' title="bbox 202 2588 1699 2652; baseline -0.004 -14"><span class='ocrx_word' id='word_1_278' title='bbox 202 2588 398 2651; x_wconf 81' lang='grc' dir='ltr'><strong><em>’Άραδος</em></strong></span> <span class='ocrx_word' id='word_1_279' title='bbox 432 2591 613 2652; x_wconf 80' lang='grc' dir='ltr'><em>μεγάλῳ</em></span> <span class='ocrx_word' id='word_1_280' title='bbox 651 2593 715 2639; x_wconf 79' lang='grc' dir='ltr'><strong>ἐνὶ</strong></span> <span class='ocrx_word' id='word_1_281' title='bbox 750 2591 902 2652; x_wconf 81' lang='grc' dir='ltr'><strong><em>πόντῳ</em></strong></span> <span class='ocrx_word' id='word_1_282' title='bbox 926 2628 935 2638; x_wconf 93' lang='grc'><strong>.</strong></span> <span class='ocrx_word' id='word_1_283' title='bbox 970 2594 1167 2637; x_wconf 85' lang='lat' dir='ltr'><strong>Avienus</strong></span> <span class='ocrx_word' id='word_1_284' title='bbox 1196 2595 1310 2636; x_wconf 77' lang='lat' dir='ltr'><strong>Lata</strong></span> <span class='ocrx_word' id='word_1_285' title='bbox 1346 2593 1494 2635; x_wconf 73' lang='lat' dir='ltr'><strong>dehinc</strong></span> <span class='ocrx_word' id='word_1_286' title='bbox 1524 2591 1699 2634; x_wconf 81' lang='lat' dir='ltr'><strong>Aradus</strong></span> 
     </span>
     <span class='ocr_line' id='line_1_37' title="bbox 214 2657 1700 2721; baseline -0.005 -15"><span class='ocrx_word' id='word_1_287' title='bbox 214 2664 470 2707; x_wconf 77' lang='lat' dir='ltr'><strong>Phoenicum</strong></span> <span class='ocrx_word' id='word_1_288' title='bbox 491 2665 708 2721; x_wconf 72' lang='lat' dir='ltr'><strong>praeiacet</strong></span> <span class='ocrx_word' id='word_1_289' title='bbox 728 2680 846 2706; x_wconf 78' lang='lat' dir='ltr'><strong>oram</strong></span> <span class='ocrx_word' id='word_1_290' title='bbox 864 2695 873 2705; x_wconf 87' lang='lat'><strong>.</strong></span> <span class='ocrx_word' id='word_1_291' title='bbox 897 2660 1142 2706; x_wconf 74' lang='lat' dir='ltr'><strong>Priscianus</strong></span> <span class='ocrx_word' id='word_1_292' title='bbox 1164 2663 1252 2704; x_wconf 87' lang='lat' dir='ltr'><strong>Nec</strong></span> <span class='ocrx_word' id='word_1_293' title='bbox 1273 2662 1431 2718; x_wconf 77' lang='lat' dir='ltr'><strong>procul</strong></span> <span class='ocrx_word' id='word_1_294' title='bbox 1451 2669 1509 2702; x_wconf 76' lang='lat' dir='ltr'><strong>esc</strong></span> <span class='ocrx_word' id='word_1_295' title='bbox 1530 2657 1700 2700; x_wconf 78' lang='lat' dir='ltr'><strong>Arados</strong></span> 
     </span>
     <span class='ocr_line' id='line_1_38' title="bbox 216 2726 1700 2789; baseline -0.005 -15"><span class='ocrx_word' id='word_1_296' title='bbox 216 2731 444 2774; x_wconf 76' lang='lat' dir='ltr'><strong>Phoenices</strong></span> <span class='ocrx_word' id='word_1_297' title='bbox 473 2747 654 2789; x_wconf 73' lang='lat' dir='ltr'><strong>aequore</strong></span> <span class='ocrx_word' id='word_1_298' title='bbox 684 2733 848 2775; x_wconf 76' lang='lat' dir='ltr'><strong>cincta.</strong></span> <span class='ocrx_word' id='word_1_299' title='bbox 880 2744 1020 2786; x_wconf 89' lang='lat' dir='ltr'><strong>neque</strong></span> <span class='ocrx_word' id='word_1_300' title='bbox 1052 2731 1177 2773; x_wconf 87' lang='lat' dir='ltr'><strong>aliter</strong></span> <span class='ocrx_word' id='word_1_301' title='bbox 1208 2729 1338 2772; x_wconf 85' lang='lat' dir='ltr'><strong>Silius</strong></span> <span class='ocrx_word' id='word_1_302' title='bbox 1369 2728 1413 2770; x_wconf 91' lang='lat' dir='ltr'><strong>in</strong></span> <span class='ocrx_word' id='word_1_303' title='bbox 1444 2742 1471 2781; x_wconf 87' lang='lat'><strong>1,</strong></span> <span class='ocrx_word' id='word_1_304' title='bbox 1495 2727 1580 2768; x_wconf 86' lang='lat'><strong>380</strong></span> <span class='ocrx_word' id='word_1_305' title='bbox 1615 2726 1700 2766; x_wconf 76' lang='lat' dir='ltr'><strong>Hic</strong></span> 
     </span>
     <span class='ocr_line' id='line_1_39' title="bbox 216 2799 1238 2857; baseline -0.004 -15"><span class='ocrx_word' id='word_1_306' title='bbox 216 2815 368 2857; x_wconf 75' lang='lat' dir='ltr'><strong>maqno</strong></span> <span class='ocrx_word' id='word_1_307' title='bbox 398 2799 532 2842; x_wconf 77' lang='lat' dir='ltr'><strong>socios</strong></span> <span class='ocrx_word' id='word_1_308' title='bbox 563 2800 759 2843; x_wconf 81' lang='lat' dir='ltr'><strong>Aradum</strong></span> <span class='ocrx_word' id='word_1_309' title='bbox 790 2800 971 2842; x_wconf 79' lang='lat' dir='ltr'><strong>clamore</strong></span> <span class='ocrx_word' id='word_1_310' title='bbox 1000 2807 1212 2841; x_wconf 75' lang='lat' dir='ltr'><strong>vocantem</strong></span> <span class='ocrx_word' id='word_1_311' title='bbox 1230 2830 1238 2838; x_wconf 95' lang='lat'><strong>.</strong></span> 
     </span>
    </p>

    <p class='ocr_par' dir='ltr' id='par_1_13' title="bbox 333 2867 1491 2911">
     <span class='ocr_line' id='line_1_40' title="bbox 333 2867 1491 2911; baseline -0.007 0"><span class='ocrx_word' id='word_1_312' title='bbox 333 2867 430 2911; x_wconf 81' lang='lat'><strong>892.</strong></span> <span class='ocrx_word' id='word_1_313' title='bbox 462 2882 720 2910; x_wconf 75' lang='lat' dir='ltr'><strong>PRAETER.</strong></span> <span class='ocrx_word' id='word_1_314' title='bbox 752 2867 850 2911; x_wconf 85' lang='lat' dir='ltr'><strong>Itali</strong></span> <span class='ocrx_word' id='word_1_315' title='bbox 882 2871 1006 2910; x_wconf 83' lang='lat' dir='ltr'><strong>acute</strong></span> <span class='ocrx_word' id='word_1_316' title='bbox 1038 2870 1079 2908; x_wconf 90' lang='lat' dir='ltr'><strong>et</strong></span> <span class='ocrx_word' id='word_1_317' title='bbox 1109 2877 1211 2908; x_wconf 85' lang='lat' dir='ltr'><strong>vere</strong></span> <span class='ocrx_word' id='word_1_318' title='bbox 1240 2877 1491 2905; x_wconf 80' lang='lat' dir='ltr'><strong>PRAEBET.</strong></span> 
     </span>
    </p>

    <p class='ocr_par' dir='ltr' id='par_1_14' title="bbox 334 2935 1253 2988">
     <span class='ocr_line' id='line_1_41' title="bbox 334 2935 1253 2988; baseline -0.007 -9"><span class='ocrx_word' id='word_1_319' title='bbox 334 2936 430 2979; x_wconf 87' lang='lat'><strong>894.</strong></span> <span class='ocrx_word' id='word_1_320' title='bbox 463 2936 605 2988; x_wconf 81' lang='lat' dir='ltr'><strong>QUOD</strong></span> <span class='ocrx_word' id='word_1_321' title='bbox 635 2951 847 2979; x_wconf 73' lang='lat' dir='ltr'><strong>nnLcrr.</strong></span> <span class='ocrx_word' id='word_1_322' title='bbox 878 2935 1016 2978; x_wconf 91' lang='lat' dir='ltr'><strong>Iidem</strong></span> <span class='ocrx_word' id='word_1_323' title='bbox 1045 2947 1253 2975; x_wconf 84' lang='lat' dir='ltr'><strong>DULCIS.</strong></span> 
     </span>
    </p>

    <p class='ocr_par' dir='ltr' id='par_1_15' title="bbox 335 3005 1703 3052">
     <span class='ocr_line' id='line_1_42' title="bbox 335 3005 1703 3052; baseline -0.007 -5"><span class='ocrx_word' id='word_1_324' title='bbox 335 3005 431 3048; x_wconf 86' lang='lat'><strong>896.</strong></span> <span class='ocrx_word' id='word_1_325' title='bbox 478 3019 574 3052; x_wconf 68' lang='lat' dir='ltr'><strong>Qut:</strong></span> <span class='ocrx_word' id='word_1_326' title='bbox 613 3019 711 3047; x_wconf 81' lang='lat' dir='ltr'><strong>cuM</strong></span> <span class='ocrx_word' id='word_1_327' title='bbox 749 3005 1075 3048; x_wconf 76' lang='lat' dir='ltr'>CONVENIUNT</span> <span class='ocrx_word' id='word_1_328' title='bbox 1111 3015 1204 3043; x_wconf 79' lang='lat' dir='ltr'><strong>AUT</strong></span> <span class='ocrx_word' id='word_1_329' title='bbox 1243 3013 1430 3041; x_wconf 70' lang='lat' dir='ltr'>xanDA</span> <span class='ocrx_word' id='word_1_330' title='bbox 1470 3012 1703 3040; x_wconf 77' lang='lat' dir='ltr'><strong>CORPORA</strong></span> 
     </span>
    </p>
   </div>
   <div class='ocr_carea' id='block_1_4' title="bbox 1338 3068 1392 3110">
    <p class='ocr_par' dir='ltr' id='par_1_16' title="bbox 1338 3068 1392 3110">
     <span class='ocr_line' id='line_1_43' title="bbox 1338 3068 1392 3110; baseline -0.019 0"><span class='ocrx_word' id='word_1_331' title='bbox 1338 3068 1392 3110; x_wconf 79' lang='lat'><strong>26</strong></span> 
     </span>
    </p>
   </div>
  </div>
 </body>
</html>
