2040 3328
432 251 510 294 178
808 272 810 274 v
1117 252 1182 294 III

428 363 638 417 oblongus
659 365 810 406 ,vacari
820 379 834 405 .·
862 365 1083 418 praeterea
1102 363 1319 406 Lueretius
1339 363 1440 406 alibi
1460 363 1566 406 dixit
1584 365 1754 420 vaqaris
1769 397 1780 418 ,
1801 380 1870 406 va-

425 439 551 485 ,φαίην
566 462 577 483 ,
593 439 800 486 vaqantur
814 462 824 483 7
841 438 1012 486 vayetur
1028 444 1041 470 :
1061 441 1134 470 eur
1155 441 1256 482 ergo
1273 429 1439 472 credam
1454 443 1549 472 eum
1564 431 1694 473 semel
1714 434 1786 473 aut
1805 431 1870 472 bis

429 496 521 538 sine
549 508 678 537 eausa
703 511 857 551 vaqare
883 495 1065 537 seribere
1085 495 1283 537 maluisse
1303 508 1429 549 quam
1449 497 1660 538 vonm‘?
1690 501 1869 539 ceterum

428 561 576 603 eodem
608 561 696 603 fere
724 565 913 616 tempore
935 562 1068 603 Varro
1089 562 1132 603 in
1152 574 1277 603 versu
1298 561 1405 602 dixit
1429 578 1506 617 per
1524 563 1755 605 maritimas
1775 579 1871 605 oras

426 637 575 683 vayat‚
598 627 793 681 idemque
819 628 863 669 in
883 627 1078 669 Sotadeis
1093 659 1104 680 ‚
1125 641 1230 681 quos
1257 627 1412 669 inscius
1433 628 1517 669 iam
1537 641 1672 682 paene
1692 628 1872 671 restituit

427 694 564 736 Iosias
584 694 794 736 Mercerus
812 725 821 748 ,
842 693 943 736 Cum
963 710 1037 736 sem
1053 695 1181 749 pueri
1198 703 1234 736 et
1251 694 1462 749 puellulae
1483 695 1648 748 pariter
1674 696 1770 738 item
1798 710 1872 737 seae

427 762 514 802 Aut
535 769 684 816 septem
705 761 750 802 in
769 768 940 815 utroque
955 777 1046 802 cum
1061 760 1181 802 choro
1193 761 1302 816 pari
1312 759 1519 815 vayarum
1533 792 1544 813 ,
1561 759 1674 814 apud
1691 761 1870 803 Nonium

425 841 467 882 p.
484 827 566 869 468
590 859 599 868 .
625 831 666 869 et
695 826 883 869 Catullus
913 839 1081 880 quoque
1109 827 1236 881 paulo
1265 830 1362 881 post
1390 826 1433 867 in
1462 825 1643 868 Phaselo
1660 859 1671 880 ‚
1701 831 1746 870 ut
1772 840 1870 870 ven-

425 898 513 936 tum
543 894 745 935 incertum
775 892 1030 946 significaret
1045 924 1056 946 ‚
1075 893 1192 935 laeva
1221 894 1306 934 sive
1335 892 1504 935 dextera
1532 893 1710 948 Vaqaret
1737 910 1870 948 aura,

425 962 510 1002 sive
538 968 755 1014 utrumque
783 959 974 1014 Iuppiter
1003 958 1140 1001 Simul
1167 959 1369 1001 secundus
1397 958 1609 1002 incidzleset
1637 960 1682 1002 in
1706 959 1871 1016 pedem:

426 1039 524 1069 nam
563 1027 758 1079 Vocaret‚
789 1024 903 1079 quod
932 1024 1029 1066 libri
1058 1025 1279 1079 exhibent,
1309 1038 1394 1066 non
1422 1025 1620 1079 intellego
1638 1057 1649 1068 .

538 1092 632 1134 632.
655 1093 779 1134 Essn
803 1105 988 1132 Pon-:ST
1008 1105 1159 1131 ANIMA
1177 1123 1185 1131 .
1202 1090 1411 1134 Iohannes
1428 1092 1620 1146 Baptista
1634 1091 1734 1134 Pius
1754 1091 1871 1135 ‘Scri-

428 1159 608 1201 bendum
625 1159 729 1200 Esse
741 1167 871 1214 potest
886 1159 1083 1198 Amuxn’
1103 1189 1113 1199 .
1130 1157 1290 1200 seilicet
1304 1159 1387 1200 ulli
1397 1160 1562 1200 animae
1575 1191 1587 1212 ‚
1606 1157 1735 1200 dandi
1751 1170 1870 1213 casu,

425 1238 548 1279 quem
570 1238 638 1268 res
661 1228 702 1267 et
722 1226 857 1267 oratio
878 1225 1076 1278 requirit,
1098 1228 1144 1266 ut
1164 1238 1292 1279 supra
1306 1225 1361 1266 43
1382 1227 1545 1268 animae
1563 1233 1758 1267 naturam
1777 1241 1871 1267 san-

422 1293 566 1348 quinis
586 1307 671 1334 6336
686 1324 697 1344 ,
720 1296 760 1334 et
780 1292 862 1334 288
892 1292 970 1332 Est
989 1292 1133 1333 etenim
1153 1292 1268 1333 calor
1286 1292 1358 1333 ille
1378 1293 1514 1334 animo
1535 1323 1544 1333 .
1567 1291 1628 1333 ita
1648 1291 1870 1334 Creechius

426 1372 616 1414 quoque:
641 1357 767 1400 ceteri
789 1358 988 1412 optimam
1011 1357 1345 1400 emendationem
1367 1357 1587 1401 fastidiose
1606 1358 1839 1400 reiecerunt
1860 1391 1870 1402 .

535 1426 631 1468 632.
660 1438 768 1469 NEQ.
789 1438 944 1465 AURES
966 1426 1205 1466 Anmwm
1224 1439 1315 1465 PER
1344 1438 1396 1464 SE
1425 1437 1639 1466 Possun'r
1670 1438 1871 1465 snm-1812:

424 1506 583 1538 NEQUE
614 1505 731 1532 Essn
754 1523 763 1533 .
793 1491 897 1533 Mire
927 1504 974 1534 se
1003 1491 1070 1533 hie
1098 1495 1293 1545 torquent
1322 1491 1616 1546 grammatici,
1647 1503 1784 1546 neque
1811 1494 1872 1532 ta-

424 1572 519 1601 men
550 1559 773 1612 quiequam
803 1557 1024 1612 proficiunt
1047 1589 1055 1599 .
1076 1573 1205 1613 neque
1236 1573 1358 1599 aures
1386 1557 1467 1611 (sio
1495 1558 1606 1600 enim
1635 1558 1758 1610 libri,
1786 1570 1872 1599 non

424 1625 561 1680 auris)
583 1638 677 1667 eum
698 1625 983 1679 superioribus
1005 1625 1202 1678 coniungi
1225 1624 1376 1666 debet:
1398 1628 1481 1667 tum
1512 1625 1778 1667 scribendum
1809 1628 1873 1666 est

425 1693 567 1734 HAUD
589 1706 760 1733 IGITUR
783 1707 862 1747 per
887 1707 930 1733 se
953 1700 1127 1747 possunt
1147 1692 1298 1733 sentire
1317 1707 1446 1746 neque
1466 1707 1551 1734 esse
1565 1724 1576 1745 ‚
1597 1691 1756 1734 seilicet
1785 1691 1873 1733 ani-

423 1772 519 1802 mae
537 1791 546 1801 .
575 1758 678 1800 Aud
706 1757 959 1811 aliquotiens
990 1758 1034 1799 in
1064 1758 1268 1811 quadrato
1299 1757 1442 1800 codiee
1472 1758 1670 1812 seriptum
1700 1757 1786 1811 legi
1816 1756 1872 1798 ad

425 1837 594 1868 versum
614 1825 697 1867 330
725 1825 890 1866 rettuli.

537 1892 632 1934 639.
664 1892 731 1933 Er
752 1905 972 1932 mscxssx
994 1922 1003 1932 .
1026 1890 1266 1941 Quadratus
1287 1890 1466 1944 discisa,
1487 1891 1596 1932 male
1614 1922 1624 1944 ,
1647 1903 1740 1932 eum
1759 1890 1870 1933 subi-

426 1959 559 2000 ciatur
583 1959 641 2000 At
669 1958 781 2013 quod
799 1957 1004 2000 scinditur
1020 1989 1029 1999 .
1046 1962 1110 2000 est
1138 1962 1278 1999 tamen
1308 1957 1616 2000 observandum
1645 1957 1802 1999 ᾱιῖςοίεα
1831 1962 1872 1999 et

425 2025 602 2067 discissa
623 2025 787 2078 origine
806 2024 975 2078 quidem
997 2029 1038 2066 et
1056 2024 1098 2066 vi
1120 2024 1278 2066 distare
1299 2057 1308 2079 ‚
1337 2037 1419 2066 non
1441 2037 1545 2066 sono
1565 2039 1574 2066 ε
1599 2037 1698 2066 nam
1717 2027 1870 2066 utrum-

424 2105 505 2145 que
535 2093 557 2134 i
580 2092 717 2134 vocali
747 2091 952 2145 producta
981 2091 1120 2133 efferri
1151 2091 1206 2132 ad
1236 2091 1387 2133 librum
1416 2105 1443 2145 1,
1465 2091 1546 2133 805
1576 2091 1689 2134 dixi.

537 2158 631 2201 644.
661 2171 723 2198 AD
753 2171 974 2198 ARTUBUS
1004 2172 1052 2197 ID
1084 2171 1216 2203 QUOD
1246 2158 1452 2198 D101D1'1·
1482 2171 1720 2198 ABSOISUM
1741 2189 1750 2198 .
1773 2158 1870 2201 Cor-

423 2228 559 2267 rector
584 2224 755 2277 oblongi
785 2238 845 2264 AB
875 2226 1045 2266 artubus
1075 2256 1085 2266 .
1116 2224 1210 2266 Itali
1242 2227 1288 2265 et
1308 2223 1538 2266 Brixiensis
1569 2224 1696 2267 editio
1718 2225 1819 2266 ΠΕΟ
1831 2239 1871 2265 1-

422 2305 506 2332 Dxr
527 2324 536 2342 ‚
559 2291 816 2333 Veronensis
848 2295 889 2333 et
917 2291 1079 2333 Veneta
1108 2290 1267 2333 Occidit
1288 2321 1298 2331 .

533 2358 631 2404 647.
652 2358 719 2399 ΕΤ
751 2372 894 2399 smun
924 2372 970 2398 IN
999 2371 1158 2398 PUGNE
1179 2370 1356 2398 srumo
1379 2370 1511 2403 QUOD
1534 2371 1716 2399 namu
1745 2372 1868 2400 muns

422 2439 508 2465 nsr
537 2457 546 2466 .
577 2425 715 2468 Simul
741 2425 930 2478 intellegi
960 2438 1043 2467 non
1073 2428 1235 2479 potest,
1266 2424 1348 2466 nisi
1385 2424 1427 2465 in
1458 2423 1580 2466 huius
1610 2437 1756 2467 versus
1787 2424 1868 2467 fine

423 2491 720 2545 distinguimus
745 2522 755 2532 .
782 2491 828 2533 id
857 2504 958 2534 vero
988 2492 1088 2545 quia
1118 2495 1288 2546 propter
1318 2503 1370 2532 ea
1399 2503 1508 2544 quae
1539 2490 1630 2532 sine
1658 2492 1744 2533 ullo
1775 2504 1867 2534 ora-

420 2558 547 2601 tionis
577 2558 746 2601 vineulo
777 2558 1037 2600 subiciuntur
1063 2557 1153 2600 fieri
1183 2570 1267 2599 non
1297 2561 1434 2612 potest
1452 2589 1462 2611 ‚
1500 2556 1626 2600 scribi
1661 2557 1786 2600 debet
1814 2559 1870 2600 Et

421 2639 608 2668 snmnn.

534 2691 629 2734 650.
660 2704 912 2732 Assrnxxn
932 2704 1058 2730 norm
1077 2723 1084 2732 .
1103 2690 1213 2732 Olim
1234 2690 1426 2745 impressi
1443 2703 1534 2732 eum
1551 2691 1671 2733 Italis
1685 2703 1838 2731 nous
1855 2722 1866 2733 .

532 2759 627 2800 651.
659 2773 753 2799 cum
784 2771 992 2798 scANmT
1022 2772 1078 2797 ET
1107 2771 1249 2797 1s‘rAT
1273 2789 1282 2799 .
1302 2757 1436 2799 Iidem
1466 2771 1636 2798 INSTAT
1659 2789 1668 2798 .

532 2824 627 2867 657.
673 2825 798 2875 Qum
840 2839 993 2865 ΕΤΙΑΜ
1042 2838 1142 2865 τῐΒι
1194 2838 1237 2864 SI
1284 2837 1464 2864 LmGUA
1507 2837 1751 2868 vaArt'm
1793 2837 1866 2864 ΜΙ-

418 2905 565 2933 ΝΑΝΤΙ
594 2892 872 2933 SERPENTIS
903 2905 1062 2932 cAUDE
1090 2904 1319 2932 PROCERO
1351 2904 1575 2932 CORPORE
1604 2903 1864 2936 UTRUMQUE

419 2959 501 3001 SIT
550 2973 753 2999 LIBITUM
801 2973 847 2999 IN
896 2973 1083 3000 MULTAS
1138 2973 1311 3000 PARTIS
1360 2972 1436 2999 DIS
1449 2972 1626 2999 OIDERE
1673 2971 1831 2999 FERRO
1854 2990 1863 2999 .
