2040 3328
981 236 1042 279 IV
1657 233 1740 275 235

258 369 351 397 ΕΔΤ
373 367 522 395 nnuc
540 384 550 395 .
574 350 822 403 Quadratus
842 363 928 392 non
950 349 1078 392 habet
1098 364 1209 390 nunc
1225 363 1238 390 .·
1258 347 1465 390 Marullus
1487 347 1598 390 male
1619 363 1739 389 num.

259 424 357 466 Itali
396 422 652 466 Umbraonn
682 433 813 466 QUAE
845 422 888 462 et
918 417 1062 461 eadem
1093 433 1229 460 nunc.

371 490 468 534 393.
499 502 745 530 newsum·
763 521 772 530 .
795 487 1021 542 Oblongus
1042 487 1248 541 revisent,
1269 502 1299 529 u
1321 499 1451 542 super
1471 485 1628 542 scripto
1647 500 1656 528 :
1677 501 1740 529 re-

257 561 398 618 visant
427 557 663 614 quadratus
682 589 691 599 .

371 626 469 671 395.
499 639 700 668 MANERE
730 639 791 666 nr
827 638 957 667 LUNA
993 636 1214 665 vmn'run
1236 655 1245 666 .
1278 623 1525 675 Quadratus
1556 633 1742 667 maneret

258 706 297 741 et
325 697 482 740 lumine
511 694 704 738 videtur.
724 693 890 738 videtur
920 693 1200 748 interpretum
1221 691 1376 736 levitas
1405 692 1619 748 patienter
1639 692 1741 735 tole-

256 768 352 808 rat:
373 763 501 807 debet
531 775 629 806 esse
660 776 938 818 vmnmun,
961 774 1055 804 cum
1086 764 1291 815 sequatur
1321 777 1371 804 ea
1400 777 1508 817 quae
1520 761 1649 817 ferri
1672 776 1740 803 res

255 833 419 878 indicat
446 832 544 889 ipsa
561 864 570 874 .

338 901 468 944 -397,
497 900 882 946 EXSTANTISQUE
903 912 1095 941 PRocun
1115 911 1274 940 mimo
1295 912 1356 939 DE
1379 911 1597 940 cuneus
1617 910 1740 939 MON-

257 984 328 1011 r1s
345 1001 356 1012 .
376 969 643 1012 Nominativi
663 967 900 1024 pendentes
922 966 1192 1010 Wakefieldo
1214 972 1256 1010 et
1277 967 1512 1022 Forbigero
1543 966 1740 1023 placent,

255 1038 421 1081 scilicet
450 1038 756 1092 grammaticae
791 1036 1024 1092 imperitis.
1047 1036 1254 1079 Marullus
1290 1049 1394 1079 suae
1424 1035 1618 1078 fabricae
1648 1047 1740 1078 ver-

256 1119 382 1163 sum,
414 1119 596 1161 eumque
634 1108 676 1148 et
709 1104 1033 1148 immodulatum
1067 1109 1110 1148 et
1146 1118 1276 1148 sensu
1312 1117 1513 1159 cassum,
1544 1103 1737 1147 infersit.

255 1175 505 1231 simpliciter
536 1173 807 1217 scribendum
839 1177 903 1216 est
932 1175 1117 1217 Eoestant
1146 1188 1305 1221 usone
1330 1173 1509 1231 procul.

369 1244 466 1287 406.
502 1242 636 1294 Quos
667 1257 752 1284 um
783 1256 881 1285 TUM
911 1256 1069 1284 surim
1089 1275 1099 1286 .
1130 1242 1339 1286 Marullus
1375 1243 1440 1286 ibi
1471 1252 1589 1298 tum,
1622 1241 1739 1298 quod

254 1325 340 1355 non
371 1316 436 1354 est
464 1310 709 1354 Lucretiani
740 1323 842 1354 usus
861 1343 871 1354 .
904 1311 1152 1366 Naugerius
1183 1325 1312 1355 TIBI-

366 1380 465 1424 409.
495 1379 591 1422 V1x
620 1393 774 1421 ETIAM
805 1393 991 1421 cunsus
1013 1393 1328 1427 QUINGENTOS
1349 1393 1503 1422 SAEPE
1528 1393 1709 1422 vanua-1
1727 1412 1738 1423 .

253 1450 407 1493 Festus
437 1463 478 1505 p.
495 1448 593 1502 375,
611 1447 664 1490 27
695 1449 849 1491 Verum
865 1448 963 1504 pila
992 1448 1192 1492 dicuntur
1206 1482 1217 1504 ,
1240 1449 1354 1506 quod
1369 1482 1378 1491 .
1398 1482 1407 1492 .
1440 1448 1592 1505 (veluti
1607 1464 1739 1491 verua

253 1517 434 1573 Paulus)
462 1518 639 1560 habeant
653 1517 852 1574 praefixa
869 1549 878 1559 .
899 1517 1069 1560 Ennius
1099 1518 1136 1560 li
1148 1550 1157 1559 .
1180 1532 1235 1560 xa
1251 1549 1261 1560 .
1281 1549 1289 1560 .
1320 1533 1470 1560 cursus
1491 1519 1738 1575 quinqentos

251 1603 376 1644 saepe
405 1587 566 1630 veruti.

363 1654 461 1697 414.
493 1654 563 1696 Ar
595 1667 870 1696 corusca-us
900 1668 1061 1701 Aona.
1090 1655 1324 1698 Verissime
1354 1655 1589 1699 Lambinus
1620 1669 1736 1698 con-

250 1738 435 1766 nncrus
465 1739 601 1780 aquae
618 1755 627 1765 .
649 1726 763 1765 recte
784 1722 1037 1766 Frontinum
1059 1728 1277 1767 auctorem
1298 1723 1442 1767 ferunt
1471 1724 1611 1767 lexica
1628 1758 1638 1778 ,
1661 1724 1735 1780 qui

251 1792 361 1835 dixit
389 1792 433 1835 in
453 1790 564 1834 libro
594 1791 732 1846 primo
755 1791 808 1835 de
832 1786 1137 1836 controversiis
1158 1806 1360 1848 agrorum
1390 1808 1433 1850 p.
1450 1793 1518 1849 23,
1536 1794 1562 1836 8
1593 1795 1636 1836 si
1654 1794 1735 1836 col*

250 1862 378 1905 lectus
403 1861 614 1918 pluvialis
644 1877 782 1917 aquae
822 1869 1108 1904 transversum
1147 1878 1294 1905 secans
1310 1863 1446 1919 finem
1482 1863 1529 1905 ‘ln
1559 1862 1736 1905 alterius

235 1929 431 1988 fundum
459 1929 624 1984 influit.
647 1928 760 1972 adde
790 1928 890 1971 libri
926 1944 974 1970 111
1005 1942 1175 1973 versum
1206 1931 1286 1974 198
1304 1962 1314 1982 ,
1337 1930 1410 1973 ubi
1447 1934 1514 1973 est
1542 1930 1735 1987 lapidum

249 1999 458 2041 coniectus
474 2029 485 2051 ‚
509 1997 583 2052 qui
613 1997 741 2040 debet
771 2011 867 2041 esse
888 1999 1094 2041 conlectus
1111 2031 1121 2041 .
1142 1998 1189 2040 fit
1219 1999 1331 2041 enim
1364 2000 1571 2042 coniectus
1601 2000 1735 2042 oculo-

244 2067 386 2109 'Zorum
402 2099 413 2120 ‚
430 2066 603 2108 bracchi
614 2098 626 2119 ,
644 2066 813 2108 animae
828 2098 839 2119 ,
863 2067 1154 2110 elementorum
1170 2067 1262 2110 Sive
1278 2068 1480 2111 materiae
1497 2101 1507 2119 ,
1524 2068 1601 2111 teli
1610 2101 1621 2123 ,
1639 2081 1734 2111 cum

211 2144 213 2146 ·
249 2146 328 2177 eae
365 2146 434 2176 res
470 2133 516 2176 in
552 2133 692 2176 locum
731 2134 921 2189 aliquem
958 2135 1224 2178 coniciuntur
1246 2167 1256 2178 .
1289 2136 1434 2191 itaque
1471 2140 1586 2180 recte
1624 2135 1735 2179 dixit

248 2202 475 2246 Sallustius
505 2202 551 2244 in
580 2201 857 2245 historiarum
886 2203 996 2246 libro
1026 2218 1075 2245 111
1105 2204 1229 2247 solita
1263 2221 1291 2247 a
1307 2205 1517 2263 fuqz'tivis
1546 2206 1735 2249 convicia

248 2279 286 2314 et
314 2271 361 2314 in
389 2279 532 2314 castra
561 2271 768 2314 coniectus
800 2271 1020 2328 lapidum.

360 2339 458 2382 417.
491 2353 637 2381 cnam
665 2353 825 2381 Parm-
856 2354 1001 2383 Anms
1033 2356 1216 2384 nurus
1235 2375 1244 2384 .
1267 2343 1318 2385 In
1339 2342 1549 2398 quadrato
1572 2342 1732 2387 factum

245 2422 403 2450 Ani-us
434 2421 462 2451 a
491 2411 764 2451 correctore.
796 2408 858 2452 sic
888 2409 985 2452 Itali
1017 2413 1059 2452 et
1087 2411 1314 2466 impressi.

358 2477 457 2521 418.
487 2477 586 2521 419.
623 2477 820 2520 NUBILA
852 2492 1125 2521 nnsmcmzn
1171 2494 1229 2521 ET
1275 2494 1474 2522 CAELUM
1510 2494 1730 2522 VIDEARE

245 2559 457 2602 vmnnn,
480 2545 717 2590 CORPORA
743 2560 965 2588 MIRANDE
998 2562 1085 2590 sun
1116 2563 1303 2590 TERRAS
1325 2564 1511 2592 Aemi-A
1542 2564 1699 2592 canno
1718 2583 1727 2592 .

246 2611 469 2668 Oblongus
499 2614 631 2658 habet
659 2624 705 2657 ut
734 2619 835 2659 ante
864 2615 1062 2671 videare,
1094 2618 1210 2671 quod
1239 2617 1283 2660 in
1315 2618 1464 2661 codice
1494 2619 1728 2675 archetypo

245 2682 579 2737 superscriptum
616 2682 750 2727 fuisse
786 2688 889 2740 puto
913 2717 923 2739 ,
954 2689 1001 2726 ut
1031 2690 1144 2728 certe
1183 2687 1302 2742 prior
1339 2686 1490 2729 horum
1527 2701 1728 2731 versuum

244 2749 435 2804 intellegi
455 2754 626 2805 posset.
648 2751 729 2794 hoc
748 2762 794 2794 ut
823 2752 878 2795 de
898 2752 1070 2795 Marulli
1102 2754 1346 2797 coniectura
1374 2756 1494 2809 (nam
1516 2756 1726 2799 Antonius

244 2817 369 2861 Marii
406 2822 448 2860 et
482 2818 650 2873 primae
685 2819 895 2863 editiones
931 2833 1016 2862 non
1053 2821 1230 2876 habent)
1263 2827 1514 2878 receperunt
1550 2837 1725 2881 omnes,

244 2890 388 2930 cetera
415 2885 551 2929 variis
578 2886 716 2930 modis
746 2892 1009 2944 temptarunt
1043 2889 1152 2932 alius
1188 2890 1275 2932 alio
1306 2890 1520 2934 infelicius
1538 2924 1547 2934 .
1571 2894 1726 2937 Marul-

243 2956 309 2998 lus
339 2954 433 3010 ipse
454 2954 616 2997 Nubila
645 2954 857 3012 despicere
879 2965 916 2999 et
937 2956 1098 2999 eaelum
1129 2957 1230 3013 (hoc
1256 2958 1420 3002 scilicet
1435 2961 1610 3016 praebet
1627 2974 1726 3005 con-

242 3024 375 3067 iectus
405 3022 592 3080 aquae),
615 3032 661 3066 ut
689 3023 860 3068 videare
888 3025 1031 3069 videre
1060 3025 1248 3086 Corpora
1276 3027 1472 3071 mirando
1493 3030 1569 3071 sub
1599 3032 1724 3075 terris
