2040 3328
453 241 536 284 314
1159 244 1196 284 V

454 368 550 410 erqo
564 352 769 395 videbitur
785 354 931 408 cuique
945 354 1082 394 verius
1098 385 1109 406 ‚
1132 369 1175 395 eo
1191 362 1331 396 utatur
1349 354 1472 408 „item
1487 355 1643 397 Paulus
1658 356 1762 398 mire
1778 387 1788 410 ,
1805 369 1899 410 par·

453 419 595 474 ticipio
615 431 716 461 usus
739 418 782 460 in
813 419 1084 473 condicione,
1106 419 1149 460 in
1176 419 1203 461 l.
1224 420 1245 460 1
1276 420 1328 461 D.
1348 419 1402 463 de
1422 421 1572 464 divort.
1594 436 1706 478 xxw,
1726 422 1753 464 2
1780 423 1899 465 Diri-

451 487 578 527 mitur
606 486 912 527 matrimonium
947 485 1122 528 divortio
1161 495 1287 528 morte
1326 488 1559 542 captivitate
1592 489 1658 531 vel
1691 489 1780 533 alia
1807 504 1899 531 con-

452 553 628 607 tinyente
661 553 852 594 servitute
890 553 1025 594 utrius
1055 568 1193 594 eorum
1212 568 1225 594 .-
1255 553 1343 595 vult
1378 554 1488 596 enim
1524 554 1662 597 dicere
1697 556 1740 598 si
1762 555 1899 598 utrius

452 633 590 660 eorum
618 619 831 674 contiqerit
859 619 1035 660 servitus
1052 650 1061 660 .
1082 619 1195 673 quod.
1230 620 1362 674 siquis
1398 622 1505 663 inter
1533 629 1650 663 utras
1684 621 1744 664 ita
1771 622 1898 664 inter·

450 684 682 739 pretabitur
710 689 757 726 ut
786 685 898 728 dicat
927 697 1020 727 esse
1051 694 1246 742 utrasque
1265 719 1276 740 ‚
1309 686 1493 729 errabit.
1524 687 1604 729 hoc
1633 688 1742 730 enim
1771 687 1897 730 modo

450 764 534 793 non
550 755 741 806 veteres,
764 756 810 794 ut
824 751 1169 794 Drakenborchio
1186 753 1242 795 ad
1258 753 1369 796 Livii
1383 767 1497 807 xxvi,
1514 753 1580 807 39,
1597 753 1651 796 23
1671 754 1806 797 visum
1821 757 1897 807 est,

450 818 575 861 locuti
606 822 728 874 sunt,
750 818 826 860 sed.
855 822 928 860 aut
948 819 1200 861 recentiores
1231 824 1304 870 aut
1333 832 1456 862 nemo
1474 851 1484 861 .
1505 820 1648 874 itaque
1667 820 1824 862 Paulus
1853 820 1898 861 in

448 885 474 926 1.
492 885 547 927 34
575 899 637 941 pr.
660 886 710 926 D.
732 885 785 928 de
807 898 844 926 o.
876 889 918 927 et
936 899 974 927 a.
994 899 1104 939 xnus,
1123 886 1145 927 7
1168 886 1387 940 scripsisse
1409 886 1539 929 fertur
1560 896 1596 930 et
1614 886 1706 929 ideo
1720 895 1893 942 possunt

449 960 569 994 utrae
588 961 810 1007 competere
823 967 836 993 .·
855 965 978 995 nemo
1009 951 1140 994 credit
1160 952 1360 994 Varronis
1381 965 1475 995 esse
1505 953 1558 995 de
1578 953 1727 1007 lingua
1746 953 1900 995 Latina

449 1017 559 1060 libro
582 1032 627 1058 lx
656 1032 695 1073 p.
712 1018 792 1060 477
823 1020 883 1060 sic
912 1028 1009 1061 utra
1038 1035 1123 1062 esse
1157 1019 1275 1075 apud
1307 1034 1405 1073 nos,
1427 1023 1499 1061 aut
1528 1019 1663 1062 Vellei
1691 1019 1898 1062 Paterculi

448 1085 627 1127 aliorum
656 1086 791 1126 utrius
822 1085 984 1128 ordinis
1012 1088 1194 1128 virorum
1224 1086 1268 1127 in
1297 1099 1340 1139 11,
1358 1085 1425 1139 34,
1443 1086 1469 1128 3
1490 1117 1500 1127 .
1531 1085 1607 1128 sed
1637 1086 1680 1127 in
1702 1085 1897 1128 Lucretio

447 1151 575 1194 nullis
606 1165 713 1206 opus
735 1155 799 1194 est
823 1152 1074 1206 ambagibus
1096 1165 1107 1194 t
1136 1153 1273 1207 ipsum
1296 1151 1406 1194 enim
1435 1151 1541 1194 illud
1562 1152 1807 1194 femininum
1826 1165 1897 1194 vo-

449 1218 693 1261 cabulorum
714 1231 847 1273 genus
864 1219 931 1260 hic
946 1219 1093 1261 vitium
1113 1232 1206 1261 esse
1222 1218 1407 1261 ostendit
1425 1233 1433 1260 :
1455 1227 1629 1260 naturas
1649 1219 1760 1261 enim
1781 1227 1898 1260 utras

449 1289 490 1327 et
509 1294 703 1327 naturam
722 1294 938 1340 utramque
959 1286 1219 1328 extrinsecus
1249 1285 1405 1328 inferre
1425 1284 1689 1328 Wakefieldo
1721 1289 1762 1327 et
1782 1284 1896 1328 Orel-

447 1352 505 1393 lio
536 1352 659 1406 licet,
681 1365 766 1394 non
796 1364 900 1394 sano
921 1352 1167 1406 interpreti.
1189 1352 1312 1394 nobis
1330 1385 1339 1407 ,
1361 1356 1457 1408 post
1477 1365 1530 1394 ea
1554 1364 1664 1406 quae
1683 1351 1897 1406 disputata

447 1421 542 1460 sunt
571 1418 628 1460 ad
647 1419 799 1462 librum
820 1433 863 1473 11,
880 1419 989 1472 518,
1011 1419 1231 1461 obscurum
1252 1432 1346 1461 esse
1375 1432 1459 1460 non
1479 1422 1618 1474 potest
1646 1420 1813 1472 poetam
1834 1418 1896 1460 di-

446 1497 542 1526 cere
572 1485 874 1542 Androyynum
901 1499 1279 1532 mrnnurRAQus
1310 1498 1434 1540 esse,
1466 1485 1544 1527 hoc
1583 1489 1646 1527 est
1682 1484 1726 1526 in
1755 1484 1895 1527 medio

446 1551 584 1606 spatio
616 1565 758 1594 eorum
781 1565 891 1607 quae
921 1553 965 1594 in
986 1553 1077 1595 eius
1097 1553 1266 1595 nomine
1286 1552 1550 1594 continentur
1579 1552 1763 1607 positum
1779 1581 1790 1592 .
1811 1563 1895 1594 res-

445 1622 506 1660 tat
534 1635 607 1661 nec
643 1628 779 1662 utram
813 1620 932 1673 (nam
968 1636 1070 1675 que,
1094 1620 1206 1673 quod
1246 1619 1310 1661 his
1347 1617 1579 1672 adhaeret,
1610 1618 1895 1672 traiecimus):

445 1684 521 1727 sed
543 1685 774 1728 masculino
795 1699 951 1739 genere
982 1698 1088 1741 opus
1119 1691 1208 1740 est,
1228 1702 1300 1728 nec
1330 1698 1518 1739 uranu,
1540 1684 1620 1727 hoc
1649 1688 1713 1727 est
1741 1693 1778 1727 et
1802 1701 1895 1728 neu-

444 1762 553 1794 trum
570 1784 580 1794 .
602 1757 667 1795 est
696 1754 807 1795 enim
837 1753 898 1796 eis
929 1766 1038 1808 quae
1067 1765 1197 1807 supra
1226 1751 1279 1794 de
1305 1752 1383 1794 hoc
1411 1751 1658 1807 pronomine
1687 1750 1802 1806 quod
1832 1755 1896 1794 est

444 1828 534 1861 uter
554 1819 736 1863 diximus
766 1819 1035 1875 addendum,
1057 1833 1184 1875 posse
1214 1820 1253 1861 ei
1283 1835 1412 1874 neque
1430 1818 1644 1874 praemitti
1674 1818 1735 1860 ita
1753 1822 1799 1860 ut
1828 1817 1893 1860 his

444 1886 676 1928 coniunctis
697 1890 739 1929 et
768 1886 1011 1929 conectendi
1037 1887 1102 1929 vis
1133 1886 1232 1928 insit
1251 1890 1293 1928 et
1321 1884 1507 1939 negandi
1528 1884 1581 1926 de
1610 1888 1785 1939 utroque
1802 1917 1811 1926 .
1832 1885 1895 1927 sic

444 1953 535 2007 ipse
564 1953 783 1996 Lucretius
812 1954 857 1996 in
887 1967 942 2008 1v,
962 1953 1067 1996 1217
1100 1954 1156 1996 Et
1191 1968 1320 2008 neque
1347 1959 1486 1993 utrum
1514 1952 1726 2007 superavit
1754 1967 1893 1994 eorum

442 2036 515 2063 nec
550 2029 829 2076 superatum-st
849 2051 858 2062 .
891 2020 1056 2064 Gellius
1093 2020 1199 2062 libro
1220 2033 1264 2073 11,
1279 2018 1309 2060 4
1346 2034 1437 2061 cum
1473 2027 1687 2061 accusator
1727 2026 1763 2060 et
1797 2033 1894 2060 reus

444 2086 552 2129 duae
581 2103 647 2130 res
678 2088 806 2143 quasi
821 2095 1017 2142 coynatae
1046 2087 1363 2142 coniunctaeque
1390 2087 1498 2140 sint,
1521 2100 1651 2141 neque
1678 2092 1776 2126 utra
1804 2084 1893 2127 sine

443 2154 576 2196 altera
605 2163 790 2196 constare
815 2155 978 2209 possit.
1009 2153 1166 2195 Paulus
1194 2153 1238 2194 in
1266 2152 1292 2194 l.
1318 2152 1397 2194 132
1422 2152 1473 2194 D.
1504 2151 1558 2194 de
1585 2165 1626 2194 v.
1655 2163 1688 2194 Β.
1717 2165 1755 2206 L,
1775 2150 1826 2193 16
1857 2159 1894 2193 et

442 2221 687 2263 consuetudo
718 2220 916 2276 loquendi
939 2220 987 2262 id
1012 2221 1072 2262 ita
1102 2235 1187 2262 esse
1208 2218 1417 2273 declarat,
1439 2228 1532 2261 ante
1564 2218 1672 2261 diem
1692 2217 1892 2260 decimum

443 2286 716 2329 kalendarum
731 2320 742 2341 ,
760 2296 855 2342 post
871 2287 978 2330 diem
994 2287 1193 2329 decimum
1209 2285 1484 2328 kalendarum
1500 2301 1513 2327 .·
1532 2300 1662 2340 neque
1675 2293 1767 2327 utro
1784 2285 1891 2327 enim

440 2369 623 2395 sermone
642 2350 832 2396 undecim
861 2355 950 2396 dies
969 2353 1257 2408 siqnifi'cantur
1274 2384 1283 2393 .
1306 2351 1422 2406 apud
1443 2351 1678 2394 Martialem
1708 2350 1751 2392 in
1780 2364 1820 2405 V,
1836 2350 1892 2393 20

441 2419 788 2462 Schneidewinus
818 2421 941 2462 Nunc
960 2421 1060 2462 vivit
1088 2434 1160 2461 nec
1181 2427 1270 2460 uter
1298 2420 1407 2472 sibi5
1426 2418 1539 2472 quod
1560 2417 1596 2459 si
1625 2429 1769 2459 verum
1798 2421 1888 2471 est,

441 2486 770 2540 intellegendum
799 2491 863 2530 est
891 2487 977 2539 ita,
999 2501 1049 2528 ne
1079 2485 1273 2527 alteruter
1292 2485 1457 2540 quidem
1474 2517 1483 2528 .
1503 2483 1710 2526 Asconius
1738 2482 1794 2526 ad
1813 2483 1890 2525 Mi-

440 2553 655 2595 lonianam
675 2567 718 2608 p.
733 2553 801 2607 42,
822 2554 874 2595 13
892 2552 999 2595 Bait.
1017 2551 1092 2594 sed
1109 2552 1169 2592 ita
1184 2553 1361 2594 constitit
1376 2560 1420 2593 ut
1437 2551 1621 2593 discimus
1635 2582 1647 2604 7
1667 2565 1740 2592 nee
1754 2551 1890 2592 utrius

441 2620 532 2674 (nec
567 2621 782 2675 utriusque
819 2619 932 2673 libri)
969 2618 1139 2661 consilio
1170 2627 1401 2674 puynatum
1436 2634 1521 2660 esse
1558 2633 1602 2660 eo
1638 2616 1730 2670 die,
1749 2631 1890 2659 verum

442 2696 478 2729 et
508 2686 624 2740 (libri
655 2687 711 2737 ei)
735 2687 856 2742 forte
884 2685 1111 2728 occurrisse
1149 2693 1184 2726 et
1221 2700 1272 2727 ex
1300 2684 1417 2739 (libri
1447 2700 1498 2728 ex
1529 2684 1596 2739 ea)
1628 2685 1728 2726 riaea
1755 2697 1887 2726 servo-

440 2769 533 2795 rum
572 2751 735 2811 tandem
769 2751 828 2794 ad
861 2750 1025 2794 caedem
1056 2759 1296 2806 perventum
1317 2783 1327 2793 .
1357 2750 1552 2805 Hyginus
1597 2749 1650 2792 de
1678 2747 1887 2796 xlimitibus

441 2833 482 2873 p.
504 2819 636 2873 109,1
668 2818 833 2861 videtur
863 2817 1082 2872 scripsisse
1113 2826 1157 2859 ut
1185 2833 1313 2873 neque
1342 2818 1393 2859 ab
1422 2826 1515 2860 utro
1536 2831 1772 2873 possessore
1801 2823 1886 2857 tan-

438 2894 591 2940 qatur:
611 2885 707 2927 libri
737 2894 780 2927 ut
809 2902 858 2928 ne
888 2885 938 2926 ab
969 2893 1164 2940 utroque.

554 2951 649 2993 841.
679 2951 852 2993 Motu
881 2965 988 2992 smn
1019 2965 1139 2992 ons.
1170 2951 1354 3004 Egregie
1375 2950 1614 3004 Naugerius
1635 2949 1778 2990 Mun
1797 2947 1886 2990 sine
