2040 3328
855 222 1059 249 RECENsm
1675 211 1698 252 7

218 337 292 368 eos
314 336 463 366 omnes
485 327 559 365 aut
579 336 665 364 uno
694 323 931 378 exemplari
962 326 1036 366 aut
1067 323 1234 367 duobus
1264 323 1375 366 inter
1405 337 1451 367 se
1473 325 1701 368 simillimis

217 405 320 435 usos
357 404 480 447 esse;
519 404 777 446 quamquam
813 391 1032 447 Venetus,
1073 393 1146 446 qui
1182 391 1226 433 in
1263 394 1414 435 ceteris
1453 392 1700 436 Veronense

217 460 436 516 exemplar
467 460 665 515 quamvis
696 460 948 503 mendosum
980 461 1218 516 expressit,
1250 473 1401 503 versus
1432 461 1528 503 libri
1561 462 1700 515 quarti

214 542 349 570 vam
376 528 679 584 (125—190),
713 529 786 583 qui
808 529 1046 572 Veronensi
1078 529 1245 584 desunt,
1278 529 1455 572 aliunde
1486 530 1700 585 acceperit

215 611 392 641 necesse
429 601 519 640 est.
543 597 621 640 sed
658 597 773 652 quod
809 597 1104 654 typographos
1137 599 1360 653 antiquam
1390 611 1529 653 neque
1560 611 1699 641 emen-

215 667 360 710 datam
390 666 617 709 lectionem
647 666 815 709 fidelius
848 679 976 720 quam
1008 666 1225 708 notarium
1246 667 1540 710 Florentinum
1572 667 1698 709 alios—

214 749 297 791 que
317 735 451 777 Italos
474 735 513 778 ci
534 735 695 778 similes
710 734 969 777 observasse
992 734 1080 776 dixi
1099 768 1108 789 ,
1141 735 1379 778 cavendum
1402 735 1536 778 nihilo
1559 735 1699 778 minus

214 808 279 848 est
314 818 368 846 ne
410 804 542 846 multo
578 803 674 858 plus
710 803 931 859 impressis
968 816 1096 858 quam
1134 804 1299 846 calamo
1342 804 1490 847 Italico
1528 804 1698 859 scriptis

214 872 440 916 credamus
460 887 468 913 :
500 885 600 914 nam
622 872 667 914 in
688 872 909 928 impressis
931 885 1101 926 quoque
1122 885 1208 914 non
1230 885 1370 928 pauca
1399 877 1497 915 sunt
1527 872 1580 915 de
1602 886 1697 915 con-

214 943 379 985 iectura
399 940 628 984 emendata
647 974 656 996 ,
690 941 732 983 in
755 941 970 984 Brixiensi
1002 940 1174 995 quidem
1205 942 1336 996 paulo
1358 942 1484 997 plura
1506 945 1548 984 et
1568 941 1698 984 auda-

213 1011 305 1054 cius
336 1023 465 1066 quam
497 1010 541 1051 in
569 1010 807 1052 Veronensi
839 1013 881 1052 et
903 1010 1096 1064 Veneto3
1128 1023 1260 1064 quare
1292 1009 1522 1065 falluntur,
1557 1014 1600 1052 ut
1632 1023 1697 1052 so-

212 1080 328 1133 lent,
365 1079 439 1133 qui
469 1078 590 1120 libris
620 1079 806 1133 pretium
837 1083 1030 1122 statuunt
1061 1093 1115 1122 ex
1144 1079 1348 1132 raritate,
1382 1092 1477 1122 cum
1508 1078 1698 1120 Brixien-

212 1161 301 1191 sem
325 1148 411 1190 illis
437 1146 523 1189 fide
545 1150 586 1189 et
616 1147 870 1190 auctoritate
901 1152 1123 1202 praestare
1153 1151 1353 1190 censent.
1377 1147 1506 1202 mihi,
1541 1160 1635 1189 cum
1658 1152 1699 1189 et

211 1217 423 1259 Venetum
454 1216 675 1271 exemplar
695 1216 740 1257 in
771 1216 970 1259 manibus
1001 1217 1204 1260 haberem
1235 1220 1276 1259 et
1307 1229 1330 1258 e
1352 1216 1590 1259 Veronensi
1614 1216 1697 1257 Ha—

210 1297 464 1340 vercampus
495 1283 791 1326 Wakefieldus
825 1284 1032 1339 For-biger
1066 1286 1201 1327 multa
1232 1286 1525 1340 excepissent,
1558 1284 1613 1327 ad
1646 1297 1698 1327 ea

210 1366 323 1409 quae
353 1353 510 1396 vellem
541 1353 847 1407 cognoscenda
877 1353 1046 1396 suffecit
1077 1354 1274 1408 quamvis
1306 1354 1500 1409 imperite
1522 1356 1565 1395 et
1594 1365 1695 1407 neg-

209 1423 403 1477 legenter
424 1421 539 1464 facta
560 1421 615 1464 ab
636 1420 828 1464 Iohanne
852 1421 1046 1464 Gerardo
1071 1426 1270 1477 quattuor
1291 1423 1526 1478 primarum
1548 1420 1696 1463 editio—

209 1505 311 1535 num
352 1491 574 1546 recensi0,
613 1503 723 1545 quae
760 1491 804 1533 in
835 1491 1120 1546 Glasguensis
1163 1491 1366 1534 editionis
1397 1495 1511 1533 tomo
1543 1495 1695 1544 quarto

209 1559 402 1603 exhibita
434 1564 498 1603 est
527 1560 701 1616 paginis
734 1574 840 1601 ccxn
869 1560 1176 1616 (163-402).

322 1628 527 1685 Superest
547 1633 592 1671 ut
624 1629 678 1671 de
708 1629 832 1671 tertio
866 1642 1023 1683 genere
1046 1642 1285 1685 exponam,
1319 1628 1434 1683 quod
1466 1628 1520 1671 ab
1543 1628 1695 1671 eadem

208 1699 341 1754 stirpe
372 1698 545 1742 venisse
568 1711 700 1754 supra
731 1697 849 1740 dixi.
874 1711 927 1740 ex
959 1698 1039 1741 hoc
1070 1698 1155 1741 duo
1178 1698 1282 1740 mihi
1304 1702 1407 1739 nota
1427 1702 1525 1740 sunt
1557 1710 1694 1740 exem-

208 1768 374 1824 plaria,
413 1767 596 1810 alterum
634 1780 721 1809 non
757 1768 997 1822 integrum,
1038 1772 1234 1810 neutrum
1271 1770 1483 1810 vetustate
1514 1778 1592 1821 par
1624 1765 1695 1806 ob-

207 1838 351 1892 longo,
383 1840 579 1879 neutrum
611 1836 796 1890 denique
823 1836 884 1878 ita
905 1837 1108 1892 scriptum
1130 1841 1176 1879 ut
1196 1835 1372 1878 librario
1404 1835 1559 1877 librum
1591 1834 1695 1877 anti-

207 1906 456 1961 quissimum
498 1906 637 1960 ipsum
683 1909 783 1947 ante
829 1905 974 1947 oculos
1022 1904 1156 1947 fuisse
1193 1908 1433 1960 appareat.
1473 1905 1544 1958 qui
1588 1904 1695 1946 liber

207 1974 531 2030 antiquissimus
562 1987 656 2016 cum
689 1973 790 2016 olim
821 1978 947 2027 esset,
980 1973 1095 2027 quod
1116 1973 1259 2015 multis
1289 1972 1555 2015 documentis
1576 1972 1695 2014 intel-

206 2045 390 2099 legitur,
413 2043 575 2099 passim
593 2042 800 2096 detritus,
826 2055 1022 2084 corrosus
1041 2075 1050 2096 ,
1069 2041 1270 2084 sordibus
1288 2041 1497 2084 obductus
1516 2074 1524 2095 ,
1548 2041 1695 2095 aliqua

208 2113 336 2156 etiam
358 2117 482 2169 parte
503 2113 620 2154 lacer
642 2115 683 2154 et
703 2111 890 2154 schedae
912 2125 1045 2152 vam
1066 2111 1239 2166 paginis
1267 2111 1450 2153 inversis
1482 2111 1549 2164 (1v
1569 2142 1578 2163 ,
1611 2110 1694 2152 299

210 2181 374 2236 -347)
393 2214 402 2236 ,
428 2173 530 2223 dum
550 2181 627 2223 illa
646 2180 793 2236 priora
815 2180 1071 2236 apographa
1093 2179 1425 2222 conficiebantur
1444 2213 1452 2234 ,
1476 2178 1631 2221 accidit
1651 2182 1695 2220 ut

206 2253 407 2306 quattuor
438 2249 650 2304 schedae,
684 2262 796 2305 quae
824 2253 946 2292 erant
976 2262 1151 2291 numero
1173 2263 1247 2289 xw
1277 2263 1381 2289 xxm
1411 2262 1550 2289 xxx1x
1583 2261 1692 2301 cxv,

205 2319 489 2376 compagibus
527 2319 677 2362 solutis
715 2332 742 2360 a
772 2319 861 2360 suis
894 2318 1070 2361 sedibus
1103 2317 1380 2372 abe1·rarent;
1419 2330 1503 2371 quo
1535 2315 1693 2358 factum

206 2392 272 2431 est
301 2392 347 2430 ut
379 2401 431 2430 ea
462 2400 573 2442 quae
604 2388 668 2430 his
700 2387 870 2430 schedis
900 2387 1226 2430 continebantur
1256 2388 1495 2441 (quaenam
1527 2398 1578 2428 ea
1608 2384 1694 2426 fue-

205 2458 291 2500 rint
320 2457 462 2500 dicam
493 2456 549 2498 ad
581 2456 738 2498 librum
769 2470 810 2510 1,
844 2456 951 2510 734)
982 2457 1024 2498 in
1056 2456 1135 2498 hoc
1157 2469 1268 2498 novo
1293 2454 1486 2498 codicum
1508 2466 1692 2509 genere,

204 2525 318 2581 quod
339 2529 432 2568 erat
452 2526 648 2579 tertium,
672 2526 760 2567 suis
782 2526 887 2567 locis
911 2525 1004 2568 sine
1026 2525 1111 2566 ullo
1130 2523 1323 2567 defectus
1347 2524 1507 2566 indicio
1531 2523 1693 2565 omissa

206 2597 304 2649 post
334 2594 431 2636 libri
463 2594 572 2637 sexti
604 2593 731 2636 finem
764 2606 957 2636 seorsum
989 2597 1324 2648 reponerentur.
1348 2592 1429 2635 hoc
1461 2604 1617 2634 novum
1653 2595 1694 2633 ct

206 2663 374 2705 tertium
412 2675 548 2716 genus
595 2661 718 2705 dico:
747 2675 846 2704 nam
885 2662 1018 2716 siquis
1055 2661 1134 2703 hoc
1174 2661 1357 2717 primum
1396 2660 1528 2702 fuisse
1566 2663 1694 2714 atque

206 2730 314 2773 illud
345 2721 548 2774 damnum
588 2731 781 2774 codicem
813 2731 931 2786 prius
965 2743 1095 2785 quam
1127 2730 1340 2782 oblongus
1374 2734 1414 2771 et
1445 2728 1691 2770 Italicorum

205 2811 364 2854 parens
395 2803 672 2842 nascerentur
703 2800 858 2842 fecisse
892 2799 1180 2852 existimabit,
1213 2799 1250 2840 is
1283 2796 1496 2852 quomodo
1528 2796 1692 2838 librarii

207 2866 390 2910 schedas
427 2867 700 2922 perturbatas
740 2869 784 2910 in
827 2881 975 2911 verum
1013 2867 1206 2909 ordinem
1244 2865 1507 2908 restituerint
1539 2864 1693 2907 docere

205 2948 291 2978 non
322 2936 504 2990 poterit.
527 2937 671 2990 itaque
702 2936 852 2978 horum
883 2937 1079 2979 codicum
1106 2935 1213 2978 alter
1236 2940 1300 2978 est
1321 2934 1547 2977 Leidensis
1570 2948 1692 2980 QUA-

205 3017 428 3059 mzmus,
477 3008 647 3047 notatus
693 3017 870 3047 numero
901 3004 981 3059 94,
1031 3005 1213 3060 scriptus
1250 3004 1423 3046 saeculo
1463 3003 1628 3045 decimo
1667 3016 1694 3045 a
