2040 3328
957 250 1017 292 IV
1643 252 1725 295 257

362 362 457 406 798.
490 362 683 404 Pnnsro
717 377 792 404 sm
823 376 1104 404 s1MULAan
1134 377 1291 405 Locos
1322 378 1369 404 m
1399 377 1615 411 QmthJE
1644 379 1726 406 PA-

246 443 372 472 RATA
394 462 403 472 .
432 428 655 484 Oblongus
682 432 831 474 Presto
861 432 908 473 in
937 431 1169 474 simulacra
1190 464 1199 475 .
1230 435 1344 475 recte
1372 432 1581 475 Antonius
1603 432 1726 475 Marii

246 502 288 542 et
317 498 524 541 Marullus
556 513 662 540 smr
684 531 694 540 .
727 498 804 542 sed
835 499 949 542 idem
975 499 1180 542 Marullus
1212 500 1357 555 male,
1380 500 1576 555 quamvis
1606 501 1726 556 plau-

245 565 372 609 dente
401 565 702 622 Wakefieldo,
731 567 841 610 locos
876 569 921 610 in
956 583 1140 623 quosque
1161 583 1174 609 .·
1204 580 1343 623 neque
1383 570 1495 611 enim
1532 568 1576 611 id
1616 582 1728 611 nunc

244 634 413 691 agitur,
435 635 481 677 in
503 648 715 690 quaenam
736 634 832 678 loca
852 639 952 678 eant
978 635 1207 678 simulacra
1228 669 1237 677 .
1267 640 1381 679 recte
1403 638 1614 680 Antonius
1644 651 1727 678 Lo-

245 717 318 744 c1s
346 704 393 746 in
423 705 600 760 quisque
617 737 627 746 .

360 772 609 815 799—801.
670 773 842 814 TANTA
890 785 1218 813 Monam-lissi·
1263 787 1320 814 m-
1364 788 1530 815 RERUM
1576 787 1726 815 coru

245 853 400 881 TANTA
420 873 430 883 .
452 839 561 882 HOC
582 855 664 882 UBI
693 855 844 882 PRIMA
874 854 1017 881 PERIT
1038 854 1256 887 ALIOQUE
1278 855 1365 882 EST
1386 855 1579 883 ALTERA
1600 856 1727 884 NATA

244 908 366 950 lum:
398 923 756 965 srAru‚1>R1oa
775 924 859 951 1110
883 923 1074 951 GESTUM
1094 924 1316 951 MUTASSE
1338 925 1555 952 vmnrun
1577 943 1586 952 .
1610 911 1726 954 Haec

244 982 288 1021 et
307 978 573 1021 emendatius
604 978 765 1034 scripta
794 982 836 1021 et
869 992 946 1021 suo
978 978 1072 1021 loco
1105 980 1245 1034 posita
1275 993 1407 1035 supra
1436 980 1621 1034 legimus
1644 980 1727 1022 774

245 1046 325 1089 771
345 1047 455 1098 772;
483 1059 595 1102 quae
625 1046 693 1090 hic
723 1046 881 1089 frustra
911 1046 1141 1102 adscripsit
1171 1048 1331 1102 lector,
1354 1061 1481 1102 quem
1502 1048 1587 1090 iam
1608 1048 1726 1090 novi-

244 1128 337 1158 mus
358 1148 368 1170 ,
389 1115 464 1157 ille
495 1114 776 1170 philosophus
799 1147 809 1157 .
837 1115 987 1157 horum
1019 1128 1218 1158 versuum
1251 1115 1359 1158 duos
1390 1116 1625 1158 Lambinus
1657 1116 1727 1158 de-

243 1183 377 1238 levit,
399 1183 581 1238 primum
613 1183 764 1226 ceteris
795 1196 881 1224 non
912 1183 1124 1238 aptiorem
1155 1183 1352 1238 reliquit.

359 1251 456 1294 802.
493 1265 593 1292 NISI
631 1265 726 1297 QUE
758 1265 1039 1292 GONTENDIT
1072 1284 1082 1294 .
1115 1253 1243 1295 Recte
1281 1252 1514 1295 Lambinus
1551 1254 1642 1296 nisi
1673 1268 1725 1294 sn

244 1319 452 1363 contendit
473 1351 483 1361 .
513 1320 556 1361 in
577 1319 784 1375 proximis
806 1323 870 1361 est
891 1320 988 1375 Ipse
1001 1329 1135 1376 parat
1154 1337 1240 1363 sese
1255 1337 1388 1377 porro
1409 1355 1419 1375 ,
1445 1322 1546 1364 item
1567 1331 1727 1365 conten-

244 1387 341 1431 dere
356 1404 400 1430 sc
420 1397 544 1444 atque
558 1404 720 1444 parare
734 1421 746 1442 ,
769 1387 952 1441 denique
969 1389 1120 1444 quibus
1137 1398 1195 1431 esc
1215 1390 1259 1431 in
1282 1390 1404 1431 'rebus
1422 1389 1587 1433 deditus
1607 1393 1698 1448 ipse
1716 1425 1725 1434 .

245 1470 298 1500 ex
334 1456 486 1511 quibus
526 1456 794 1511 perspicuum
831 1461 896 1498 est
933 1469 1018 1498 non
1054 1457 1181 1499 modo
1220 1456 1287 1499 hic
1324 1458 1577 1501 Lambinum
1613 1464 1727 1502 recte

243 1525 460 1577 sensisse,
494 1523 809 1566 Wakefieldum
845 1529 987 1567 autem
1024 1525 1202 1580 turpiter
1237 1526 1357 1582 labi,
1390 1528 1462 1582 qui
1493 1528 1728 1582 coniungat

243 1610 350 1651 quae
379 1608 547 1636 cernere
576 1592 815 1646 contendit,
839 1593 917 1635 sed
947 1593 1076 1635 etiam
1109 1593 1154 1635 in
1184 1607 1312 1636 versu
1342 1595 1571 1651 proximo,
1600 1609 1726 1650 quem

241 1661 341 1705 libri
371 1661 437 1704 bis
467 1661 694 1716 exhibent,
717 1660 794 1704 sed
826 1660 1060 1715 quadratus
1092 1661 1163 1703 ubi
1195 1662 1337 1704 alieno
1358 1664 1452 1706 loco
1475 1663 1632 1718 legitur
1652 1663 1726 1706 ad-

242 1742 413 1784 rasum,
434 1729 570 1772 verba
599 1734 747 1784 aperte
778 1733 1002 1784 corrupta,
1026 1743 1136 1783 quae
1167 1734 1266 1772 sunt
1295 1730 1421 1774 huius
1453 1731 1596 1787 modi,

357 1797 453 1841 804.
485 1798 580 1840 808.
619 1811 842 1839 PEREUNT
867 1830 877 1852 ,
903 1812 1005 1838 NISI
1039 1812 1134 1844 QUE
1170 1812 1231 1839 Ex
1269 1813 1320 1840 sn
1351 1814 1458 1840 1Psn
1488 1814 1724 1856 PARAVIT,

242 1866 303 1910 ita
323 1865 579 1921 corrigenda
600 1879 694 1908 esse
715 1870 762 1907 ut
792 1866 1003 1908 faciamus
1033 1867 1124 1908 πίει·
1150 1880 1193 1906 sl
1223 1881 1355 1912 QUAE
1387 1882 1449 1909 AD
1480 1884 1523 1910 se
1543 1870 1633 1924 ipse
1648 1885 1725 1925 pa-

241 1936 353 1978 ravit
374 1967 383 1976 .
404 1947 504 1976 nam
534 1947 619 1976 non
651 1932 809 1975 sufficit
839 1933 1059 1976 inventum
1081 1934 1278 1976 Lambini
1301 1967 1310 1988 ,
1333 1936 1423 1977 m‘si
1448 1936 1508 1977 sic
1529 1952 1615 1978 sese
1636 1937 1726 1993 ipse

235 2004 441 2060 paravit,-
461 2001 577 2056 quod
609 2014 682 2043 cur
702 2001 940 2055 Forbigero
972 2002 1014 2042 in
1047 2002 1267 2044 codicibus
1299 2003 1388 2045 suis
1420 2003 1636 2046 invenisse
1666 2005 1726 2046 vi-

243 2070 426 2125 deatur,
453 2083 540 2112 non
571 2082 764 2124 quaero,
794 2069 996 2123 quoniam
1026 2070 1115 2111 scio
1148 2083 1244 2111 eum
1275 2071 1355 2113 hoc
1386 2076 1431 2113 ut
1461 2075 1604 2113 cetera
1634 2072 1727 2115 sine

188 2191 190 2193 .
241 2138 406 2180 ratione
443 2137 584 2180 dicere
613 2170 622 2179 .
654 2138 725 2191 qui
765 2154 816 2179 em
858 2137 1218 2192 praepositionem
1256 2139 1441 2194 probant
1469 2172 1478 2193 ,
1510 2153 1600 2181 rem
1640 2154 1726 2182 non

241 2211 526 2261 perceperunt
546 2238 556 2248 .
579 2205 693 2247 infra
712 2205 821 2248 1046
844 2221 924 2261 quo
946 2222 989 2248 se
1010 2206 1219 2248 contendit
1240 2207 1340 2249 dira
1362 2208 1502 2249 lubido
1526 2239 1536 2252 .-
1557 2210 1600 2250 si
1618 2225 1727 2265 quae

240 2274 493 2331 corpuscula
536 2274 719 2328 legimus
764 2286 896 2328 supra
937 2275 1016 2316 199
1063 2273 1144 2329 (ita
1181 2275 1293 2316 enim
1338 2280 1452 2317 recte
1490 2276 1696 2318 Marullus
1715 2293 1728 2318 .-

239 2345 392 2397 postea
421 2342 675 2384 Lambinum
705 2341 838 2384 secuti
871 2341 1156 2384 distinxerunt
1187 2355 1283 2384 cum
1320 2356 1484 2386 summo
1518 2345 1727 2387 orationis

241 2409 470 2465 dispendio
501 2411 545 2453 si
564 2443 576 2465 ,
609 2409 766 2467 quae),
799 2423 938 2464 neque
969 2423 1151 2465 usquam
1183 2427 1269 2467 qua
1300 2412 1446 2466 posuit
1475 2413 1696 2456 Lucretius
1715 2445 1726 2467 ,

239 2481 288 2519 ut
317 2477 362 2519 in
383 2492 440 2533 vl,
458 2478 538 2520 841
563 2478 739 2521 dubium
771 2491 857 2520 non
889 2478 943 2520 sit
974 2478 1075 2532 quin
1107 2480 1150 2520 si
1167 2496 1273 2535 quae
1295 2480 1481 2523 scribere
1502 2485 1726 2536 oporteat.

355 2546 452 2589 805.
513 2561 808 2593 SPERATQUE
855 2561 1088 2588 FUTURAM
1120 2580 1129 2588 .
1171 2547 1340 2603 Optime
1390 2549 1597 2591 Marullus
1647 2563 1728 2590 FU-

242 2626 406 2654 ·rmum
422 2645 434 2656 .
1244 2666 1257 2676 „

355 2681 453 2724 811.
483 2696 673 2724 Noomin
703 2696 869 2724 POSSIS
893 2715 902 2724 .
934 2682 1034 2725 Itali
1066 2687 1107 2725 et
1137 2683 1334 2740 impressi
1364 2699 1617 2728 noscens.

357 2749 452 2791 815.
484 2749 787 2791 PRAETEREA
818 2765 953 2796 QUAM
984 2765 1166 2797 QUIBUS
1196 2767 1282 2793 EST
1305 2785 1314 2794 .
1337 2754 1550 2796 Avantius
1572 2755 1728 2796 PRAE-

242 2829 335 2856 TER
366 2833 493 2872 quam
516 2849 525 2858 .
551 2827 773 2873 praeterea
794 2834 919 2874 quam
941 2851 951 2873 ‚
975 2819 1091 2873 quod
1114 2809 1332 2863 Bentleius
1354 2822 1566 2876 probabat
1586 2822 1629 2865 in
1651 2824 1729 2866 Te-

241 2884 365 2926 rentii
388 2884 554 2927 Andria
572 2899 629 2937 ιν,
647 2886 687 2941 4,
708 2886 759 2927 13
784 2919 794 2940 ,
816 2885 1013 2928 Latinum
1046 2900 1141 2930 esse
1171 2893 1302 2942 negat
1334 2890 1528 2932 Handius
1559 2891 1604 2932 in
1625 2892 1728 2933 Tur—

241 2951 383 2994 sellini
408 2957 520 2995 tomo
543 2967 586 2994 1v
608 2967 648 3008 p.
665 2953 750 2996 548
774 2986 782 2995 .
806 2959 920 2996 certe
949 2954 1107 2998 Latina
1138 2961 1236 2998 sunt
1260 2966 1408 3013 postea
1438 2975 1564 3014 quam
1592 2963 1634 3001 et
1661 2976 1729 3002 ar-

1371 3027 1420 3068 17
