<?xml version="1.0" encoding="UTF-8"?>
<!DOCTYPE html PUBLIC "-//W3C//DTD XHTML 1.0 Transitional//EN"
    "http://www.w3.org/TR/xhtml1/DTD/xhtml1-transitional.dtd">
<html xmlns="http://www.w3.org/1999/xhtml" xml:lang="en" lang="en">
 <head>
  <title>
</title>
<meta http-equiv="Content-Type" content="text/html;charset=utf-8" />
  <meta name='ocr-system' content='tesseract 3.04.00' />
  <meta name='ocr-capabilities' content='ocr_page ocr_carea ocr_par ocr_line ocrx_word'/>
</head>
<body>
  <div class='ocr_page' id='page_1' title='image "./intlucretiicarid00lachuoft_0245.png"; bbox 0 0 2040 3328; ppageno 0'>
   <div class='ocr_carea' id='block_1_1' title="bbox 954 248 1729 291">
    <p class='ocr_par' dir='ltr' id='par_1_1' title="bbox 954 248 1729 291">
     <span class='ocr_line' id='line_1_1' title="bbox 954 248 1729 291; baseline 0 -1"><span class='ocrx_word' id='word_1_1' title='bbox 954 248 1015 291; x_wconf 93' lang='lat' dir='ltr'>IV</span> <span class='ocrx_word' id='word_1_2' title='bbox 1535 252 1538 255; x_wconf 76' lang='grc'><em>’</em></span> <span class='ocrx_word' id='word_1_3' title='bbox 1646 248 1729 290; x_wconf 82' lang='grc'>241</span> 
     </span>
    </p>
   </div>
   <div class='ocr_carea' id='block_1_2' title="bbox 180 361 1746 3129">
    <p class='ocr_par' dir='ltr' id='par_1_2' title="bbox 241 361 1735 1100">
     <span class='ocr_line' id='line_1_2' title="bbox 247 361 1732 420; baseline -0.001 -14"><span class='ocrx_word' id='word_1_4' title='bbox 247 362 541 420; x_wconf 73' lang='lat' dir='ltr'>Berecyntz‘am</span> <span class='ocrx_word' id='word_1_5' title='bbox 559 394 569 405; x_wconf 90' lang='lat'>.</span> <span class='ocrx_word' id='word_1_6' title='bbox 592 361 672 405; x_wconf 86' lang='lat' dir='ltr'>hoc</span> <span class='ocrx_word' id='word_1_7' title='bbox 702 374 786 404; x_wconf 94' lang='lat' dir='ltr'>non</span> <span class='ocrx_word' id='word_1_8' title='bbox 819 361 958 404; x_wconf 89' lang='lat' dir='ltr'>minus</span> <span class='ocrx_word' id='word_1_9' title='bbox 985 362 1176 418; x_wconf 90' lang='lat' dir='ltr'>ineptum</span> <span class='ocrx_word' id='word_1_10' title='bbox 1198 366 1263 405; x_wconf 87' lang='lat' dir='ltr'>est</span> <span class='ocrx_word' id='word_1_11' title='bbox 1281 362 1405 417; x_wconf 86' lang='lat' dir='ltr'>(tuba</span> <span class='ocrx_word' id='word_1_12' title='bbox 1425 362 1536 405; x_wconf 92' lang='lat' dir='ltr'>enim</span> <span class='ocrx_word' id='word_1_13' title='bbox 1558 367 1732 416; x_wconf 86' lang='lat' dir='ltr'>repente</span> 
     </span>
     <span class='ocr_line' id='line_1_3' title="bbox 245 429 1733 488; baseline -0.001 -15"><span class='ocrx_word' id='word_1_14' title='bbox 245 430 292 473; x_wconf 87' lang='lat' dir='ltr'>fit</span> <span class='ocrx_word' id='word_1_15' title='bbox 311 430 438 485; x_wconf 89' lang='lat' dir='ltr'>tibia)</span> <span class='ocrx_word' id='word_1_16' title='bbox 458 443 586 486; x_wconf 90' lang='lat' dir='ltr'>quam</span> <span class='ocrx_word' id='word_1_17' title='bbox 607 430 722 485; x_wconf 92' lang='lat' dir='ltr'>quod</span> <span class='ocrx_word' id='word_1_18' title='bbox 744 430 938 474; x_wconf 81' lang='lat' dir='ltr'>Catullus</span> <span class='ocrx_word' id='word_1_19' title='bbox 958 444 1074 486; x_wconf 81' lang='lat' dir='ltr'>Lx111,</span> <span class='ocrx_word' id='word_1_20' title='bbox 1097 431 1123 473; x_wconf 88' lang='lat'>9</span> <span class='ocrx_word' id='word_1_21' title='bbox 1150 439 1393 488; x_wconf 80' lang='lat' dir='ltr'>tympanum</span> <span class='ocrx_word' id='word_1_22' title='bbox 1423 429 1556 473; x_wconf 85' lang='lat' dir='ltr'>fertur</span> <span class='ocrx_word' id='word_1_23' title='bbox 1587 430 1733 486; x_wconf 87' lang='lat' dir='ltr'>appel-</span> 
     </span>
     <span class='ocr_line' id='line_1_4' title="bbox 244 498 1733 556; baseline -0.001 -15"><span class='ocrx_word' id='word_1_24' title='bbox 244 499 360 541; x_wconf 84' lang='lat' dir='ltr'><strong>lasse</strong></span> <span class='ocrx_word' id='word_1_25' title='bbox 397 499 536 541; x_wconf 83' lang='lat' dir='ltr'>tubam</span> <span class='ocrx_word' id='word_1_26' title='bbox 568 498 777 555; x_wconf 76' lang='lat' dir='ltr'><strong><em>Cybebes,</em></strong></span> <span class='ocrx_word' id='word_1_27' title='bbox 810 499 881 554; x_wconf 91' lang='lat' dir='ltr'>qui</span> <span class='ocrx_word' id='word_1_28' title='bbox 918 499 1089 554; x_wconf 81' lang='lat' dir='ltr'><strong>scripsit</strong></span> <span class='ocrx_word' id='word_1_29' title='bbox 1121 500 1279 554; x_wconf 90' lang='lat' dir='ltr'>(neque</span> <span class='ocrx_word' id='word_1_30' title='bbox 1310 498 1421 541; x_wconf 89' lang='lat' dir='ltr'>enim</span> <span class='ocrx_word' id='word_1_31' title='bbox 1454 498 1621 553; x_wconf 83' lang='lat' dir='ltr'>dubito)</span> <span class='ocrx_word' id='word_1_32' title='bbox 1655 498 1733 556; x_wconf 84' lang='lat' dir='ltr'>Ty-</span> 
     </span>
     <span class='ocr_line' id='line_1_5' title="bbox 241 566 1734 624; baseline 0 -16"><span class='ocrx_word' id='word_1_33' title='bbox 241 583 401 624; x_wconf 78' lang='lat' dir='ltr'>panu‘m</span> <span class='ocrx_word' id='word_1_34' title='bbox 429 575 536 609; x_wconf 78' lang='lat' dir='ltr'>tuom</span> <span class='ocrx_word' id='word_1_35' title='bbox 554 600 565 621; x_wconf 86' lang='lat'><em>‚</em></span> <span class='ocrx_word' id='word_1_36' title='bbox 589 567 745 624; x_wconf 83' lang='lat' dir='ltr'><strong><em>Cybebe</em></strong></span> <span class='ocrx_word' id='word_1_37' title='bbox 759 600 770 622; x_wconf 90' lang='lat'><em>‚</em></span> <span class='ocrx_word' id='word_1_38' title='bbox 793 576 891 622; x_wconf 87' lang='lat' dir='ltr'>tua,</span> <span class='ocrx_word' id='word_1_39' title='bbox 912 576 1045 610; x_wconf 85' lang='lat' dir='ltr'>mater</span> <span class='ocrx_word' id='word_1_40' title='bbox 1059 600 1071 622; x_wconf 72' lang='lat'><em>7</em></span> <span class='ocrx_word' id='word_1_41' title='bbox 1093 568 1220 610; x_wconf 70' lang='lat' dir='ltr'>znz&#39;tia</span> <span class='ocrx_word' id='word_1_42' title='bbox 1237 599 1246 609; x_wconf 91' lang='lat'><strong>.</strong></span> <span class='ocrx_word' id='word_1_43' title='bbox 1268 567 1352 609; x_wconf 90' lang='lat' dir='ltr'>iam</span> <span class='ocrx_word' id='word_1_44' title='bbox 1375 579 1478 610; x_wconf 88' lang='lat' dir='ltr'>vero</span> <span class='ocrx_word' id='word_1_45' title='bbox 1500 566 1535 609; x_wconf 91' lang='lat' dir='ltr'>si</span> <span class='ocrx_word' id='word_1_46' title='bbox 1558 579 1734 621; x_wconf 89' lang='lat' dir='ltr'>quaere-</span> 
     </span>
     <span class='ocr_line' id='line_1_6' title="bbox 244 633 1734 691; baseline 0.001 -15"><span class='ocrx_word' id='word_1_47' title='bbox 244 647 339 677; x_wconf 89' lang='lat' dir='ltr'>mus</span> <span class='ocrx_word' id='word_1_48' title='bbox 360 633 464 689; x_wconf 90' lang='lat' dir='ltr'>quid</span> <span class='ocrx_word' id='word_1_49' title='bbox 496 636 604 678; x_wconf 80' lang='lat' dir='ltr'>cieri</span> <span class='ocrx_word' id='word_1_50' title='bbox 630 639 672 678; x_wconf 90' lang='lat' dir='ltr'>et</span> <span class='ocrx_word' id='word_1_51' title='bbox 701 636 827 678; x_wconf 81' lang='lat' dir='ltr'>citum</span> <span class='ocrx_word' id='word_1_52' title='bbox 857 636 1030 678; x_wconf 81' lang='lat' dir='ltr'>reboare</span> <span class='ocrx_word' id='word_1_53' title='bbox 1060 635 1223 691; x_wconf 81' lang='lat' dir='ltr'>possit,</span> <span class='ocrx_word' id='word_1_54' title='bbox 1245 635 1513 678; x_wconf 84' lang='lat' dir='ltr'>inveniemus</span> <span class='ocrx_word' id='word_1_55' title='bbox 1544 635 1651 678; x_wconf 89' lang='lat' dir='ltr'>haec</span> <span class='ocrx_word' id='word_1_56' title='bbox 1681 634 1734 677; x_wconf 91' lang='lat' dir='ltr'>de</span> 
     </span>
     <span class='ocr_line' id='line_1_7' title="bbox 245 702 1735 760; baseline -0.001 -14"><span class='ocrx_word' id='word_1_57' title='bbox 245 703 348 746; x_wconf 79' lang='lat' dir='ltr'>locis</span> <span class='ocrx_word' id='word_1_58' title='bbox 369 703 590 746; x_wconf 88' lang='lat' dir='ltr'>commode</span> <span class='ocrx_word' id='word_1_59' title='bbox 612 704 696 746; x_wconf 88' lang='lat' dir='ltr'>dici</span> <span class='ocrx_word' id='word_1_60' title='bbox 724 708 766 747; x_wconf 91' lang='lat' dir='ltr'>et</span> <span class='ocrx_word' id='word_1_61' title='bbox 792 703 847 746; x_wconf 92' lang='lat' dir='ltr'>ab</span> <span class='ocrx_word' id='word_1_62' title='bbox 869 703 1066 746; x_wconf 89' lang='lat' dir='ltr'>omnibus</span> <span class='ocrx_word' id='word_1_63' title='bbox 1097 703 1234 760; x_wconf 68' lang='lat' dir='ltr'>poetis</span> <span class='ocrx_word' id='word_1_64' title='bbox 1265 702 1379 746; x_wconf 90' lang='lat' dir='ltr'>dicta</span> <span class='ocrx_word' id='word_1_65' title='bbox 1409 716 1503 746; x_wconf 90' lang='lat' dir='ltr'>esse</span> <span class='ocrx_word' id='word_1_66' title='bbox 1520 735 1529 745; x_wconf 92' lang='lat'><em>.</em></span> <span class='ocrx_word' id='word_1_67' title='bbox 1552 703 1612 745; x_wconf 88' lang='lat' dir='ltr'>ita</span> <span class='ocrx_word' id='word_1_68' title='bbox 1642 703 1735 758; x_wconf 89' lang='lat' dir='ltr'>ipse</span> 
     </span>
     <span class='ocr_line' id='line_1_8' title="bbox 244 771 1735 828; baseline -0.001 -14"><span class='ocrx_word' id='word_1_69' title='bbox 244 771 468 815; x_wconf 83' lang='lat' dir='ltr'>Lucretius</span> <span class='ocrx_word' id='word_1_70' title='bbox 499 772 587 815; x_wconf 86' lang='lat' dir='ltr'>Nec</span> <span class='ocrx_word' id='word_1_71' title='bbox 618 772 806 815; x_wconf 75' lang='lat' dir='ltr'><strong><em>citharae</em></strong></span> <span class='ocrx_word' id='word_1_72' title='bbox 835 772 1006 814; x_wconf 77' lang='lat' dir='ltr'><strong><em>reboant</em></strong></span> <span class='ocrx_word' id='word_1_73' title='bbox 1037 772 1234 828; x_wconf 81' lang='lat' dir='ltr'>laqueata</span> <span class='ocrx_word' id='word_1_74' title='bbox 1264 781 1501 828; x_wconf 81' lang='lat' dir='ltr'>aurataque</span> <span class='ocrx_word' id='word_1_75' title='bbox 1532 780 1636 814; x_wconf 83' lang='lat' dir='ltr'>tecta</span> <span class='ocrx_word' id='word_1_76' title='bbox 1657 804 1668 825; x_wconf 85' lang='lat'><em>‚</em></span> <span class='ocrx_word' id='word_1_77' title='bbox 1693 775 1735 814; x_wconf 85' lang='lat' dir='ltr'>et</span> 
     </span>
     <span class='ocr_line' id='line_1_9' title="bbox 246 839 1734 898; baseline -0.001 -15"><span class='ocrx_word' id='word_1_78' title='bbox 246 840 362 898; x_wconf 73' lang='lat' dir='ltr'><strong><em>Eryo</em></strong></span> <span class='ocrx_word' id='word_1_79' title='bbox 391 840 607 898; x_wconf 79' lang='lat' dir='ltr'>replentur</span> <span class='ocrx_word' id='word_1_80' title='bbox 638 840 730 883; x_wconf 81' lang='lat' dir='ltr'><strong><em>loca</em></strong></span> <span class='ocrx_word' id='word_1_81' title='bbox 757 841 925 883; x_wconf 87' lang='lat' dir='ltr'>vocibus</span> <span class='ocrx_word' id='word_1_82' title='bbox 945 865 1000 870; x_wconf 91' lang='lat'><strong>—</strong></span> <span class='ocrx_word' id='word_1_83' title='bbox 1022 840 1241 896; x_wconf 85' lang='lat' dir='ltr'>sonituque</span> <span class='ocrx_word' id='word_1_84' title='bbox 1261 840 1448 882; x_wconf 75' lang='lat' dir='ltr'><strong><em>cientur.</em></strong></span> <span class='ocrx_word' id='word_1_85' title='bbox 1472 839 1617 894; x_wconf 89' lang='lat' dir='ltr'>itaque</span> <span class='ocrx_word' id='word_1_86' title='bbox 1649 852 1734 882; x_wconf 87' lang='lat' dir='ltr'>ma-</span> 
     </span>
     <span class='ocr_line' id='line_1_10' title="bbox 244 907 1733 964; baseline -0.001 -13"><span class='ocrx_word' id='word_1_87' title='bbox 244 908 444 952; x_wconf 84' lang='lat' dir='ltr'>nifestum</span> <span class='ocrx_word' id='word_1_88' title='bbox 483 912 547 951; x_wconf 86' lang='lat' dir='ltr'>est</span> <span class='ocrx_word' id='word_1_89' title='bbox 584 921 692 960; x_wconf 70' lang='lat' dir='ltr'>eum¹</span> <span class='ocrx_word' id='word_1_90' title='bbox 715 908 786 951; x_wconf 89' lang='lat' dir='ltr'>hic</span> <span class='ocrx_word' id='word_1_91' title='bbox 814 907 1039 964; x_wconf 79' lang='lat' dir='ltr'>scripsisse</span> <span class='ocrx_word' id='word_1_92' title='bbox 1068 908 1125 951; x_wconf 86' lang='lat' dir='ltr'>Et</span> <span class='ocrx_word' id='word_1_93' title='bbox 1154 922 1346 950; x_wconf 81' lang='lat' dir='ltr'>REBOAT</span> <span class='ocrx_word' id='word_1_94' title='bbox 1376 924 1552 950; x_wconf 84' lang='lat' dir='ltr'>raucum</span> <span class='ocrx_word' id='word_1_95' title='bbox 1583 921 1733 949; x_wconf 76' lang='lat' dir='ltr'>REGxo</span> 
     </span>
     <span class='ocr_line' id='line_1_11' title="bbox 245 976 1734 1033; baseline -0.001 -13"><span class='ocrx_word' id='word_1_96' title='bbox 245 978 329 1020; x_wconf 85' lang='lat' dir='ltr'>cita</span> <span class='ocrx_word' id='word_1_97' title='bbox 366 977 551 1020; x_wconf 87' lang='lat' dir='ltr'><strong><em>barbara</em></strong></span> <span class='ocrx_word' id='word_1_98' title='bbox 588 977 775 1020; x_wconf 79' lang='lat' dir='ltr'><strong><em>bombum</em></strong></span> <span class='ocrx_word' id='word_1_99' title='bbox 805 1009 814 1018; x_wconf 88' lang='lat'><strong>.</strong></span> <span class='ocrx_word' id='word_1_100' title='bbox 846 989 984 1032; x_wconf 89' lang='lat' dir='ltr'>neque</span> <span class='ocrx_word' id='word_1_101' title='bbox 1015 977 1199 1019; x_wconf 83' lang='lat' dir='ltr'><strong><em>barbara</em></strong></span> <span class='ocrx_word' id='word_1_102' title='bbox 1228 977 1344 1033; x_wconf 43' lang='lat' dir='ltr'>re&#39;qio</span> <span class='ocrx_word' id='word_1_103' title='bbox 1381 976 1523 1019; x_wconf 88' lang='lat' dir='ltr'>minus</span> <span class='ocrx_word' id='word_1_104' title='bbox 1562 976 1734 1032; x_wconf 81' lang='lat' dir='ltr'>proprie</span> 
     </span>
     <span class='ocr_line' id='line_1_12' title="bbox 246 1045 717 1100; baseline 0 -12"><span class='ocrx_word' id='word_1_105' title='bbox 246 1045 404 1088; x_wconf 88' lang='lat' dir='ltr'>dicitur</span> <span class='ocrx_word' id='word_1_106' title='bbox 434 1058 562 1100; x_wconf 85' lang='lat' dir='ltr'>quam</span> <span class='ocrx_word' id='word_1_107' title='bbox 592 1046 690 1088; x_wconf 84' lang='lat' dir='ltr'>tuba</span> <span class='ocrx_word' id='word_1_108' title='bbox 707 1078 717 1088; x_wconf 92' lang='lat'><strong>.</strong></span> 
     </span>
    </p>

    <p class='ocr_par' dir='ltr' id='par_1_3' title="bbox 180 1113 1746 3076">
     <span class='ocr_line' id='line_1_13' title="bbox 359 1113 1734 1166; baseline -0.001 -9"><span class='ocrx_word' id='word_1_109' title='bbox 359 1113 782 1161; x_wconf 64' lang='lat' dir='ltr'>545.,Er.vA1,1n1s</span> <span class='ocrx_word' id='word_1_110' title='bbox 813 1127 962 1155; x_wconf 75' lang='lat' dir='ltr'>NEc&#39;rr</span> <span class='ocrx_word' id='word_1_111' title='bbox 991 1127 1166 1156; x_wconf 73' lang='lat' dir='ltr'>Ton&#39;rxs</span> <span class='ocrx_word' id='word_1_112' title='bbox 1197 1128 1259 1156; x_wconf 77' lang='lat' dir='ltr'>Ex</span> <span class='ocrx_word' id='word_1_113' title='bbox 1289 1127 1555 1156; x_wconf 76' lang='lat' dir='ltr'>nnmcoms</span> <span class='ocrx_word' id='word_1_114' title='bbox 1579 1146 1589 1157; x_wconf 87' lang='lat'><strong>.</strong></span> <span class='ocrx_word' id='word_1_115' title='bbox 1622 1113 1734 1166; x_wconf 79' lang='lat' dir='ltr'>Qua-</span> 
     </span>
     <span class='ocr_line' id='line_1_14' title="bbox 245 1182 1733 1238; baseline -0.001 -12"><span class='ocrx_word' id='word_1_116' title='bbox 245 1182 394 1226; x_wconf 84' lang='lat' dir='ltr'>dratus</span> <span class='ocrx_word' id='word_1_117' title='bbox 431 1186 474 1226; x_wconf 88' lang='lat' dir='ltr'>et</span> <span class='ocrx_word' id='word_1_118' title='bbox 513 1195 540 1225; x_wconf 89' lang='lat' dir='ltr'>a</span> <span class='ocrx_word' id='word_1_119' title='bbox 577 1186 815 1225; x_wconf 90' lang='lat' dir='ltr'>correctore</span> <span class='ocrx_word' id='word_1_120' title='bbox 851 1182 1062 1237; x_wconf 85' lang='lat' dir='ltr'>oblongus</span> <span class='ocrx_word' id='word_1_121' title='bbox 1103 1192 1192 1226; x_wconf 78' lang='lat' dir='ltr'>nete</span> <span class='ocrx_word' id='word_1_122' title='bbox 1223 1184 1342 1226; x_wconf 76' lang='lat' dir='ltr'>tortis</span> <span class='ocrx_word' id='word_1_123' title='bbox 1362 1216 1373 1237; x_wconf 88' lang='lat'><em>‚</em></span> <span class='ocrx_word' id='word_1_124' title='bbox 1405 1183 1506 1225; x_wconf 92' lang='lat' dir='ltr'>olim</span> <span class='ocrx_word' id='word_1_125' title='bbox 1538 1182 1733 1238; x_wconf 86' lang='lat' dir='ltr'>impressi</span> 
     </span>
     <span class='ocr_line' id='line_1_15' title="bbox 244 1250 1735 1308; baseline -0.001 -14"><span class='ocrx_word' id='word_1_126' title='bbox 244 1267 342 1294; x_wconf 87' lang='lat' dir='ltr'>nece</span> <span class='ocrx_word' id='word_1_127' title='bbox 372 1251 490 1294; x_wconf 82' lang='lat' dir='ltr'>tortis</span> <span class='ocrx_word' id='word_1_128' title='bbox 512 1283 522 1292; x_wconf 85' lang='lat'><strong>.</strong></span> <span class='ocrx_word' id='word_1_129' title='bbox 550 1251 760 1294; x_wconf 90' lang='lat' dir='ltr'>Antonius</span> <span class='ocrx_word' id='word_1_130' title='bbox 792 1250 918 1293; x_wconf 86' lang='lat' dir='ltr'>Marii</span> <span class='ocrx_word' id='word_1_131' title='bbox 949 1251 1006 1293; x_wconf 87' lang='lat' dir='ltr'>Et</span> <span class='ocrx_word' id='word_1_132' title='bbox 1035 1251 1177 1294; x_wconf 81' lang='lat' dir='ltr'>validi</span> <span class='ocrx_word' id='word_1_133' title='bbox 1199 1260 1378 1308; x_wconf 66' lang='lat' dir='ltr'>suo-yunt</span> <span class='ocrx_word' id='word_1_134' title='bbox 1406 1266 1503 1294; x_wconf 85' lang='lat' dir='ltr'>nece</span> <span class='ocrx_word' id='word_1_135' title='bbox 1534 1252 1652 1294; x_wconf 86' lang='lat' dir='ltr'>tortis</span> <span class='ocrx_word' id='word_1_136' title='bbox 1683 1268 1735 1294; x_wconf 76' lang='lat' dir='ltr'>ex</span> 
     </span>
     <span class='ocr_line' id='line_1_16' title="bbox 245 1318 1734 1376; baseline 0 -13"><span class='ocrx_word' id='word_1_137' title='bbox 245 1319 465 1363; x_wconf 80' lang='lat' dir='ltr'>Heliconis</span> <span class='ocrx_word' id='word_1_138' title='bbox 479 1351 491 1374; x_wconf 89' lang='lat'><em>‚</em></span> <span class='ocrx_word' id='word_1_139' title='bbox 514 1318 722 1362; x_wconf 82' lang='lat' dir='ltr'>Marullus</span> <span class='ocrx_word' id='word_1_140' title='bbox 743 1319 800 1361; x_wconf 86' lang='lat' dir='ltr'>Et</span> <span class='ocrx_word' id='word_1_141' title='bbox 816 1318 964 1375; x_wconf 46' lang='lat' dir='ltr'>,qelida</span> <span class='ocrx_word' id='word_1_142' title='bbox 985 1320 1110 1376; x_wconf 88' lang='lat' dir='ltr'><strong><em>cycni</em></strong></span> <span class='ocrx_word' id='word_1_143' title='bbox 1135 1335 1231 1362; x_wconf 84' lang='lat' dir='ltr'>nece</span> <span class='ocrx_word' id='word_1_144' title='bbox 1262 1320 1365 1362; x_wconf 87' lang='lat' dir='ltr'>torti</span> <span class='ocrx_word' id='word_1_145' title='bbox 1389 1336 1441 1362; x_wconf 76' lang='lat' dir='ltr'>ex</span> <span class='ocrx_word' id='word_1_146' title='bbox 1474 1328 1595 1363; x_wconf 89' lang='lat' dir='ltr'>antro</span> <span class='ocrx_word' id='word_1_147' title='bbox 1616 1321 1734 1363; x_wconf 78' lang='lat' dir='ltr'>Heli·</span> 
     </span>
     <span class='ocr_line' id='line_1_17' title="bbox 245 1377 1736 1444; baseline 0.001 -14"><span class='ocrx_word' id='word_1_148' title='bbox 245 1388 360 1431; x_wconf 81' lang='lat' dir='ltr'>conis</span> <span class='ocrx_word' id='word_1_149' title='bbox 373 1420 384 1442; x_wconf 83' lang='lat'><em>,</em></span> <span class='ocrx_word' id='word_1_150' title='bbox 408 1386 617 1430; x_wconf 82' lang='lat' dir='ltr'>Avantius</span> <span class='ocrx_word' id='word_1_151' title='bbox 636 1386 826 1430; x_wconf 80' lang='lat' dir='ltr'>Vallibus</span> <span class='ocrx_word' id='word_1_152' title='bbox 842 1395 879 1430; x_wconf 89' lang='lat' dir='ltr'>et</span> <span class='ocrx_word' id='word_1_153' title='bbox 893 1388 1024 1444; x_wconf 76' lang='lat' dir='ltr'><strong><em>cyyni</em></strong></span> <span class='ocrx_word' id='word_1_154' title='bbox 1038 1377 1305 1430; x_wconf 39' lang='lat' dir='ltr'>nece-detorti</span> <span class='ocrx_word' id='word_1_155' title='bbox 1321 1404 1373 1430; x_wconf 73' lang='lat' dir='ltr'>ex</span> <span class='ocrx_word' id='word_1_156' title='bbox 1389 1386 1609 1430; x_wconf 80' lang='lat' dir='ltr'>Heliconis</span> <span class='ocrx_word' id='word_1_157' title='bbox 1623 1421 1634 1442; x_wconf 86' lang='lat'><em>,</em></span> <span class='ocrx_word' id='word_1_158' title='bbox 1657 1387 1736 1431; x_wconf 75' lang='lat' dir='ltr'>‘co-</span> 
     </span>
     <span class='ocr_line' id='line_1_18' title="bbox 246 1454 1736 1513; baseline 0.001 -15"><span class='ocrx_word' id='word_1_159' title='bbox 246 1455 365 1498; x_wconf 84' lang='lat' dir='ltr'>dices</span> <span class='ocrx_word' id='word_1_160' title='bbox 386 1454 614 1498; x_wconf 85' lang='lat' dir='ltr'>emendati&#39;</span> <span class='ocrx_word' id='word_1_161' title='bbox 638 1454 843 1498; x_wconf 82' lang='lat' dir='ltr'>Iohannis</span> <span class='ocrx_word' id='word_1_162' title='bbox 864 1455 988 1512; x_wconf 84' lang='lat' dir='ltr'>Bapt.</span> <span class='ocrx_word' id='word_1_163' title='bbox 1012 1455 1077 1498; x_wconf 87' lang='lat' dir='ltr'>Pii</span> <span class='ocrx_word' id='word_1_164' title='bbox 1103 1456 1293 1499; x_wconf 80' lang='lat' dir='ltr'>Vallibus</span> <span class='ocrx_word' id='word_1_165' title='bbox 1315 1464 1352 1499; x_wconf 86' lang='lat' dir='ltr'>et</span> <span class='ocrx_word' id='word_1_166' title='bbox 1372 1456 1497 1513; x_wconf 86' lang='lat' dir='ltr'><strong><em>cycni</em></strong></span> <span class='ocrx_word' id='word_1_167' title='bbox 1513 1454 1668 1499; x_wconf 75' lang='lat' dir='ltr'>detorti</span> <span class='ocrx_word' id='word_1_168' title='bbox 1684 1473 1736 1500; x_wconf 72' lang='lat' dir='ltr'>ecc</span> 
     </span>
     <span class='ocr_line' id='line_1_19' title="bbox 245 1523 1735 1581; baseline -0.001 -14"><span class='ocrx_word' id='word_1_169' title='bbox 245 1524 478 1578; x_wconf 78' lang='lat' dir='ltr'>Heliconis,</span> <span class='ocrx_word' id='word_1_170' title='bbox 495 1523 727 1566; x_wconf 82' lang='lat' dir='ltr'>Lambinus</span> <span class='ocrx_word' id='word_1_171' title='bbox 749 1524 939 1567; x_wconf 79' lang='lat' dir='ltr'>Vallibus</span> <span class='ocrx_word' id='word_1_172' title='bbox 961 1532 998 1567; x_wconf 86' lang='lat' dir='ltr'>et</span> <span class='ocrx_word' id='word_1_173' title='bbox 1018 1525 1145 1581; x_wconf 89' lang='lat' dir='ltr'><strong><em>cycni</em></strong></span> <span class='ocrx_word' id='word_1_174' title='bbox 1156 1523 1313 1581; x_wconf 76' lang='lat' dir='ltr'>yelidis</span> <span class='ocrx_word' id='word_1_175' title='bbox 1333 1525 1421 1567; x_wconf 87' lang='lat' dir='ltr'>orti</span> <span class='ocrx_word' id='word_1_176' title='bbox 1436 1540 1489 1567; x_wconf 70' lang='lat' dir='ltr'><strong><em>ecc</em></strong></span> <span class='ocrx_word' id='word_1_177' title='bbox 1504 1523 1735 1578; x_wconf 81' lang='lat' dir='ltr'>Heliconis,</span> 
     </span>
     <span class='ocr_line' id='line_1_20' title="bbox 180 1588 1735 1650; baseline 0 -15"><span class='ocrx_word' id='word_1_178' title='bbox 180 1588 185 1592; x_wconf 47' lang='lat'>⁵</span> <span class='ocrx_word' id='word_1_179' title='bbox 247 1591 447 1636; x_wconf 82' lang='lat' dir='ltr'>Gifanius</span> <span class='ocrx_word' id='word_1_180' title='bbox 468 1592 658 1635; x_wconf 79' lang='lat' dir='ltr'>Vallibus</span> <span class='ocrx_word' id='word_1_181' title='bbox 675 1600 712 1635; x_wconf 86' lang='lat' dir='ltr'>et</span> <span class='ocrx_word' id='word_1_182' title='bbox 730 1593 855 1650; x_wconf 84' lang='lat' dir='ltr'><strong><em>cycni</em></strong></span> <span class='ocrx_word' id='word_1_183' title='bbox 870 1608 967 1635; x_wconf 85' lang='lat' dir='ltr'>nece</span> <span class='ocrx_word' id='word_1_184' title='bbox 988 1593 1089 1635; x_wconf 84' lang='lat' dir='ltr'>torti</span> <span class='ocrx_word' id='word_1_185' title='bbox 1107 1609 1159 1635; x_wconf 75' lang='lat' dir='ltr'>eoe</span> <span class='ocrx_word' id='word_1_186' title='bbox 1175 1592 1394 1635; x_wconf 79' lang='lat' dir='ltr'>Heliconis</span> <span class='ocrx_word' id='word_1_187' title='bbox 1410 1625 1421 1646; x_wconf 87' lang='lat'><em>‚</em></span> <span class='ocrx_word' id='word_1_188' title='bbox 1444 1591 1586 1634; x_wconf 84' lang='lat' dir='ltr'>Faber</span> <span class='ocrx_word' id='word_1_189' title='bbox 1607 1593 1735 1636; x_wconf 81' lang='lat' dir='ltr'>Valli-</span> 
     </span>
     <span class='ocr_line' id='line_1_21' title="bbox 246 1659 1742 1718; baseline -0.001 -14"><span class='ocrx_word' id='word_1_190' title='bbox 246 1662 322 1704; x_wconf 80' lang='lat' dir='ltr'>bus</span> <span class='ocrx_word' id='word_1_191' title='bbox 342 1669 380 1704; x_wconf 88' lang='lat' dir='ltr'>et</span> <span class='ocrx_word' id='word_1_192' title='bbox 395 1659 553 1718; x_wconf 72' lang='lat' dir='ltr'>yelidis</span> <span class='ocrx_word' id='word_1_193' title='bbox 573 1661 699 1717; x_wconf 84' lang='lat' dir='ltr'><strong><em>cycni</em></strong></span> <span class='ocrx_word' id='word_1_194' title='bbox 715 1662 890 1704; x_wconf 65' lang='lat' dir='ltr'>cortieoe</span> <span class='ocrx_word' id='word_1_195' title='bbox 906 1661 1126 1703; x_wconf 81' lang='lat' dir='ltr'>Heliconis</span> <span class='ocrx_word' id='word_1_196' title='bbox 1141 1694 1152 1715; x_wconf 85' lang='grc'>,</span> <span class='ocrx_word' id='word_1_197' title='bbox 1169 1660 1350 1704; x_wconf 83' lang='lat' dir='ltr'>Vossius</span> <span class='ocrx_word' id='word_1_198' title='bbox 1367 1661 1424 1703; x_wconf 87' lang='lat' dir='ltr'>Et</span> <span class='ocrx_word' id='word_1_199' title='bbox 1439 1659 1598 1703; x_wconf 84' lang='lat' dir='ltr'>validis</span> <span class='ocrx_word' id='word_1_200' title='bbox 1618 1662 1742 1717; x_wconf 86' lang='lat' dir='ltr'><strong><em>cycni</em></strong></span> 
     </span>
     <span class='ocr_line' id='line_1_22' title="bbox 246 1728 1738 1785; baseline -0.001 -13"><span class='ocrx_word' id='word_1_201' title='bbox 246 1729 497 1772; x_wconf 78' lang='lat' dir='ltr'><strong><em>torrentibus</em></strong></span> <span class='ocrx_word' id='word_1_202' title='bbox 513 1743 566 1770; x_wconf 71' lang='lat' dir='ltr'>ew</span> <span class='ocrx_word' id='word_1_203' title='bbox 580 1728 800 1772; x_wconf 82' lang='lat' dir='ltr'>Heliconis</span> <span class='ocrx_word' id='word_1_204' title='bbox 810 1762 822 1783; x_wconf 68' lang='lat'><em>7</em></span> <span class='ocrx_word' id='word_1_205' title='bbox 840 1728 1164 1784; x_wconf 87' lang='lat' dir='ltr'>Havercampus</span> <span class='ocrx_word' id='word_1_206' title='bbox 1182 1730 1372 1773; x_wconf 80' lang='lat' dir='ltr'>Vallibus</span> <span class='ocrx_word' id='word_1_207' title='bbox 1389 1737 1426 1771; x_wconf 90' lang='lat' dir='ltr'>et</span> <span class='ocrx_word' id='word_1_208' title='bbox 1441 1731 1566 1785; x_wconf 86' lang='lat' dir='ltr'><strong><em>cycni</em></strong></span> <span class='ocrx_word' id='word_1_209' title='bbox 1576 1729 1738 1772; x_wconf 82' lang='lat' dir='ltr'>melicis</span> 
     </span>
     <span class='ocr_line' id='line_1_23' title="bbox 233 1795 1738 1855; baseline -0.001 -15"><span class='ocrx_word' id='word_1_210' title='bbox 233 1797 355 1854; x_wconf 84' lang='lat' dir='ltr'>forte</span> <span class='ocrx_word' id='word_1_211' title='bbox 376 1812 428 1840; x_wconf 77' lang='lat' dir='ltr'>ex</span> <span class='ocrx_word' id='word_1_212' title='bbox 447 1795 669 1839; x_wconf 82' lang='lat' dir='ltr'>Heliconis</span> <span class='ocrx_word' id='word_1_213' title='bbox 682 1829 694 1851; x_wconf 89' lang='lat'><em>,</em></span> <span class='ocrx_word' id='word_1_214' title='bbox 717 1795 1012 1840; x_wconf 86' lang='lat' dir='ltr'>Wakefieldus</span> <span class='ocrx_word' id='word_1_215' title='bbox 1033 1798 1090 1839; x_wconf 87' lang='lat' dir='ltr'>Et</span> <span class='ocrx_word' id='word_1_216' title='bbox 1119 1798 1230 1840; x_wconf 82' lang='lat' dir='ltr'><strong><em>valli</em></strong></span> <span class='ocrx_word' id='word_1_217' title='bbox 1255 1800 1398 1855; x_wconf 87' lang='lat' dir='ltr'>cycnis</span> <span class='ocrx_word' id='word_1_218' title='bbox 1427 1814 1525 1841; x_wconf 86' lang='lat' dir='ltr'>nece</span> <span class='ocrx_word' id='word_1_219' title='bbox 1545 1798 1664 1843; x_wconf 85' lang='lat' dir='ltr'>tortis</span> <span class='ocrx_word' id='word_1_220' title='bbox 1685 1813 1738 1840; x_wconf 75' lang='lat' dir='ltr'>ex</span> 
     </span>
     <span class='ocr_line' id='line_1_24' title="bbox 246 1863 1737 1922; baseline 0 -15"><span class='ocrx_word' id='word_1_221' title='bbox 246 1865 466 1907; x_wconf 84' lang='lat' dir='ltr'>Heliconis</span> <span class='ocrx_word' id='word_1_222' title='bbox 487 1863 670 1919; x_wconf 82' lang='lat' dir='ltr'>(scilicet</span> <span class='ocrx_word' id='word_1_223' title='bbox 689 1864 932 1921; x_wconf 76' lang='lat' dir='ltr'>primordia</span> <span class='ocrx_word' id='word_1_224' title='bbox 952 1864 1112 1922; x_wconf 86' lang='lat' dir='ltr'>cycnis)</span> <span class='ocrx_word' id='word_1_225' title='bbox 1130 1898 1139 1919; x_wconf 87' lang='lat'>,</span> <span class='ocrx_word' id='word_1_226' title='bbox 1162 1865 1371 1920; x_wconf 88' lang='lat' dir='ltr'>Forbiger</span> <span class='ocrx_word' id='word_1_227' title='bbox 1392 1867 1552 1908; x_wconf 88' lang='lat' dir='ltr'>omissa</span> <span class='ocrx_word' id='word_1_228' title='bbox 1574 1865 1737 1908; x_wconf 83' lang='lat' dir='ltr'>Gifanii</span> 
     </span>
     <span class='ocr_line' id='line_1_25' title="bbox 246 1931 1738 1990; baseline 0.001 -16"><span class='ocrx_word' id='word_1_229' title='bbox 246 1932 463 1975; x_wconf 85' lang='lat' dir='ltr'>mentione</span> <span class='ocrx_word' id='word_1_230' title='bbox 494 1931 616 1987; x_wconf 69' lang='lat' dir='ltr'>Cnos&#39;</span> <span class='ocrx_word' id='word_1_231' title='bbox 647 1931 785 1987; x_wconf 91' lang='lat' dir='ltr'>inquit</span> <span class='ocrx_word' id='word_1_232' title='bbox 815 1931 988 1975; x_wconf 67' lang='lat' dir='ltr'>‘Eichst</span> <span class='ocrx_word' id='word_1_233' title='bbox 1012 1933 1218 1989; x_wconf 88' lang='lat' dir='ltr'>sequuti’)</span> <span class='ocrx_word' id='word_1_234' title='bbox 1250 1938 1425 1989; x_wconf 87' lang='lat' dir='ltr'>propter</span> <span class='ocrx_word' id='word_1_235' title='bbox 1446 1933 1738 1990; x_wconf 83' lang='lat' dir='ltr'>diphthongos</span> 
     </span>
     <span class='ocr_line' id='line_1_26' title="bbox 248 1999 1739 2057; baseline 0.001 -14"><span class='ocrx_word' id='word_1_236' title='bbox 248 1999 412 2044; x_wconf 84' lang='lat' dir='ltr'>scilicet</span> <span class='ocrx_word' id='word_1_237' title='bbox 433 2032 443 2055; x_wconf 89' lang='lat'>,</span> <span class='ocrx_word' id='word_1_238' title='bbox 469 1999 661 2043; x_wconf 81' lang='lat' dir='ltr'>Vallibus</span> <span class='ocrx_word' id='word_1_239' title='bbox 692 2007 729 2042; x_wconf 88' lang='lat' dir='ltr'>et</span> <span class='ocrx_word' id='word_1_240' title='bbox 758 2001 906 2057; x_wconf 85' lang='lat' dir='ltr'><strong><em>cycnei</em></strong></span> <span class='ocrx_word' id='word_1_241' title='bbox 920 2033 932 2054; x_wconf 88' lang='lat'><em>‚</em></span> <span class='ocrx_word' id='word_1_242' title='bbox 953 2016 1050 2043; x_wconf 86' lang='lat' dir='ltr'>nece</span> <span class='ocrx_word' id='word_1_243' title='bbox 1080 2002 1225 2056; x_wconf 81' lang='lat' dir='ltr'>tortei,</span> <span class='ocrx_word' id='word_1_244' title='bbox 1248 2018 1300 2044; x_wconf 76' lang='lat' dir='ltr'>eoe</span> <span class='ocrx_word' id='word_1_245' title='bbox 1320 2002 1539 2045; x_wconf 79' lang='lat' dir='ltr'>Heliconis</span> <span class='ocrx_word' id='word_1_246' title='bbox 1561 2034 1570 2043; x_wconf 88' lang='lat'><strong><em>.</em></strong></span> <span class='ocrx_word' id='word_1_247' title='bbox 1598 2002 1642 2044; x_wconf 89' lang='lat' dir='ltr'>in</span> <span class='ocrx_word' id='word_1_248' title='bbox 1672 2002 1739 2044; x_wconf 86' lang='lat' dir='ltr'>his</span> 
     </span>
     <span class='ocr_line' id='line_1_27' title="bbox 249 2066 1738 2124; baseline 0.001 -14"><span class='ocrx_word' id='word_1_249' title='bbox 249 2066 356 2110; x_wconf 90' lang='lat' dir='ltr'>nihil</span> <span class='ocrx_word' id='word_1_250' title='bbox 382 2066 484 2110; x_wconf 92' lang='lat' dir='ltr'>boni</span> <span class='ocrx_word' id='word_1_251' title='bbox 505 2067 617 2110; x_wconf 90' lang='lat' dir='ltr'>inest</span> <span class='ocrx_word' id='word_1_252' title='bbox 636 2067 720 2109; x_wconf 90' lang='lat' dir='ltr'>nisi</span> <span class='ocrx_word' id='word_1_253' title='bbox 741 2068 867 2124; x_wconf 78' lang='lat' dir='ltr'><strong><em>cycni</em></strong></span> <span class='ocrx_word' id='word_1_254' title='bbox 883 2071 924 2110; x_wconf 92' lang='lat' dir='ltr'>et</span> <span class='ocrx_word' id='word_1_255' title='bbox 943 2068 1150 2123; x_wconf 81' lang='lat' dir='ltr'>vallibus,</span> <span class='ocrx_word' id='word_1_256' title='bbox 1173 2082 1285 2124; x_wconf 89' lang='lat' dir='ltr'>quae</span> <span class='ocrx_word' id='word_1_257' title='bbox 1306 2069 1363 2112; x_wconf 85' lang='lat' dir='ltr'>ad</span> <span class='ocrx_word' id='word_1_258' title='bbox 1384 2083 1472 2113; x_wconf 89' lang='lat' dir='ltr'>rem</span> <span class='ocrx_word' id='word_1_259' title='bbox 1494 2070 1738 2113; x_wconf 89' lang='lat' dir='ltr'>necessario</span> 
     </span>
     <span class='ocr_line' id='line_1_28' title="bbox 248 2134 1738 2193; baseline 0.003 -16"><span class='ocrx_word' id='word_1_260' title='bbox 248 2135 462 2191; x_wconf 86' lang='lat' dir='ltr'>pertinent</span> <span class='ocrx_word' id='word_1_261' title='bbox 484 2168 492 2177; x_wconf 93' lang='lat'><strong>.</strong></span> <span class='ocrx_word' id='word_1_262' title='bbox 514 2134 581 2177; x_wconf 89' lang='lat' dir='ltr'>his</span> <span class='ocrx_word' id='word_1_263' title='bbox 602 2135 734 2190; x_wconf 85' lang='lat' dir='ltr'>igitur</span> <span class='ocrx_word' id='word_1_264' title='bbox 755 2135 963 2192; x_wconf 84' lang='lat' dir='ltr'>susceptis</span> <span class='ocrx_word' id='word_1_265' title='bbox 984 2136 1119 2179; x_wconf 87' lang='lat' dir='ltr'>verba</span> <span class='ocrx_word' id='word_1_266' title='bbox 1140 2142 1340 2193; x_wconf 87' lang='lat' dir='ltr'>corrupta</span> <span class='ocrx_word' id='word_1_267' title='bbox 1362 2138 1423 2181; x_wconf 88' lang='lat' dir='ltr'>ita</span> <span class='ocrx_word' id='word_1_268' title='bbox 1449 2137 1709 2193; x_wconf 88' lang='lat' dir='ltr'>refingemus</span> <span class='ocrx_word' id='word_1_269' title='bbox 1728 2171 1738 2193; x_wconf 88' lang='lat'>,</span> 
     </span>
     <span class='ocr_line' id='line_1_29' title="bbox 249 2203 1741 2261; baseline 0.002 -16"><span class='ocrx_word' id='word_1_270' title='bbox 249 2203 307 2245; x_wconf 86' lang='lat' dir='ltr'>Et</span> <span class='ocrx_word' id='word_1_271' title='bbox 341 2203 524 2246; x_wconf 80' lang='lat' dir='ltr'>vallibus</span> <span class='ocrx_word' id='word_1_272' title='bbox 563 2204 689 2260; x_wconf 87' lang='lat' dir='ltr'><strong><em>cycni</em></strong></span> <span class='ocrx_word' id='word_1_273' title='bbox 721 2205 839 2247; x_wconf 81' lang='lat' dir='ltr'>tortis</span> <span class='ocrx_word' id='word_1_274' title='bbox 876 2221 930 2248; x_wconf 76' lang='lat' dir='ltr'>ex</span> <span class='ocrx_word' id='word_1_275' title='bbox 967 2204 1188 2247; x_wconf 80' lang='lat' dir='ltr'>Heliconis</span> <span class='ocrx_word' id='word_1_276' title='bbox 1215 2238 1225 2248; x_wconf 91' lang='lat'>.</span> <span class='ocrx_word' id='word_1_277' title='bbox 1257 2218 1369 2261; x_wconf 86' lang='lat' dir='ltr'>quae</span> <span class='ocrx_word' id='word_1_278' title='bbox 1399 2206 1621 2250; x_wconf 85' lang='lat' dir='ltr'>vocabulis</span> <span class='ocrx_word' id='word_1_279' title='bbox 1658 2211 1741 2249; x_wconf 88' lang='lat' dir='ltr'>tra-</span> 
     </span>
     <span class='ocr_line' id='line_1_30' title="bbox 249 2270 1740 2330; baseline 0.003 -17"><span class='ocrx_word' id='word_1_280' title='bbox 249 2270 373 2314; x_wconf 87' lang='lat' dir='ltr'>iectis</span> <span class='ocrx_word' id='word_1_281' title='bbox 402 2270 584 2325; x_wconf 90' lang='lat' dir='ltr'>(nullum</span> <span class='ocrx_word' id='word_1_282' title='bbox 615 2271 727 2314; x_wconf 91' lang='lat' dir='ltr'>enim</span> <span class='ocrx_word' id='word_1_283' title='bbox 759 2272 805 2314; x_wconf 90' lang='lat' dir='ltr'>in</span> <span class='ocrx_word' id='word_1_284' title='bbox 835 2271 917 2315; x_wconf 92' lang='lat' dir='ltr'>hoc</span> <span class='ocrx_word' id='word_1_285' title='bbox 955 2275 1154 2329; x_wconf 74' lang='lat' dir='ltr'>poemate</span> <span class='ocrx_word' id='word_1_286' title='bbox 1184 2273 1436 2317; x_wconf 87' lang='lat' dir='ltr'>traiectione</span> <span class='ocrx_word' id='word_1_287' title='bbox 1475 2274 1740 2330; x_wconf 88' lang='lat' dir='ltr'>frequentius</span> 
     </span>
     <span class='ocr_line' id='line_1_31' title="bbox 249 2338 1742 2398; baseline 0.001 -16"><span class='ocrx_word' id='word_1_288' title='bbox 249 2338 498 2394; x_wconf 86' lang='lat' dir='ltr'>vitium)·ita</span> <span class='ocrx_word' id='word_1_289' title='bbox 517 2339 560 2381; x_wconf 91' lang='lat' dir='ltr'>in</span> <span class='ocrx_word' id='word_1_290' title='bbox 586 2353 758 2383; x_wconf 86' lang='lat' dir='ltr'>versum</span> <span class='ocrx_word' id='word_1_291' title='bbox 790 2340 1068 2384; x_wconf 81' lang='lat' dir='ltr'>formabimus</span> <span class='ocrx_word' id='word_1_292' title='bbox 1090 2374 1100 2398; x_wconf 88' lang='lat'>,</span> <span class='ocrx_word' id='word_1_293' title='bbox 1123 2342 1180 2384; x_wconf 88' lang='lat' dir='ltr'>Et</span> <span class='ocrx_word' id='word_1_294' title='bbox 1210 2356 1355 2383; x_wconf 70' lang='lat' dir='ltr'>crem</span> <span class='ocrx_word' id='word_1_295' title='bbox 1385 2344 1503 2385; x_wconf 79' lang='lat' dir='ltr'>tortis</span> <span class='ocrx_word' id='word_1_296' title='bbox 1525 2357 1742 2384; x_wconf 83' lang='lat' dir='ltr'>CONVAL-</span> 
     </span>
     <span class='ocr_line' id='line_1_32' title="bbox 249 2408 1742 2465; baseline 0.004 -17"><span class='ocrx_word' id='word_1_297' title='bbox 249 2421 391 2449; x_wconf 73' lang='lat' dir='ltr'>mnus</span> <span class='ocrx_word' id='word_1_298' title='bbox 413 2424 466 2451; x_wconf 77' lang='lat' dir='ltr'>ea:</span> <span class='ocrx_word' id='word_1_299' title='bbox 481 2408 701 2451; x_wconf 78' lang='lat' dir='ltr'>Heliconis</span> <span class='ocrx_word' id='word_1_300' title='bbox 719 2440 728 2450; x_wconf 91' lang='lat'><strong>.</strong></span> <span class='ocrx_word' id='word_1_301' title='bbox 750 2421 850 2451; x_wconf 91' lang='lat' dir='ltr'>nam</span> <span class='ocrx_word' id='word_1_302' title='bbox 872 2418 1001 2453; x_wconf 81' lang='lat' dir='ltr'>tortas</span> <span class='ocrx_word' id='word_1_303' title='bbox 1022 2410 1231 2453; x_wconf 82' lang='lat' dir='ltr'>convalles</span> <span class='ocrx_word' id='word_1_304' title='bbox 1245 2443 1256 2465; x_wconf 85' lang='lat'><em>‚</em></span> <span class='ocrx_word' id='word_1_305' title='bbox 1278 2409 1322 2452; x_wconf 89' lang='lat' dir='ltr'>id</span> <span class='ocrx_word' id='word_1_306' title='bbox 1340 2414 1406 2453; x_wconf 90' lang='lat' dir='ltr'>est</span> <span class='ocrx_word' id='word_1_307' title='bbox 1421 2423 1574 2454; x_wconf 85' lang='lat' dir='ltr'>curvas</span> <span class='ocrx_word' id='word_1_308' title='bbox 1597 2416 1637 2454; x_wconf 91' lang='lat' dir='ltr'>et</span> <span class='ocrx_word' id='word_1_309' title='bbox 1658 2415 1742 2454; x_wconf 89' lang='lat' dir='ltr'>tor-</span> 
     </span>
     <span class='ocr_line' id='line_1_33' title="bbox 252 2476 1744 2533; baseline 0.003 -16"><span class='ocrx_word' id='word_1_310' title='bbox 252 2478 426 2531; x_wconf 88' lang='lat' dir='ltr'>tuosas,</span> <span class='ocrx_word' id='word_1_311' title='bbox 450 2488 524 2519; x_wconf 91' lang='lat' dir='ltr'>cur</span> <span class='ocrx_word' id='word_1_312' title='bbox 554 2488 703 2519; x_wconf 90' lang='lat' dir='ltr'>omnes</span> <span class='ocrx_word' id='word_1_313' title='bbox 735 2476 1059 2533; x_wconf 87' lang='lat' dir='ltr'>repudiaverint</span> <span class='ocrx_word' id='word_1_314' title='bbox 1088 2491 1175 2521; x_wconf 91' lang='lat' dir='ltr'>non</span> <span class='ocrx_word' id='word_1_315' title='bbox 1205 2478 1333 2522; x_wconf 89' lang='lat' dir='ltr'>video</span> <span class='ocrx_word' id='word_1_316' title='bbox 1357 2510 1366 2520; x_wconf 95' lang='lat'><strong>.</strong></span> <span class='ocrx_word' id='word_1_317' title='bbox 1398 2482 1512 2522; x_wconf 86' lang='lat' dir='ltr'>certe</span> <span class='ocrx_word' id='word_1_318' title='bbox 1543 2479 1652 2522; x_wconf 81' lang='lat' dir='ltr'>dixit</span> <span class='ocrx_word' id='word_1_319' title='bbox 1682 2480 1744 2522; x_wconf 90' lang='lat' dir='ltr'>ita</span> 
     </span>
     <span class='ocr_line' id='line_1_34' title="bbox 253 2541 1744 2602; baseline 0.004 -18"><span class='ocrx_word' id='word_1_320' title='bbox 253 2541 307 2585; x_wconf 90' lang='lat' dir='ltr'>de</span> <span class='ocrx_word' id='word_1_321' title='bbox 336 2541 510 2586; x_wconf 89' lang='lat' dir='ltr'>flumine</span> <span class='ocrx_word' id='word_1_322' title='bbox 532 2543 713 2587; x_wconf 82' lang='lat' dir='ltr'>Ovidius</span> <span class='ocrx_word' id='word_1_323' title='bbox 743 2544 852 2588; x_wconf 86' lang='lat' dir='ltr'>libro</span> <span class='ocrx_word' id='word_1_324' title='bbox 884 2558 938 2588; x_wconf 84' lang='lat' dir='ltr'>ex</span> <span class='ocrx_word' id='word_1_325' title='bbox 957 2545 1095 2589; x_wconf 88' lang='lat' dir='ltr'>Ponto</span> <span class='ocrx_word' id='word_1_326' title='bbox 1117 2560 1174 2601; x_wconf 80' lang='lat' dir='ltr'>IV,</span> <span class='ocrx_word' id='word_1_327' title='bbox 1195 2546 1261 2602; x_wconf 89' lang='lat'>10,</span> <span class='ocrx_word' id='word_1_328' title='bbox 1276 2545 1332 2588; x_wconf 83' lang='lat'>48</span> <span class='ocrx_word' id='word_1_329' title='bbox 1364 2555 1401 2589; x_wconf 89' lang='lat' dir='ltr'>et</span> <span class='ocrx_word' id='word_1_330' title='bbox 1427 2548 1568 2590; x_wconf 89' lang='lat' dir='ltr'>crebro</span> <span class='ocrx_word' id='word_1_331' title='bbox 1589 2549 1744 2590; x_wconf 84' lang='lat' dir='ltr'>vortice</span> 
     </span>
     <span class='ocr_line' id='line_1_35' title="bbox 252 2611 1743 2669; baseline 0.003 -17"><span class='ocrx_word' id='word_1_332' title='bbox 252 2618 382 2652; x_wconf 85' lang='lat' dir='ltr'>tortus</span> <span class='ocrx_word' id='word_1_333' title='bbox 397 2611 538 2668; x_wconf 85' lang='lat' dir='ltr'><strong><em>Halys</em></strong></span> <span class='ocrx_word' id='word_1_334' title='bbox 554 2645 566 2667; x_wconf 66' lang='lat'><em>7</em></span> <span class='ocrx_word' id='word_1_335' title='bbox 585 2616 628 2655; x_wconf 87' lang='lat' dir='ltr'>et</span> <span class='ocrx_word' id='word_1_336' title='bbox 647 2612 702 2655; x_wconf 85' lang='lat' dir='ltr'>de</span> <span class='ocrx_word' id='word_1_337' title='bbox 719 2621 826 2655; x_wconf 86' lang='lat' dir='ltr'>torta</span> <span class='ocrx_word' id='word_1_338' title='bbox 843 2612 1026 2669; x_wconf 89' lang='lat' dir='ltr'>Apuliae</span> <span class='ocrx_word' id='word_1_339' title='bbox 1042 2630 1118 2657; x_wconf 91' lang='lat' dir='ltr'>ora</span> <span class='ocrx_word' id='word_1_340' title='bbox 1134 2614 1334 2656; x_wconf 81' lang='lat' dir='ltr'>Lucanus</span> <span class='ocrx_word' id='word_1_341' title='bbox 1351 2629 1390 2668; x_wconf 84' lang='lat' dir='ltr'>V,</span> <span class='ocrx_word' id='word_1_342' title='bbox 1408 2614 1491 2657; x_wconf 86' lang='lat'>378</span> <span class='ocrx_word' id='word_1_343' title='bbox 1508 2615 1743 2658; x_wconf 83' lang='lat' dir='ltr'>Ausoniam</span> 
     </span>
     <span class='ocr_line' id='line_1_36' title="bbox 253 2673 1744 2739; baseline 0.004 -20"><span class='ocrx_word' id='word_1_344' title='bbox 253 2693 338 2734; x_wconf 83' lang='lat' dir='ltr'>qua</span> <span class='ocrx_word' id='word_1_345' title='bbox 354 2686 549 2734; x_wconf 83' lang='lat' dir='ltr'>torquens</span> <span class='ocrx_word' id='word_1_346' title='bbox 552 2679 757 2737; x_wconf 73' lang='lat' dir='ltr'>fruqifer</span> <span class='ocrx_word' id='word_1_347' title='bbox 767 2696 886 2723; x_wconf 88' lang='lat' dir='ltr'>oram</span> <span class='ocrx_word' id='word_1_348' title='bbox 899 2706 954 2711; x_wconf 84' lang='lat'>-——</span> <span class='ocrx_word' id='word_1_349' title='bbox 964 2681 1134 2738; x_wconf 81' lang='lat' dir='ltr'>Apulus</span> <span class='ocrx_word' id='word_1_350' title='bbox 1146 2673 1398 2724; x_wconf 76' lang='lat' dir='ltr'>Hadriacas</span> <span class='ocrx_word' id='word_1_351' title='bbox 1414 2683 1501 2724; x_wconf 73' lang='lat' dir='ltr'>exit</span> <span class='ocrx_word' id='word_1_352' title='bbox 1513 2682 1744 2739; x_wconf 72' lang='lat' dir='ltr'>Garyanus</span> 
     </span>
     <span class='ocr_line' id='line_1_37' title="bbox 252 2745 1744 2804; baseline 0.003 -17"><span class='ocrx_word' id='word_1_353' title='bbox 252 2746 299 2788; x_wconf 79' lang='lat' dir='ltr'>in</span> <span class='ocrx_word' id='word_1_354' title='bbox 319 2745 458 2788; x_wconf 84' lang='lat' dir='ltr'>undas</span> <span class='ocrx_word' id='word_1_355' title='bbox 476 2779 485 2788; x_wconf 94' lang='lat'><strong><em>.</em></strong></span> <span class='ocrx_word' id='word_1_356' title='bbox 506 2747 709 2789; x_wconf 79' lang='lat' dir='ltr'>convallis</span> <span class='ocrx_word' id='word_1_357' title='bbox 730 2751 870 2790; x_wconf 89' lang='lat' dir='ltr'>autem</span> <span class='ocrx_word' id='word_1_358' title='bbox 891 2749 1113 2791; x_wconf 89' lang='lat' dir='ltr'>Lucretius</span> <span class='ocrx_word' id='word_1_359' title='bbox 1134 2749 1305 2804; x_wconf 87' lang='lat' dir='ltr'>scripsit</span> <span class='ocrx_word' id='word_1_360' title='bbox 1326 2749 1369 2791; x_wconf 91' lang='lat' dir='ltr'>in</span> <span class='ocrx_word' id='word_1_361' title='bbox 1390 2763 1429 2804; x_wconf 86' lang='lat' dir='ltr'>v,</span> <span class='ocrx_word' id='word_1_362' title='bbox 1451 2749 1559 2792; x_wconf 85' lang='lat'>1375</span> <span class='ocrx_word' id='word_1_363' title='bbox 1581 2783 1591 2801; x_wconf 90' lang='lat'>‚</span> <span class='ocrx_word' id='word_1_364' title='bbox 1612 2750 1744 2791; x_wconf 79' lang='lat' dir='ltr'>valles</span> 
     </span>
     <span class='ocr_line' id='line_1_38' title="bbox 254 2813 1745 2871; baseline 0.003 -16"><span class='ocrx_word' id='word_1_365' title='bbox 254 2826 467 2868; x_wconf 89' lang='lat' dir='ltr'>nusquam</span> <span class='ocrx_word' id='word_1_366' title='bbox 495 2846 504 2868; x_wconf 90' lang='lat'>‚</span> <span class='ocrx_word' id='word_1_367' title='bbox 544 2813 743 2868; x_wconf 89' lang='lat' dir='ltr'>idemque</span> <span class='ocrx_word' id='word_1_368' title='bbox 780 2815 980 2859; x_wconf 88' lang='lat' dir='ltr'>Manilius</span> <span class='ocrx_word' id='word_1_369' title='bbox 1017 2821 1187 2859; x_wconf 89' lang='lat' dir='ltr'>secutus</span> <span class='ocrx_word' id='word_1_370' title='bbox 1229 2820 1294 2859; x_wconf 90' lang='lat' dir='ltr'>est</span> <span class='ocrx_word' id='word_1_371' title='bbox 1321 2831 1331 2871; x_wconf 90' lang='lat'>;</span> <span class='ocrx_word' id='word_1_372' title='bbox 1367 2820 1516 2859; x_wconf 87' lang='lat' dir='ltr'>contra</span> <span class='ocrx_word' id='word_1_373' title='bbox 1553 2816 1745 2859; x_wconf 87' lang='lat' dir='ltr'>Catullus</span> 
     </span>
     <span class='ocr_line' id='line_1_39' title="bbox 254 2880 1743 2939; baseline 0.002 -16"><span class='ocrx_word' id='word_1_374' title='bbox 254 2881 457 2924; x_wconf 87' lang='lat' dir='ltr'>Horatius</span> <span class='ocrx_word' id='word_1_375' title='bbox 488 2881 686 2924; x_wconf 87' lang='lat' dir='ltr'>Tibullus</span> <span class='ocrx_word' id='word_1_376' title='bbox 717 2880 898 2925; x_wconf 87' lang='lat' dir='ltr'>Ovidius</span> <span class='ocrx_word' id='word_1_377' title='bbox 930 2883 1104 2926; x_wconf 85' lang='lat' dir='ltr'>Gratius</span> <span class='ocrx_word' id='word_1_378' title='bbox 1135 2884 1346 2926; x_wconf 88' lang='lat' dir='ltr'>Martialis</span> <span class='ocrx_word' id='word_1_379' title='bbox 1386 2884 1517 2926; x_wconf 82' lang='lat' dir='ltr'>valles</span> <span class='ocrx_word' id='word_1_380' title='bbox 1553 2888 1743 2939; x_wconf 84' lang='lat' dir='ltr'>tantum,</span> 
     </span>
     <span class='ocr_line' id='line_1_40' title="bbox 254 2949 1746 3012; baseline 0.003 -22"><span class='ocrx_word' id='word_1_381' title='bbox 254 2961 341 2991; x_wconf 93' lang='lat' dir='ltr'>non</span> <span class='ocrx_word' id='word_1_382' title='bbox 372 2949 581 2992; x_wconf 79' lang='lat' dir='ltr'>convalles</span> <span class='ocrx_word' id='word_1_383' title='bbox 600 2966 615 3004; x_wconf 83' lang='lat'>‚·</span> <span class='ocrx_word' id='word_1_384' title='bbox 642 2949 888 3006; x_wconf 86' lang='lat' dir='ltr'>Vergilius,</span> <span class='ocrx_word' id='word_1_385' title='bbox 912 2951 1109 2994; x_wconf 89' lang='lat' dir='ltr'>Lucanus</span> <span class='ocrx_word' id='word_1_386' title='bbox 1132 2984 1142 3007; x_wconf 89' lang='lat'>,</span> <span class='ocrx_word' id='word_1_387' title='bbox 1162 2951 1361 2994; x_wconf 87' lang='lat' dir='ltr'>Valerius</span> <span class='ocrx_word' id='word_1_388' title='bbox 1393 2952 1600 3012; x_wconf 86' lang='lat' dir='ltr'>Flaccus,</span> <span class='ocrx_word' id='word_1_389' title='bbox 1623 2954 1746 2996; x_wconf 89' lang='lat' dir='ltr'>Iuve-</span> 
     </span>
     <span class='ocr_line' id='line_1_41' title="bbox 253 3017 1745 3076; baseline 0.003 -18"><span class='ocrx_word' id='word_1_390' title='bbox 253 3017 365 3059; x_wconf 86' lang='lat' dir='ltr'>nalis</span> <span class='ocrx_word' id='word_1_391' title='bbox 411 3021 634 3072; x_wconf 88' lang='lat' dir='ltr'>utrumque</span> <span class='ocrx_word' id='word_1_392' title='bbox 665 3032 674 3060; x_wconf 93' lang='lat'><strong>:</strong></span> <span class='ocrx_word' id='word_1_393' title='bbox 714 3022 910 3061; x_wconf 87' lang='lat' dir='ltr'>neutrum</span> <span class='ocrx_word' id='word_1_394' title='bbox 962 3019 1138 3062; x_wconf 88' lang='lat' dir='ltr'>Plautus</span> <span class='ocrx_word' id='word_1_395' title='bbox 1190 3019 1414 3062; x_wconf 86' lang='lat' dir='ltr'>Terentius</span> <span class='ocrx_word' id='word_1_396' title='bbox 1467 3020 1712 3076; x_wconf 86' lang='lat' dir='ltr'>Propertius</span> <span class='ocrx_word' id='word_1_397' title='bbox 1735 3052 1745 3062; x_wconf 92' lang='lat'><strong>.</strong></span> 
     </span>
    </p>

    <p class='ocr_par' dir='ltr' id='par_1_4' title="bbox 1382 3087 1433 3129">
     <span class='ocr_line' id='line_1_42' title="bbox 1382 3087 1433 3129; baseline 0.039 -2"><span class='ocrx_word' id='word_1_398' title='bbox 1382 3087 1433 3129; x_wconf 91' lang='grc'>16</span> 
     </span>
    </p>
   </div>
  </div>
 </body>
</html>
