2040 3328
528 248 606 289 116
855 299 858 301 Α
1230 250 1271 292 11

524 371 690 415 semper
711 359 933 403 dicendum
955 365 1018 403 est
1035 394 1044 415 ,
1066 365 1111 403 ut
1131 361 1174 402 in
1194 362 1361 416 Hecyra
1381 377 1439 417 111,
1459 366 1494 417 1,
1511 364 1565 406 24
1581 365 1634 408 39
1649 365 1721 420 41,
1744 366 1787 408 in
1809 366 1972 410 Andria

521 440 559 481 v,
577 427 615 482 2,
636 427 687 468 14
704 459 713 481 ,
735 441 820 469 non
841 427 987 470 divisis
1008 427 1225 470 vocalibus
1242 460 1251 482 ,
1270 429 1368 481 quia
1389 430 1660 474 certissimum
1683 437 1744 475 est
1764 434 1970 476 vocabula

523 493 737 548 dactylica
757 494 943 535 trochaei
974 494 1067 536 Ioco
1097 494 1140 536 in
1171 508 1295 537 versu
1316 495 1415 549 poni
1437 509 1520 538 non
1542 497 1694 541 debere
1711 533 1720 542 .
1742 512 1839 541 nam
1861 513 1968 554 quae

522 560 565 600 in
587 559 666 601 hoc
686 573 842 613 genere
863 561 1078 603 Bentleius
1108 561 1202 614 (sed
1230 561 1323 614 quis
1345 575 1428 602 non
1441 562 1481 615 P)
1510 565 1700 617 peccavit
1719 566 1970 619 corrigenda

520 629 627 679 sunt,
647 627 767 668 eiciat
785 627 914 668 Andr.
923 642 964 682 11,
975 628 1012 682 3,
1023 628 1061 682 8,
1080 629 1327 683 Pamphilus
1343 643 1380 682 v,
1395 629 1480 682 6,1,
1500 623 1671 685 Pythias
1686 631 1792 674 Eun.
1805 647 1842 686 v,
1853 633 1891 686 2,
1901 634 1967 687 62,

522 693 674 734 (taulus
689 692 770 734 Ad.
787 707 845 747 111,
863 694 901 749 2,
918 694 994 748 49,
1019 695 1244 750 Pamphila
1261 709 1315 748 IV,
1333 698 1371 749 4,
1393 695 1460 749 11,
1482 697 1667 738 amnibus
1683 697 1782 740 Hec.
1795 713 1856 753 111,
1872 700 1911 753 1,
1929 701 1967 752 6,

520 759 735 802 Plzdedria
756 761 921 802 Phorm.
945 776 1003 815 111,
1024 761 1059 815 1,
1077 761 1132 803 20
1153 793 1162 802 .
1194 761 1459 809 scribendum
1488 766 1551 804 est
1581 763 1622 804 in
1653 763 1782 806 Andr.
1803 779 1842 819 v,
1858 765 1898 819 4,
1915 766 1968 808 25

518 835 734 880 mortuust,
752 828 803 869 37
826 829 1036 883 seruplus,
1054 827 1133 869 Ad.
1155 842 1209 883 1v,
1228 829 1265 882 7,
1282 829 1338 871 40
1353 830 1474 871 hosne
1491 861 1500 870 .
1517 841 1654 883 neque
1670 829 1713 871 in
1730 831 1858 873 Andr.
1875 846 1914 887 v,
1928 832 1967 886 4,

519 892 573 934 33
594 894 827 950 relinquere
845 894 942 936 ferri
960 898 1099 949 potest
1116 927 1124 949 ‚
1142 895 1214 936 ubi
1231 896 1458 949 legendum
1474 900 1574 950 puto
1590 906 1685 951 post
1705 899 1767 940 ibi
1781 911 1858 953 pro
1875 915 1968 954 pos-

518 961 611 1002 tilla
626 977 640 1014 ,-
660 974 795 1014 neque
814 961 971 1016 decipis
989 962 1031 1002 in
1048 961 1213 1003 Phorm.
1230 977 1290 1015 111,
1307 963 1345 1016 2,
1359 963 1414 1004 43
1430 995 1439 1015 ,
1457 963 1570 1016 quod
1587 963 1695 1005 facio
1715 964 1855 1020 decipi
1864 981 1879 1019 ;
1899 978 1967 1007 ne-

518 1040 599 1080 que
621 1029 806 1076 amnibus
829 1029 872 1070 in
895 1029 974 1070 Ad.
997 1043 1035 1083 v,
1053 1030 1092 1082 9,
1114 1029 1165 1070 14
1186 1033 1226 1071 et
1245 1030 1344 1071 Hec.
1362 1043 1420 1083 111,
1439 1030 1476 1084 3,
1495 1030 1575 1084 20,
1603 1031 1678 1072 sed
1700 1031 1965 1074 scribendum

518 1095 716 1136 Omnibus
729 1104 895 1150 oratum
912 1096 1038 1137 habeo
1053 1099 1093 1138 et
1104 1096 1302 1138 Omnibus
1317 1097 1433 1138 uobis
1448 1104 1492 1137 ut
1506 1112 1573 1138 res
1589 1096 1690 1138 dant
1703 1113 1746 1139 se
1759 1098 1820 1139 ,in
1838 1098 1967 1140 Andr.

517 1174 576 1215 111,
586 1161 624 1215 5,
639 1162 661 1202 7
683 1174 873 1204 caremus
891 1163 1094 1205 Bembino
1113 1163 1274 1215 codice,
1293 1162 1368 1205 sed
1385 1163 1650 1205 scribendum
1667 1168 1766 1218 puto
1784 1165 1967 1216 Quisum

514 1229 726 1283 pollicitus
750 1229 923 1271 ducere?
948 1246 1077 1285 neque
1108 1246 1191 1285 qua
1205 1229 1372 1285 fiducia
1393 1229 1441 1272 id
1465 1230 1640 1271 audeam
1667 1231 1754 1273 Nee
1780 1231 1884 1287 quid
1906 1247 1968 1273 me

516 1311 627 1337 nunc
637 1295 806 1352 faciam
822 1298 905 1338 seio
923 1328 932 1337 .
950 1297 994 1338 in
1010 1295 1090 1338 Ad.
1107 1310 1162 1346 1V,
1175 1296 1214 1350 4,
1229 1297 1271 1349 8,
1289 1297 1359 1338 ubi
1378 1301 1441 1339 est
1456 1298 1644 1340 So'strata
1659 1310 1734 1352 pro
1750 1297 1966 1351 trochaeo,

516 1375 664 1406 versus
688 1367 800 1405 recte
821 1363 1083 1418 distinguere
1103 1363 1275 1405 difficile
1293 1368 1355 1406 est
1372 1395 1382 1405 .
1404 1377 1490 1406 non
1506 1368 1617 1407 recte
1633 1365 1760 1418 vulgo
1778 1364 1967 1406 coniunc-

515 1430 587 1472 tim
609 1430 734 1472 scribi
748 1431 965 1486 postmodo
986 1445 1038 1474 ex
1055 1431 1222 1486 Hecyra
1236 1445 1279 1484 11,
1301 1431 1335 1484 1,
1357 1431 1404 1471 11
1430 1435 1631 1486 apparet,
1649 1431 1882 1486 eademque
1903 1445 1966 1474 ra-

515 1498 630 1539 tione
652 1496 750 1540 dam
770 1497 887 1540 modo
913 1512 996 1540 non
1013 1498 1092 1539 nisi
1116 1498 1302 1539 diiuncta
1321 1497 1468 1552 recipit
1487 1499 1752 1553 septenarius
1774 1498 1938 1540 Afranii
1956 1531 1966 1553 ,

517 1577 599 1618 quo
629 1564 760 1606 utitur
791 1565 934 1608 Cicero
966 1565 1010 1607 in
1041 1565 1374 1607 Tusculanarum
1406 1565 1735 1620 disputationum
1766 1564 1873 1607 libro
1903 1579 1965 1619 ιν,

514 1631 588 1685 45,
611 1631 708 1673 Heu
723 1648 785 1674 me
805 1633 999 1673 miserum
1018 1664 1026 1673 .
1050 1632 1148 1674 dum
1177 1632 1294 1674 modo
1325 1631 1459 1674 doleat
1479 1632 1646 1687 aliquid
1659 1665 1670 1686 ,
1692 1631 1828 1674 doleat
1847 1631 1966 1687 quid-

518 1698 626 1740 Zubet
641 1730 650 1740 .
670 1698 734 1741 his
756 1699 884 1740 multo
902 1698 1136 1741 mirabilius
1158 1703 1221 1741 est
1243 1715 1264 1741 o
1287 1702 1477 1753 correpto
1500 1699 1584 1753 quo'
1599 1698 1742 1752 modo,
1765 1711 1848 1740 non
1868 1699 1966 1754 quo*-

514 1765 652 1819 modo,
672 1765 714 1807 in
730 1765 972 1807 Trinummo
990 1766 1071 1808 602
1088 1766 1169 1808 855
1185 1798 1193 1806 .
1210 1765 1253 1806 in
1270 1765 1417 1807 eadem
1435 1766 1516 1807 792
1532 1765 1754 1819 legendum
1772 1768 1871 1819 puto
1887 1764 1968 1807 Ille

515 1848 635 1888 quem
655 1833 796 1874 habuit
810 1834 955 1888 periit,
979 1845 1063 1874 non
1078 1833 1206 1874 Illum
1220 1832 1483 1888 —pcfrdidit,
1501 1837 1541 1874 et
1556 1831 1712 1874 ibidem
1734 1832 1839 1873 1127
1857 1832 1967 1873 Nam

515 1915 567 1941 em
586 1900 650 1941 his
672 1899 844 1941 aedibus
862 1915 925 1941 me
946 1899 1254 1955 eaeaedifi'easset
1269 1932 1280 1953 ,
1297 1915 1452 1955 apsque
1474 1907 1509 1940 te
1516 1899 1635 1954 foret
1651 1931 1662 1952 ,
1683 1898 1756 1940 ubi
1777 1897 1875 1940 libri
1895 1910 1966 1941 vo-

515 1965 675 2009 cabulis
696 1966 880 2009 traiectis
902 1966 1058 2008 habent
1080 1966 1250 2008 a'edibus
1271 1982 1426 2022 apsque
1448 1997 1456 2006 .
1478 1979 1562 2007 non
1583 1969 1694 2007 recte
1715 1964 1903 2018 Scaliger
1924 1964 1966 2005 in

514 2047 639 2076 versu
660 2033 809 2075 Lucilii
841 2033 977 2075 dicere
993 2033 1217 2089 fortundm
1244 2049 1400 2089 qenus,
1424 2045 1515 2075 cum
1545 2035 1672 2087 poeta
1703 2030 1964 2086 scripsisset,

513 2105 559 2142 ut
577 2104 704 2155 puto,
729 2101 816 2151 Quo
833 2100 1020 2156 facetior
1048 2100 1215 2143 videare
1246 2109 1282 2142 et
1309 2101 1416 2142 seire
1432 2100 1530 2155 plus
1551 2115 1677 2155 quam
1697 2099 1824 2140 ceteri
1832 2131 1844 2152 ,
1865 2098 1966 2140 Per-

514 2169 637 2210 tisum
653 2168 852 2210 hominem
868 2200 878 2221 ,
899 2183 980 2209 uon
991 2176 1247 2223 pertaesum,
1271 2167 1406 2209 dicere
1422 2174 1700 2209 aerumnamst
1715 2181 1817 2221 opus
1834 2180 1846 2206 :
1867 2177 1967 2206 nam

513 2235 557 2276 in
568 2235 830 2277 Farnesiano
841 2235 956 2276 Festi
970 2234 1201 2289 exemplari
1214 2239 1276 2276 est
1289 2234 1423 2276 dicere
1426 2234 1572 2290 ferum
1588 2249 1683 2274 nam
1691 2231 1922 2289 yeuusp27
1927 2231 1966 2281 3,

516 2303 564 2344 11
586 2334 597 2345 .
618 2302 730 2345 idem
750 2302 936 2344 Lucilius
963 2315 1047 2343 non
1068 2301 1237 2356 scripsit
1257 2301 1440 2357 Sospz'tat
1459 2300 1657 2355 inpertit,
1679 2298 1755 2340 sed
1773 2298 1964 2353 Sospita,

512 2370 671 2426 imperti
701 2370 832 2411 salute
866 2369 1058 2424 plurima
1089 2377 1125 2410 et
1144 2369 1420 2424 plenissima,
1452 2365 1566 2421 apud
1596 2365 1779 2408 Nonium
1807 2378 1848 2419 p.
1868 2364 1964 2418 472,

515 2436 595 2478 15:
627 2435 730 2478 haec
761 2436 871 2478 enim
892 2435 1006 2477 Iovis
1027 2434 1292 2477 Fortunaeve
1322 2434 1532 2478 invocatio
1562 2433 1646 2474 illis
1674 2431 1964 2487 pulcherrimis

512 2502 706 2545 versibus
742 2502 928 2545 subiecta
966 2502 1044 2543 fuit
1064 2534 1073 2556 ,
1111 2514 1216 2556 quos
1257 2501 1426 2544 exhibet
1461 2499 1623 2542 Nonius
1661 2511 1702 2553 p.
1723 2498 1817 2552 308,
1835 2498 1890 2539 24
1926 2502 1967 2540 et

459 2577 462 2580 ⁴
511 2583 552 2624 p.
574 2570 641 2625 37,
662 2569 716 2611 22
733 2570 814 2624 28,
838 2570 940 2612 Rem
959 2569 1074 2624 (libri
1095 2567 1215 2623 Item)
1236 2567 1394 2624 populi
1418 2567 1549 2608 salute
1579 2574 1616 2607 et
1630 2565 1750 2621 fietis
1779 2565 1965 2607 versibus

511 2637 705 2679 Lucilius
725 2668 735 2679 .
766 2637 910 2688 Quibu'
935 2644 1092 2692 potest,
1133 2636 1314 2691 impertit
1329 2667 1339 2688 ,
1372 2642 1575 2688 totumque
1613 2633 1685 2674 hoe
1720 2631 1900 2675 studiose
1929 2640 1965 2673 et

511 2704 652 2746 sedulo
670 2736 679 2745 .
713 2703 836 2746 Ennii
874 2703 1066 2746 senarius
1103 2702 1175 2756 qui
1210 2705 1274 2744 est
1309 2700 1421 2756 apud
1453 2700 1695 2742 Ciceronem
1733 2698 1787 2740 de
1816 2697 1962 2740 officiis

511 2770 621 2813 libro
642 2785 668 2826 1,
692 2771 755 2826 16,
773 2771 825 2814 51
847 2803 856 2825 ,
879 2771 940 2812 ita
969 2773 1079 2812 recte
1101 2768 1322 2823 scribitur,
1345 2768 1480 2819 Quasi
1497 2767 1632 2809 lumen
1653 2766 1703 2808 de
1723 2781 1795 2808 suo
1812 2765 1971 2807 lumine·

511 2838 707 2880 accendat
723 2839 869 2894 jacit:
899 2837 1096 2880 vitiosum
1128 2839 1216 2887 est,
1246 2848 1332 2878 non
1363 2834 1629 2888 elegantius,
1661 2833 1796 2884 Quasi
1811 2831 1862 2874 de
1889 2845 1962 2872 suo

512 2905 665 2946 lumine
696 2906 831 2948 lumen
853 2937 862 2948 .
1550 2954 1555 2959 ,

623 2971 716 3013 721.
748 2986 826 3012 ῙΤΑ
857 2985 1055 3018 cUMQUE
1085 2983 1357 3012 NECESSEST
1381 3001 1389 3010 .
1412 2969 1613 3010 Marullus
1644 2978 1916 3013 QUANQUE.
