2040 3328
947 252 1006 295 IV
1634 254 1715 297 251

234 368 363 411 habet
381 367 534 424 ubique
552 400 564 421 ‚
592 379 679 409 non
700 365 915 421 antiquius
935 366 1010 409 illo
1031 366 1290 409 vocabulum
1310 399 1319 421 ,
1348 365 1463 421 quod
1494 371 1594 410 ante
1615 367 1718 410 Ver·

235 436 386 492 gilium
406 439 448 478 et
468 435 636 479 Livium
666 448 753 478 non
784 435 876 478 sine
906 435 1158 491 pronomine
1178 434 1361 478 relativo
1382 440 1614 490 posuerunt
1636 468 1645 491 ,
1673 440 1720 478 ut

235 520 373 548 omnes
387 504 584 547 mortales
597 504 834 560 quiubique
844 513 942 546 sunt
954 537 965 559 ,
983 504 1108 559 quasi
1125 503 1245 546 dicas
1260 519 1342 546 wer
1352 502 1444 545 und
1452 519 1512 545 wo
1523 504 1583 546 sie
1598 503 1699 546 sind
1704 520 1719 558 ,-

234 575 281 616 ut
295 571 522 616 Sallustius
538 571 581 614 in
599 572 785 616 Catilina
799 572 867 626 37,
878 572 905 615 5
921 573 999 629 qui
1011 573 1162 629 ubique
1173 572 1329 628 probro
1347 580 1471 628 atque
1484 571 1720 627 petulantia

234 642 371 699 maqis
392 641 694 698 praestabant,
715 666 762 671 —
787 642 826 684 ii
841 641 1019 684 Romam
1038 641 1326 696 confluxerunt
1339 673 1351 694 ‚
1373 639 1573 694 idemque
1593 639 1637 682 in
1657 640 1719 682 in-

233 707 523 765 terrogatione
539 707 699 752 ibidem
718 709 786 765 21,
802 709 823 750 1
847 708 955 766 quid
965 741 978 763 ,
998 709 1152 765 ubique
1166 741 1178 763 ,
1200 709 1292 765 opis
1308 717 1381 750 aut
1395 709 1490 764 spei
1500 708 1695 751 haberent
1703 741 1715 762 ‚

233 776 447 833 quomodo
473 777 527 819 M.
555 777 722 820 Tullius
752 777 806 820 de
832 776 1098 820 divinatione
1118 791 1163 832 11,
1181 776 1237 820 94
1257 778 1336 833 qui
1351 785 1495 819 ventus
1514 809 1526 830 ,
1550 777 1629 832 qui
1644 778 1719 818 im-

233 847 304 897 ber
323 878 337 898 ‚
364 861 473 904 quae
509 854 728 902 tempestas
761 846 914 902 ubique
939 844 1004 887 ‘sit
1030 876 1040 887 .
1072 848 1257 888 ceterum
1291 844 1557 900 ineptissime
1586 848 1721 898 agunt

234 914 308 970 qui
336 913 444 958 haee
463 913 677 957 voeabula
696 926 811 957 nova
830 946 840 969 ,
863 913 943 956 hoe
973 917 1038 956 est
1067 926 1246 968 quorum
1268 916 1388 955 aetas
1409 912 1574 955 litteras
1595 912 1720 955 nobis

233 986 427 1037 servatas
457 995 544 1024 non
573 986 747 1038 superat
769 1015 779 1037 ‚
800 981 952 1025 eodem
972 982 1067 1024 loco
1088 981 1247 1025 habent
1267 994 1362 1024 eum
1382 980 1690 1036 antiquissimis
1708 1013 1718 1035 ,

234 1051 383 1107 qualia
412 1054 509 1094 sunt
538 1066 670 1108 usque
699 1050 886 1107 undique
906 1050 1159 1107 plerumque
1187 1059 1361 1106 uterque
1378 1082 1387 1091 .

347 1119 444 1162 641.
475 1133 532 1160 nr
563 1132 966 1161 cocrunmcmus
989 1150 1000 1162 .
1029 1118 1080 1161 In
1110 1118 1298 1173 oblongo
1320 1130 1348 1160 a
1367 1121 1605 1160 correctore
1634 1117 1720 1161 fae-

233 1193 322 1232 tum
359 1201 734 1230 cornnmcmus
763 1202 773 1230 2
804 1186 1040 1242 quadratus
1083 1196 1120 1230 et
1156 1186 1269 1243 quod
1304 1186 1539 1229 turnz'cibus
1567 1219 1576 1228 .
1606 1190 1720 1230 recte

232 1255 430 1299 scribitur
460 1254 576 1311 apud
607 1255 835 1311 Plautum,
858 1254 1009 1298 eadem
1039 1255 1205 1311 primae
1235 1254 1432 1310 syllabae
1453 1254 1717 1310 quantitate,

231 1325 276 1367 in
297 1323 500 1367 Asinaria
519 1338 580 1379 111,
598 1324 637 1379 3,
656 1324 709 1367 76
735 1324 820 1366 Dic
849 1339 913 1366 me
943 1324 1077 1380 iyitur
1106 1333 1222 1366 tuum
1244 1323 1541 1380 passerculum
1561 1356 1572 1378 ,
1591 1323 1718 1381 qauz·-

230 1409 355 1447 nam,
377 1392 628 1435 coturnicem
645 1424 657 1446 ,
682 1396 724 1434 et
753 1391 795 1434 in
819 1391 1011 1447 Captivis
1033 1406 1072 1448 v,
1089 1391 1130 1447 4,
1148 1391 1174 1434 6
1204 1392 1294 1435 Aac
1323 1391 1458 1434 anites
1488 1400 1563 1433 aut
1585 1400 1718 1434 cotur-

230 1462 343 1504 nices
379 1460 538 1502 dantur
556 1492 568 1515 ‚
597 1461 765 1516 quicum
801 1460 970 1503 Zusitent
992 1493 1001 1502 .
1034 1460 1174 1515 Caper
1204 1460 1509 1514 grammaticus
1538 1473 1580 1515 p.
1606 1458 1718 1502 2248

231 1529 478 1573 Guturnices
497 1561 509 1583 ,
531 1544 614 1571 non
644 1529 898 1571 cocturnices
914 1561 924 1571 .

345 1596 441 1640 642.
474 1597 528 1639 11>
559 1610 741 1643 QUIBUS
771 1611 831 1638 nr
860 1611 975 1638 rur
1004 1610 1161 1638 annus
1183 1629 1194 1640 .
1216 1596 1450 1639 Lambinus
1472 1629 1482 1652 ,
1504 1595 1613 1638 nihil
1634 1609 1718 1639 me-

230 1677 402 1708 morans
419 1698 429 1721 ,
452 1665 531 1708 sed
552 1669 667 1708 recte
684 1698 694 1720 ,
716 1665 789 1709 UT
810 1665 962 1722 quibus
983 1679 1028 1706 11)
1042 1666 1128 1722 fiat
1147 1665 1270 1708 rebus
1290 1680 1534 1722 coqnoscere
1549 1665 1691 1721 possis
1708 1695 1717 1704 .

343 1732 440 1776 648.
471 1733 696 1775 Pnomnn
726 1747 784 1774 nr
822 1747 1087 1775 snmrunus
1117 1747 1369 1775 consrAn‘r
1399 1747 1718 1779 VAmANrQUE

228 1814 413 1844 rrounA
436 1834 446 1843 .
474 1801 542 1844 Ita
570 1801 667 1844 libri
690 1835 699 1845 .
728 1801 807 1845 sed
837 1811 874 1845 et
903 1801 961 1844 ad
991 1803 1246 1846 sententiam
1277 1801 1382 1844 nihil
1413 1800 1536 1844 addit
1566 1806 1608 1844 et
1637 1801 1718 1843 Lu-

230 1870 347 1913 cretii
369 1869 668 1913 consuetudini
699 1874 912 1926 repugnat
933 1903 944 1914 .
974 1871 1094 1914 nulla
1124 1870 1488 1913 demonstratione
1514 1883 1624 1925 opus
1654 1873 1719 1912 est

228 1943 276 1982 ut
313 1938 589 1993 intellegatur
626 1938 897 1981 scribendum
934 1952 1028 1982 esse
1060 1939 1248 1982 Proinde
1278 1953 1338 1979 nx
1368 1939 1595 1981 seminibus
1625 1954 1718 1981 con-

228 2015 340 2050 stant
368 2020 620 2047 vAmANrn
646 2007 798 2063 fiqura
826 2023 839 2048 .·
869 2020 970 2050 nam
1000 2020 1051 2050 eo
1088 2021 1263 2063 prorsus
1301 2005 1429 2048 modo
1461 2005 1612 2048 eadem
1648 2019 1718 2049 res

229 2074 384 2117 dieitur
413 2074 523 2117 libro
544 2089 589 2129 11,
607 2075 718 2130 722,
739 2076 801 2118 ita
831 2091 1040 2132 quamque
1069 2084 1270 2118 necessest
1289 2074 1511 2117 Dissimili
1529 2083 1718 2117 constare

214 2143 369 2199 flyura
394 2142 711 2199 principiorum
738 2159 753 2198 ,·
782 2144 843 2186 ita
862 2177 874 2199 ,
903 2157 989 2186 non
1018 2144 1080 2186 ita
1110 2153 1147 2186 et
1165 2177 1177 2199 ,
1206 2156 1347 2199 neque
1377 2151 1565 2185 constant
1595 2143 1718 2199 prin-

228 2211 354 2266 cipiis
385 2218 422 2252 et
443 2210 598 2267 fiyura
629 2210 859 2254 dissimilia
887 2221 1016 2266 sunt,
1049 2212 1165 2267 quod.
1196 2212 1431 2256 absurdum
1467 2210 1610 2266 foret,
1640 2210 1718 2253 sed

226 2278 450 2321 Dissimili
459 2279 772 2336 principiorum
788 2280 943 2337 fluqura
970 2280 1061 2324 sive
1083 2282 1310 2324 seminibus
1326 2282 1480 2338 flyura
1498 2280 1690 2322 variante
1707 2311 1716 2321 .

341 2346 438 2389 655.
469 2360 620 2388 RArro
649 2362 724 2389 nr.
756 2348 824 2390 Ita
854 2348 1068 2404 oblongus
1100 2354 1142 2392 et
1172 2348 1384 2391 Antonius
1414 2347 1715 2391 Florentinus:

227 2414 464 2470 quadratus
495 2418 538 2458 et
567 2415 668 2458 olim
699 2416 898 2472 impressi
928 2431 1014 2460 non
1046 2417 1206 2460 habent
1234 2426 1306 2460 ut.

342 2483 439 2526 659.
470 2497 739 2526 LEVISSIMA
767 2499 995 2527 CORPORE
1018 2518 1028 2528 .
1056 2486 1156 2528 Itali
1188 2499 1446 2528 CORPORA.

341 2553 437 2595 660.
470 2566 661 2594 CAUDAS
684 2586 694 2595 .
727 2553 951 2596 Corrector
980 2553 1180 2609 quadrati
1211 2557 1253 2596 et
1282 2554 1410 2597 ceteri
1442 2568 1656 2598 CAULAS.

341 2619 439 2662 662.
470 2620 639 2662 Asrmz
667 2635 929 2663 Ammonem
952 2655 963 2665 .
993 2622 1092 2664 Itali
1124 2626 1165 2664 et
1194 2622 1432 2665 Brixiensis
1464 2622 1596 2665 editio
1626 2622 1715 2664 As-

183 2689 189 2695 ’
227 2701 350 2729 FERA
381 2702 625 2732 nmmum·

340 2755 437 2798 671.
497 2756 595 2799 672.
655 2757 908 2805 UTRAQUE
946 2773 1065 2799 mum
1111 2772 1234 2800 SUNT
1280 2774 1328 2800 IN
1373 2774 1550 2801 MELLIS
1590 2774 1713 2801 com-

225 2837 381 2864 mxrA
431 2837 622 2865 SAPonn
654 2839 664 2875 ;
715 2826 769 2867 ID
821 2840 954 2871 Qnon
1004 2841 1093 2867 IAM
1144 2842 1348 2869 snrnnA
1399 2842 1507 2868 T1131
1557 2842 1714 2870 SAEPE

227 2905 546 2933 osrnsnmus
577 2906 701 2932 ANTE
723 2926 732 2934 .
763 2892 832 2935 Ad
862 2893 970 2936 haee
999 2894 1233 2937 Lambinus
1264 2895 1525 2938 confidenter
1554 2895 1713 2939 adscri-

225 2961 288 3003 bit
317 2975 366 3001 ID
397 2973 531 3006 Quon
562 2974 651 3001 ῙΑΜ
682 2961 892 3016 sermm)
924 2962 995 3003 lib.
1017 2962 1043 3003 2
1067 2994 1076 3004 .
1105 2961 1217 3005 hune
1254 2963 1314 3006 ita
1344 2963 1619 3007 mentientem
1648 2977 1713 3007 se-

226 3031 374 3073 cuntur
406 3027 605 3071 Gifanius
642 3032 684 3070 et
722 3030 883 3071 Pareus
907 3062 915 3071 .
948 3029 1243 3075 Wakefieldus
1281 3032 1426 3089 inepte
1462 3032 1712 3090 interpreta-
