2040 3328
436 229 517 270 376
1133 229 1191 270 VI

437 342 627 396 Namque
657 356 781 394 super
811 355 948 380 somno
985 339 1104 380 dirus
1132 354 1194 380 me
1230 339 1467 393 impleverat
1495 341 1666 394 horror,
1688 340 1759 382 ubi
1787 339 1882 382 libri

439 406 595 449 habent
625 408 814 460 Namque
843 421 966 459 asper
984 436 994 446 .

547 473 645 516 515.
677 485 976 526 summum,
1008 484 1155 517 QUASI
1189 485 1292 511 1GN1
1328 473 1462 512 Tm».
1507 486 1656 514 surm<
1700 487 1882 514 cAmDo

437 553 711 580 TABEscENs
740 553 904 580 MULTA
933 551 1233 584 L1QUEscAT.
1257 537 1474 580 Corrector
1504 539 1700 592 quadrati
1720 543 1761 581 et
1789 543 1885 594 post

438 620 530 648 eum
552 606 782 648 Lambinus
798 597 1183 659 ἐτιιιΑΝΤρυΕ,
1207 605 1319 659 quod
1348 604 1447 646 mihi
1475 605 1597 647 unice
1623 605 1882 660 probandum

437 672 603 715 videtur
621 688 630 714 :
652 685 750 714 nam
777 673 938 714 stillata
958 671 1151 713 Lucretio
1182 671 1423 714 adseribere
1442 685 1526 714 non
1557 671 1691 714 ausim
1709 703 1719 726 ‚
1741 685 1883 727 quam-

437 740 503 782 vis
534 739 709 782 Ovidius
743 742 784 780 et
813 739 1013 780 stillatum
1053 741 1094 779 et
1124 738 1368 780 instillatum
1409 738 1586 780 dixerit.
1608 739 1799 791 agnoseit
1826 742 1884 781 ta-

439 819 534 848 men
565 805 782 860 passivum
802 804 991 848 Isidorus
1013 804 1221 857 originum
1246 818 1335 859 xm,
1356 805 1432 858 10,
1454 804 1497 846 in
1525 804 1675 846 ceteris
1695 803 1884 847 Servium

438 876 630 926 secutus,
664 872 780 914 euius
821 871 952 913 verba
988 869 1158 912 exhibui
1196 869 1251 912 ad
1291 883 1458 913 versum
1486 870 1568 913 476
1591 903 1600 912 .
1631 871 1807 913 Pluviae
1842 887 1886 914 eo

442 939 554 994 quod
568 940 735 994 fluant,
758 938 886 993 quasi
888 938 1050 992 fluviae
1067 968 1076 978 .
1098 945 1325 979 nascuntur
1355 939 1461 980 em’m
1482 937 1531 980 de
1551 946 1684 980 terrae
1703 946 1741 979 et
1758 938 1888 980 maris

439 1005 622 1047 anhelitu
639 1037 648 1046 .
671 1020 776 1060 quae
805 1020 895 1045 cum
926 1004 1053 1045 alcius
1090 1004 1267 1046 elevatae
1284 1005 1454 1060 fuerint
1481 1003 1662 1058 (seilicet
1690 1004 1887 1046 nebulae:

439 1071 515 1114 sed
544 1072 604 1113 ita
639 1071 746 1113 solet
782 1070 925 1112 omnia
964 1068 1223 1112 confundere
1253 1069 1485 1124 Isidorus),
1508 1079 1579 1112 aut
1615 1071 1717 1112 solis
1753 1070 1888 1112 calore

439 1139 671 1191 resolutae,
704 1145 774 1178 aut
803 1137 850 1178 vi
873 1145 1081 1178 ventorum
1122 1152 1374 1192 compressae
1393 1170 1404 1190 ‚
1435 1137 1643 1179 stillantur
1679 1138 1723 1179 in
1753 1137 1886 1178 terris.

440 1205 641 1246 Marullus
671 1203 782 1245 male
811 1202 1032 1256 stillando,
1055 1201 1130 1244 sed
1161 1202 1272 1246 idem
1303 1204 1472 1258 egregie
1501 1203 1632 1247 CERA
1649 1234 1660 1246 .
1681 1206 1888 1245 corrector

442 1270 634 1325 quadrati
667 1270 780 1313 Teda
797 1302 807 1312 .

553 1338 649 1380 517.
693 1337 788 1379 SED
839 1349 1030 1376 VEMENS
1080 1349 1226 1376 numm
1273 1350 1348 1377 mr
1380 1369 1389 1391 ‚
1431 1351 1512 1378 UBI
1559 1349 1889 1378 vnnnmnnrzn

442 1418 672 1450 urRAQun
722 1405 914 1446 Nummi
966 1417 1011 1443 v1
1061 1416 1322 1444 CUMULATA
1371 1418 1665 1446 vanuum-un
1711 1417 1766 1444 m
1817 1417 1887 1444 xu-

443 1485 566 1512 ΡΕΤΕ
595 1485 742 1511 vnum
763 1503 773 1513 .
813 1471 1005 1524 Vemerzs,
1026 1471 1087 1512 sio
1125 1470 1359 1524 oblongus,
1381 1474 1426 1512 ut
1448 1470 1550 1512 -dixi
1580 1470 1636 1512 ad
1665 1470 1815 1512 librum
1845 1485 1888 1525 11,

446 1537 578 1580 1024.
601 1538 677 1579 sed
707 1546 882 1592 utraque
910 1538 956 1578 vi
981 1540 1094 1578 earet
1122 1549 1274 1579 sensu:
1297 1550 1394 1579 nam
1415 1537 1666 1580 Wakefieldi
1692 1537 1890 1591 interpre-

443 1604 546 1647 tatio
577 1604 710 1646 relatu
738 1602 916 1656 indigna
952 1607 1040 1646 est.
1061 1604 1298 1646 necessario
1335 1604 1601 1646 scribendum
1639 1608 1703 1646 est
1731 1604 1890 1646 Nubila

443 1685 588 1717 AQUIS
605 1671 812 1712 cumulata
828 1678 1074 1726 premuntur
1093 1701 1102 1711 .
1123 1669 1198 1711 sed
1215 1679 1389 1726 utraque
1405 1703 1415 1723 ‚
1440 1670 1484 1712 id
1501 1674 1564 1712 'est
1580 1674 1754 1724 utroque
1769 1683 1888 1723 casu,

443 1739 486 1780 in
507 1742 683 1790 utraque
703 1740 851 1791 parte,
874 1736 1068 1791 temptari
1097 1749 1182 1777 non
1203 1736 1352 1778 debet.
1375 1737 1434 1779 ita
1454 1737 1496 1778 in
1516 1751 1572 1791 xv,
1589 1738 1643 1779 86
1664 1753 1715 1779 ex
1736 1753 1890 1778 summo

445 1805 640 1860 quoniam
661 1804 899 1845 iaculantur
920 1812 1094 1858 utraque
1109 1835 1119 1855 ‚
1141 1807 1182 1845 et
1211 1816 1336 1845 versu
1357 1803 1435 1846 291
1459 1805 1638 1846 Aeribus
1666 1804 1773 1846 binis
1793 1819 1890 1858 quo-

443 1872 560 1913 niam
588 1886 654 1912 res
684 1870 803 1925 confit
839 1878 1043 1925 utraque:
1062 1869 1123 1911 sie
1158 1869 1378 1924 utrobique
1407 1870 1662 1924 quadratus,
1685 1870 1891 1923 oblongus

444 1947 642 1993 utraeque
658 1969 667 1979 .

554 2004 651 2047 519.
682 2004 748 2045 AT
785 2017 1058 2044 unnNERET
1095 2018 1181 2044 mu
1218 2017 1431 2045 Pnnvxn:
1469 2018 1767 2050 LONGUMQUE
1805 2017 1891 2045 Μο-

444 2086 559 2112 RAm
589 2071 944 2124 consumtum,
976 2084 1057 2111 um
1093 2084 1253 2111 MULTA
1290 2085 1498 2113 mum-uu
1533 2085 1708 2111 summu
1738 2084 1891 2116 AQUA-

444 2153 541 2180 Rom
559 2170 569 2180 .
593 2137 859 2195 Correetores
886 2137 1048 2191 antiqui
1070 2138 1127 2179 Ac
1146 2138 1320 2180 relinere
1334 2171 1345 2192 ‚
1369 2138 1480 2193 quod
1503 2138 1733 2180 Lambinus
1754 2141 1796 2179 et
1814 2137 1891 2179 Fa-

445 2206 518 2248 ber
548 2206 688 2259 inepte
708 2206 1038 2259 interpretantur
1059 2204 1224 2246 ‘morari
1254 2204 1443 2246 homines
1474 2208 1515 2247 et
1535 2204 1659 2246 domo
1681 2203 1892 2246 retinere’.

445 2271 659 2326 proprium
696 2276 759 2314 est
789 2273 958 2317 Amne
989 2285 1174 2311 renum:
1211 2270 1310 2313 diu.
1333 2271 1478 2313 Livius
1515 2270 1621 2312 libro
1651 2285 1770 2324 xxm,
1783 2270 1892 2324 44‚6

445 2339 572 2381 imber
592 2340 801 2380 continens
817 2355 894 2393 per
914 2346 1066 2380 noctem
1089 2346 1212 2380 totam
1233 2354 1360 2394 usque
1386 2338 1444 2379 ad
1465 2339 1609 2380 horam
1629 2338 1789 2379 temam
1810 2336 1899 2378 diei

445 2406 696 2460 insequentis
717 2406 843 2446 tenuit
860 2437 869 2446 .
892 2405 1014 2459 plura
1034 2404 1157 2446 huius
1177 2418 1277 2446 usus
1300 2405 1492 2460 exempla
1509 2404 1703 2446 Dukerus
1724 2403 1894 2456 collegit

445 2472 500 2513 ad
522 2471 674 2513 librum
695 2471 805 2513 Livii
828 2485 882 2525 lv,
901 2472 938 2525 7,
957 2472 980 2512 7
1013 2475 1053 2512 et
1083 2471 1138 2512 ad
1170 2485 1225 2525 VI,
1243 2470 1310 2524 35,
1331 2471 1382 2512 10
1400 2502 1409 2511 .
1432 2475 1515 2512 tum
1538 2459 1648 2512 reete
1669 2469 1893 2511 Wakefiel—

446 2539 524 2580 dus
555 2539 630 2580 ubi
659 2538 788 2579 multa
823 2552 1031 2578 cmm-nn
1050 2552 1060 2591 3
1082 2537 1196 2591 quod
1233 2541 1370 2578 tamen
1413 2549 1488 2579 nee
1528 2537 1619 2591 ipse
1658 2535 1790 2578 tenuit
1818 2548 1894 2577 neo

445 2605 650 2658 For-biger
671 2604 1081 2646 commemorandum
1103 2603 1245 2658 duxit,
1269 2616 1361 2645 oum
1388 2604 1523 2657 magis
1549 2603 1776 2658 probarent
1796 2602 1893 2644 Itali

445 2672 587 2713 neseio
619 2671 737 2713 euius
774 2676 1052 2712 commentum
1090 2670 1216 2724 longe
1251 2670 1573 2712 insulsissimum
1594 2702 1604 2724 ‚
1637 2669 1708 2724 qui
1738 2669 1894 2712 fecerat

445 2739 614 2786 fluenter
630 2769 639 2779 .
661 2737 720 2779 ita
750 2737 955 2779 Antonius
984 2737 1133 2779 Marii.

555 2804 651 2846 521.
681 2817 919 2850 NIMBIQUE
948 2818 1190 2845 mannire
1221 2804 1434 2845 lusum-:n
1463 2817 1592 2848 AQUE
1623 2817 1766 2845 oum.
1797 2801 1893 2844 Cor-

446 2874 652 2911 rectorum
682 2870 996 2924 antiquissimus
1026 2884 1262 2911 numm-ss
1293 2875 1334 2912 et
1362 2883 1548 2915 ATQUE.

558 2937 652 2978 523.
683 2951 917 2978 nouorum
948 2951 1070 2978 TOTA
1101 2950 1382 2980 REDRALAT.
1408 2937 1632 2978 Humorem
1662 2948 1752 2977 cum
1783 2931 1893 2988 aspi·
