2040 3328
337 248 419 290 428
1006 261 1207 287 CAP1TULA

338 373 429 402 cum
458 359 664 401 indicibus
695 358 860 412 desint,
899 358 1016 400 uncis
1051 358 1231 400 inclusi.
1269 358 1322 399 de
1358 358 1450 410 hoe,
1471 363 1610 402 autem
1638 360 1758 401 titulo
1776 392 1786 412 ,

337 427 407 480 qui
439 431 503 468 est
532 426 636 467 Esse
664 426 760 467 item
788 426 974 478 maiora,
1006 424 1094 466 dixi
1125 425 1182 467 ad
1211 439 1267 478 lv,
1292 425 1370 466 126
1389 455 1399 465 .

449 495 487 535 9.
512 493 577 535 10.
598 492 751 534 Verum
774 490 961 534 ordinem
982 495 1124 534 tenent
1144 491 1326 545 indices,
1345 491 1455 534 intus
1475 493 1659 546 paginae
1680 507 1788 535 oom-

339 562 523 601 mutatae
553 563 676 602 sunt.

453 627 516 667 11.
547 640 728 667 vmmm
759 639 850 667 NON
870 639 1045 668 Possm.
1078 627 1143 669 Ita
1164 626 1372 679 oblongus
1392 626 1503 675 intus
1519 657 1528 667 .
1551 625 1675 668 debet
1695 639 1789 669 esse

340 707 509 734 vinnm
527 725 535 734 .

450 775 489 815 v,
507 761 544 801 2.
574 775 779 802 MUNDUM
809 774 865 801 m-
894 774 1055 801 NATUM
1086 774 1141 800 m·
1171 773 1435 800 MORTALEM
1464 773 1604 801 Essa.
1637 758 1787 801 Sicin-

338 831 430 869 tus:
465 827 625 869 indices
655 829 719 870 De
748 827 900 869 mundo
919 860 927 868 .

453 895 516 935 17.
548 908 645 935 cuM
675 909 750 934 sm
781 907 1049 934 MORTALIA.
1081 894 1212 936 Immo
1245 907 1376 935 sm'r.

449 962 551 1003 Post
570 961 636 1002 22,
667 975 727 1001 nn
757 975 908 1002 mma.
947 960 1017 1002 Sic
1046 960 1207 1003 indices
1226 993 1235 1002 .
1267 961 1377 1003 intus
1408 974 1457 1003 eo
1487 962 1580 1003 loco
1611 974 1694 1015 quo
1723 961 1792 1003 hio

339 1028 482 1070 titulus
514 1028 733 1082 ponendus
764 1031 879 1082 erat,
909 1032 1006 1070 ante
1026 1041 1193 1070 versum
1213 1027 1318 1078 575,
1346 1027 1505 1070 librarii
1532 1041 1607 1082 pro
1641 1041 1690 1069 eo
1719 1026 1791 1070 ite-

272 1129 274 1131 ,
339 1108 431 1135 rum
462 1094 714 1137 inferserunt
743 1095 860 1136 illum
891 1107 1058 1137 versum
1087 1094 1158 1148 qui
1187 1094 1312 1148 paulo
1344 1098 1441 1136 ante
1470 1098 1581 1136 recte
1611 1095 1791 1150 scriptus

339 1165 455 1215 erat,
487 1163 739 1204 Pervenium
767 1170 925 1204 nostros
955 1162 1015 1203 ad
1040 1177 1183 1204 sensus
1205 1170 1242 1203 et
1262 1161 1350 1203 loca
1366 1161 1539 1217 ful-qam
1554 1194 1564 1215 ‚
1587 1161 1662 1204 sed
1683 1165 1790 1204 atra·

339 1233 477 1270 mento
508 1229 736 1284 scriptum,
767 1241 852 1270 non
882 1228 1049 1270 rubrica
1078 1232 1123 1270 ut
1144 1242 1202 1282 111,
1228 1228 1279 1270 16
1296 1259 1306 1270 .

451 1296 555 1348 v1‚3.
587 1310 766 1337 SEMINA
796 1310 961 1336 1GN1TA
991 1309 1183 1336 mussa.
1225 1294 1293 1337 Sic
1323 1294 1531 1348 oblongus
1562 1294 1700 1336 intus.
1730 1294 1791 1335 in-

338 1363 454 1405 dices
487 1364 654 1405 seminet
682 1363 751 1405 vel
781 1364 927 1405 eminet
956 1364 1080 1418 Iynes
1110 1363 1241 1404 inesse
1258 1394 1267 1403 .

449 1430 489 1472 5.
522 1444 581 1471 Ex
611 1444 856 1472 pommus.
892 1429 1110 1483 Oblongus
1140 1429 1251 1471 intus
1281 1438 1317 1471 et
1332 1429 1520 1484 fulmine
1536 1462 1547 1483 ‚
1579 1442 1606 1470 a
1635 1440 1792 1470 correo-

338 1501 428 1539 tore
459 1506 495 1538 et
511 1497 717 1552 fulminis
735 1529 744 1538 .
