2040 3328
958 175 1020 216 III
1654 176 1731 219 151

248 306 360 349 quae
391 305 418 334 a
449 291 601 334 ceteris
629 290 738 333 forte
759 290 934 333 differre
955 290 1208 345 videantur,
1242 302 1294 332 ea
1325 289 1439 343 quod
1471 290 1516 331 in
1546 303 1632 332 uno
1665 303 1733 333 eo-

247 362 429 416 demque
449 359 658 403 vocabulo
681 363 780 402 sunt
801 373 888 402 non
910 359 1139 414 differunt,
1160 373 1198 414 ,1,
1220 357 1304 402 559
1328 358 1576 401 disturbans
1599 359 1732 402 disso-

247 431 446 486 luensque
460 462 472 484 ‚
493 443 553 484 111,
573 429 655 472 706
684 427 897 471 manando
924 427 1216 470 dzlesoluuntm·
1234 459 1244 481 ,
1275 441 1332 484 vl,
1349 427 1434 471 446
1456 427 1626 470 demisit
1646 427 1732 470 dis-

245 498 453 555 soluitque
467 514 483 553 ;
512 493 769 553 praesertim
807 509 901 539 cum
934 496 1086 539 horum
1117 509 1247 538 unum
1278 495 1322 538 in
1350 495 1462 538 libro
1494 500 1616 538 sexto
1648 495 1732 551 sit,

246 567 291 610 in
320 579 444 622 quem
474 567 605 621 poeta
632 565 773 608 nullos
804 564 1142 621 spondiazontas
1173 564 1380 608 admisit.
1402 577 1515 619 quae
1547 577 1642 606 cum
1661 564 1734 607 -ita

247 635 359 689 sint,
391 633 719 677 deliberandum
749 638 882 676 restat
913 632 1055 688 siquid
1076 633 1257 689 propius
1288 633 1346 677 ad
1376 633 1634 689 scripturam
1666 646 1734 676 co·

246 703 386 747 dicum
423 701 633 746 accedens
671 702 855 746 inveniri
893 701 1055 757 possit,
1096 714 1223 756 quam
1262 701 1379 756 quod
1412 701 1515 744 mihi
1546 706 1733 745 mentem

245 775 401 828 poetae
430 772 589 827 optime
618 771 857 827 exprimere
887 770 1082 825 videtur,
1113 770 1173 812 At
1193 779 1339 813 eontra
1361 770 1554 827 lapidum
1575 771 1731 814 conlec-

247 849 331 884 tum
362 854 597 882 spuurus
627 853 758 881 Acnn
787 839 938 882 Noenu
960 847 1123 896 potest.

361 909 458 953 203.
490 922 714 956 QUONIAM
735 922 882 949 ANIMI
902 921 1103 949 NATURA
1124 921 1352 950 REPERTA
1371 940 1381 951 .
1403 907 1609 952 Marullus
1632 925 1730 966 quo·

245 980 362 1022 m‘am
391 992 504 1033 EST,
536 982 583 1021 ut
611 986 741 1020 versu
766 976 847 1020 130
864 1009 873 1019 .
1560 1028 1562 1030 v

360 1047 458 1091 207.
490 1045 763 1090 OpoanNA
785 1077 795 1088 .
823 1045 891 1088 Ita
906 1062 939 1102 p
961 1045 1145 1101 simplici
1167 1045 1235 1089 hic
1256 1050 1298 1089 et
1318 1046 1363 1088 in
1385 1061 1424 1102 v,
1447 1046 1528 1089 807
1553 1049 1731 1102 uterque

246 1115 410 1171 codex,
444 1115 655 1169 oblongus
686 1114 802 1157 solus
833 1114 876 1156 in
906 1128 949 1170 v,
972 1114 1083 1168 606,
1115 1114 1352 1169 quadratus
1384 1129 1440 1170 VI,
1458 1115 1542 1158 318
1559 1115 1643 1158 893
1662 1148 1671 1157 .

360 1177 457 1227 210.
490 1198 542 1225 sn
573 1196 750 1225 Possm·
781 1196 1175 1225 CONGLOMERARI
1198 1216 1208 1226 .
1230 1183 1435 1238 Impressi
1463 1198 1506 1225 SI
1528 1216 1538 1227 .

357 1253 455 1296 222.
487 1253 726 1296 SP1R1’rth
757 1266 1022 1293 UNGUENTE
1045 1266 1222 1294 SUAVIS
1246 1286 1254 1294 .
1279 1252 1524 1304 Quadratus
1546 1269 1731 1312 unquen-

245 1332 336 1366 ces.
368 1322 466 1366 Itali
497 1322 706 1379 unquenti
723 1354 732 1363 .
765 1321 820 1364 de
850 1335 1142 1363 UNGUENTEI
1180 1321 1382 1376 genetivo
1422 1334 1636 1378 exponam
1674 1321 1732 1365 ad

243 1405 301 1447 ιν,
323 1391 407 1435 602
425 1423 435 1433 .

359 1460 456 1503 227.
498 1474 546 1501 m
576 1473 702 1501 roro
735 1472 964 1500 CORPORE
994 1446 1163 1501 RERUM
1186 1494 1194 1503 .
1218 1458 1501 1502 Scribendum
1522 1464 1588 1503 est
1616 1474 1698 1501 Rssr
1720 1492 1731 1502 .

243 1542 344 1573 nam
364 1532 662 1586 praecesserat
682 1529 762 1571 Nil
781 1528 914 1571 oculis
931 1536 1068 1570 tamen
1085 1544 1171 1571 esse
1191 1529 1330 1571 minor
1347 1546 1413 1571 res
1429 1530 1526 1586 ipsa
1541 1529 1707 1572 videtur
1719 1545 1732 1572 :

243 1602 286 1642 et
308 1597 506 1653 quamvis
528 1601 641 1640 reete
665 1595 832 1639 dicatur
855 1612 1060 1639 summum
1083 1612 1235 1653 corpus
1252 1613 1394 1640 rerum
1411 1597 1493 1651 (sic
1509 1597 1732 1641 Lucretius

243 1667 288 1709 in
309 1681 367 1723 ιν,
384 1666 441 1710 43
459 1666 559 1722 64),
590 1678 676 1721 quo
698 1665 845 1720 aliqua
866 1665 928 1708 rei
951 1665 1156 1720 cuiusque
1178 1678 1280 1720 pars
1301 1665 1593 1722 significatur,
1623 1670 1665 1710 et
1686 1666 1730 1709 in

242 1749 300 1786 ιν,
317 1735 401 1779 525
423 1751 499 1778 suo
514 1735 715 1792 pepulere
731 1734 807 1776 ubi
823 1750 996 1791 corpore
1013 1750 1180 1777 sensum
1197 1767 1206 1788 ,
1230 1734 1331 1777 item
1352 1751 1637 1792 quaecumque
1658 1739 1732 1778 aut

243 1814 379 1849 cetera
399 1805 535 1848 celant
555 1819 728 1860 corpore
748 1803 794 1845 in
814 1815 858 1858 11,
882 1802 965 1846 673
987 1803 1070 1846 678
1089 1836 1098 1858 ,
1132 1803 1296 1846 scilicet
1322 1816 1401 1846 suo
1430 1804 1614 1859 quicque
1642 1817 1732 1847 cor-

242 1885 375 1930 pore,
398 1885 537 1927 neque
557 1872 701 1915 minus
722 1875 835 1914 recte
857 1872 902 1914 in
923 1871 1154 1926 negatione
1181 1872 1304 1914 nulla
1337 1881 1503 1916 aeterno
1534 1889 1731 1930 corpore,

242 1942 352 1985 libro
373 1956 401 1997 1,
419 1941 529 1997 242,
553 1950 679 1984 totum
707 1945 851 1983 tamen
879 1956 1032 1997 corpus
1052 1957 1194 1983 rerum
1215 1941 1287 1984 Vix
1308 1941 1414 1984 satis
1435 1941 1607 1997 proprie
1629 1941 1732 1984 dici-

244 2014 313 2053 tur
333 2042 344 2053 .
368 2013 553 2053 ceterum
576 2011 645 2053 rei
660 2009 903 2052 Lucretium
925 2013 965 2051 et
986 2022 1072 2052 una
1093 2009 1264 2065 syllaba
1292 2014 1334 2053 et
1364 2009 1556 2066 duabus,
1588 2011 1732 2067 priore

245 2082 389 2122 autem
419 2082 618 2134 correpta
647 2091 879 2133 numquam
910 2077 1109 2132 posuisse
1137 2078 1243 2121 satis
1265 2082 1462 2122 constat:
1493 2078 1571 2122 sed
1601 2079 1732 2122 miror

244 2147 319 2204 qui
351 2146 426 2190 fiat
455 2150 501 2200 ut
530 2146 686 2202 prioris
716 2146 914 2202 syllabae
934 2146 1158 2203 productio
1186 2146 1405 2203 plerisque
1435 2146 1633 2192 videatur
1664 2162 1731 2191 co-

243 2215 366 2260 micis
397 2229 568 2271 quoque
598 2215 737 2272 postis
768 2214 897 2259 valde
929 2215 1155 2259 familiaris
1187 2215 1320 2260 fuisse
1343 2248 1354 2258 .
1383 2220 1496 2260 certe
1528 2230 1609 2272 ego
1641 2217 1732 2260 eius

243 2284 358 2328 modi
389 2284 463 2328 vix
494 2285 724 2340 quicquam
746 2283 864 2340 apud
886 2297 959 2327 eos
980 2285 1170 2341 reperire
1191 2285 1312 2341 potui
1330 2318 1340 2338 ,
1362 2285 1446 2328 nisi
1468 2285 1584 2341 quod
1605 2285 1732 2329 Plau-

242 2357 310 2398 tus
330 2354 463 2397 semel
484 2354 527 2396 in
548 2353 684 2396 Milite
704 2367 749 2408 11,
770 2355 806 2410 1,
825 2353 879 2397 25
902 2353 1010 2396 dixit
1040 2353 1226 2410 Maynai
1249 2360 1316 2397 νεῖ
1335 2354 1537 2411 publicai
1555 2355 1702 2412 qratia
1718 2388 1729 2410 ‚

242 2422 444 2478 idemque
461 2422 594 2466 semel
610 2422 728 2465 Aula
744 2423 790 2465 in
804 2421 1096 2479 Ft'de’ifanum
1112 2422 1155 2464 in
1170 2422 1397 2465 Aulularia
1411 2437 1472 2479 111,
1486 2423 1587 2478 6,47
1607 2456 1616 2464 .
1635 2423 1731 2466 Rei-

243 2491 336 2535 zius
356 2491 401 2534 in
422 2491 575 2535 eadem
593 2491 820 2534 Aulularia
835 2506 879 2547 11,
900 2491 937 2546 1,
955 2491 982 2533 2
1003 2505 1087 2534 non
1104 2491 1196 2534 sine
1213 2491 1358 2547 specie
1374 2491 1610 2548 Meaifidez·
1624 2493 1731 2535 tuai-

243 2577 323 2618 que
342 2567 409 2603 rei·
424 2593 434 2603 .
452 2559 529 2603 sed
545 2560 773 2603 Terentius
794 2559 839 2602 in
855 2559 1065 2616 Adelphis
1082 2574 1126 2615 11,
1147 2559 1183 2615 1,
1202 2560 1254 2602 21
1279 2560 1387 2616 quid
1405 2562 1480 2604 ho'c
1500 2562 1603 2604 ναίει
1623 2560 1734 2602 dixit

243 2628 384 2684 potius
416 2628 551 2671 tribus
581 2627 764 2683 syllabis
796 2641 922 2684 quam
946 2633 1173 2685 quattuor,
1195 2633 1242 2671 ut
1262 2628 1459 2672 Bentleio
1480 2629 1620 2671 visum
1641 2632 1731 2684 est,

244 2696 318 2751 qui
338 2709 425 2739 non
441 2701 555 2740 recte
571 2696 742 2753 scripsit
758 2698 843 2740 reii
860 2706 940 2740 est.
964 2698 1065 2740 item
1080 2698 1126 2740 in
1143 2696 1309 2739 Andria
1325 2711 1370 2752 11,
1388 2698 1427 2752 6,
1446 2697 1500 2740 26
1524 2697 1640 2750 Quid
1658 2698 1732 2740 hoc

245 2765 408 2807 estrei?
435 2764 542 2821 quid
554 2765 622 2808 hic
638 2765 722 2807 volt
737 2774 941 2808 veterator
957 2766 1065 2808 sibi?
1085 2779 1171 2808 non
1187 2766 1273 2808 νεῖτ’
1286 2799 1294 2807 .
1317 2779 1456 2820 neque
1472 2765 1587 2808 idem
1604 2766 1731 2809 Bent-

243 2832 352 2876 leius
389 2845 561 2875 versum
601 2831 873 2876 Phormionis
904 2848 965 2888 111,
992 2834 1027 2888 1,
1056 2835 1109 2877 10
1146 2833 1208 2876 ita
1249 2837 1460 2888 temptare
1501 2832 1650 2878 debuit
1686 2838 1733 2877 ut

244 2901 358 2958 speia·
383 2900 546 2943 faceret
577 2900 744 2943 duabus
774 2901 956 2957 syllabis
981 2934 989 2943 .
1012 2906 1200 2944 ceterum
1231 2902 1275 2943 in
1305 2901 1372 2944 his
1395 2901 1570 2957 quintae
1601 2902 1732 2946 decli-

244 2968 432 3012 nationis
463 2968 611 3011 formis
644 2970 664 3011 i
690 2969 850 3025 duplex
888 2983 1028 3026 neque
1058 2970 1269 3012 rationem
1300 2969 1430 3013 habet
1459 2983 1601 3026 neque
1632 2983 1730 3014 auc-
