2040 3328
948 256 1006 300 VI
1635 261 1718 303 417

236 377 452 411 TIFERAE
468 369 678 411 FINIBUS
695 384 743 411 IN
762 385 1008 412 CECROPIT
1025 386 1275 414 FUNESTOS
1291 388 1531 415 REDDIDIT
1547 388 1717 416 AGROS.

235 437 458 492 Oblongus
487 438 629 493 prima
658 452 789 481 manu
811 439 1044 495 funestus:
1075 439 1267 483 eiusdem
1299 446 1512 484 corrector
1542 443 1720 485 Fi'm'bus

235 506 281 548 in
302 505 517 563 Cecropiis
534 539 545 560 ,
573 506 688 561 quod
711 506 1008 550 Wakefieldus
1039 510 1344 563 grammaticae
1365 511 1586 565 imperitus
1606 524 1720 554 rece-

234 574 325 630 pit.
347 573 446 617 vide
467 588 578 629 quae
602 575 690 617 dixi
717 573 773 616 ad
795 574 949 617 librum
971 590 1009 631 v,
1030 577 1084 619 85
1103 609 1111 618 .
1140 578 1296 620 rectius
1317 579 1432 633 apud
1455 579 1719 621 Macrobium

235 642 280 684 in
300 643 392 697 vn?
412 643 591 685 Finibus
607 645 652 686 in
669 658 913 686 cncrzoms
933 677 941 685 .
960 657 1058 686 nam
1077 644 1236 686 frustra
1251 645 1506 701 Lambinus,
1526 648 1650 701 quasi
1667 661 1719 690 ex

233 711 355 754 libris
377 711 613 766 veteribus,
643 712 809 755 Finibu'
833 713 1067 768 Cecropz'z'S.
1095 712 1211 766 quod
1234 713 1347 755 enim
1369 727 1454 756 non
1475 716 1583 757 nulli
1605 715 1720 758 dixe-

235 783 358 833 runt,
384 779 579 835 Cecropis
599 793 755 822 nomen
776 794 803 822 a
822 781 963 836 poe‘tis
984 780 1152 823 Latinis
1169 782 1310 836 prima
1325 788 1521 838 correpta
1536 784 1721 839 positum

236 860 321 890 non
342 848 548 903 inveniri,
566 862 704 903 neque
727 853 984 891 momentum
1007 847 1110 891 facit
1130 863 1270 904 neque
1292 863 1438 893 verum
1458 856 1540 893 est.
1563 852 1606 894 in
1623 852 1720 894 Ovi-

237 916 299 959 dii
322 916 721 972 metamorphoseon
746 931 815 972 XV,
832 917 914 958 427
939 917 1109 960 codices
1131 917 1213 960 fide
1237 917 1355 972 digni
1373 931 1520 961 omnes
1538 921 1625 962 Nec
1640 937 1722 963 non

238 994 275 1028 et
297 985 492 1042 Cecropis
509 1018 519 1039 ,
541 1001 615 1027 nec
636 1001 719 1028 non
740 985 992 1041 Amphionis
1013 1001 1161 1028 arces.-
1189 999 1327 1042 neque
1349 987 1385 1028 is
1408 1001 1558 1030 versus
1580 988 1721 1030 delen-

239 1053 319 1096 dus
341 1058 429 1108 est,
461 1053 538 1096 sed
570 1058 656 1095 tres
678 1053 750 1108 qui
774 1067 869 1096 eum
891 1058 1090 1096 secuntur
1108 1087 1117 1096 .
1140 1054 1215 1096 sed
1238 1054 1280 1096 in
1303 1056 1570 1099 Lucretianis
1591 1057 1721 1111 vulgo

236 1122 423 1178 probant
444 1120 560 1176 quod
579 1126 643 1164 est
660 1122 775 1176 apud
798 1121 1080 1176 Macrobium‚
1104 1131 1140 1165 et
1160 1124 1354 1180 mortzfer
1375 1134 1514 1167 aestus
1531 1158 1541 1168 .
1559 1125 1602 1167 id
1619 1139 1720 1168 vero

238 1204 333 1234 cum
368 1203 542 1246 prorsus
579 1189 767 1244 ineptum
807 1190 888 1245 sit,
926 1191 1007 1232 nisi
1045 1204 1173 1246 porro
1211 1192 1404 1246 corrigas
1442 1202 1478 1235 et
1514 1195 1728 1250 morcfferi

237 1267 377 1302 aestus
398 1258 512 1314 (quis
536 1258 649 1300 enim
670 1258 749 1300 has
771 1271 840 1300 res
863 1258 1181 1301 diversissimas
1204 1260 1460 1316 coniungat,
1488 1263 1588 1304 haec
1613 1264 1722 1304 ratio

239 1336 276 1371 ec
295 1327 488 1382 mortifer
509 1335 646 1368 aestus
668 1326 976 1381 morborum),
1009 1331 1152 1370 tamen
1182 1328 1235 1370 ab
1265 1328 1436 1372 homine
1456 1331 1575 1373 venit
1596 1344 1622 1372 a
1642 1332 1723 1373 lec-

237 1396 354 1439 tione
384 1394 508 1437 huius
539 1395 751 1449 poematis
782 1407 868 1436 non
899 1395 1069 1437 alieno:
1098 1409 1148 1438 ac
1178 1410 1316 1452 paene
1347 1399 1540 1454 suspicor
1562 1400 1723 1442 Macro·

238 1464 355 1507 bium
386 1463 553 1519 ipsum,
594 1475 686 1504 cum
721 1461 831 1504 hunc
861 1462 1001 1504 locum
1032 1465 1317 1522 exscriberet,
1357 1471 1415 1509 ita
1447 1481 1501 1509 ex
1531 1472 1723 1523 tempore

237 1545 410 1576 versum
440 1530 734 1587 imperfectum
766 1543 923 1573 sanare
954 1537 1152 1574 conatum
1184 1547 1278 1576 esse
1297 1567 1306 1576 .
1342 1549 1482 1590 neque
1514 1536 1722 1578 Lambino

238 1600 393 1644 melius
424 1599 630 1642 successit
650 1600 874 1655 temptanti
896 1609 933 1642 et
952 1601 1145 1657 mor-teser
1167 1610 1265 1644 a‘e’r.
1290 1603 1455 1646 felicior
1476 1604 1546 1647 hic
1566 1605 1723 1647 Wake-

238 1667 391 1712 fieldus
422 1667 528 1721 fuit,
561 1680 655 1710 oum
687 1668 893 1711 scriberet
923 1670 1032 1711 ratio
1062 1671 1298 1714 morborum
1321 1681 1357 1714 et
1377 1674 1620 1730 mortg’ferae
1641 1675 1723 1715 vis.

239 1736 317 1780 sed
347 1736 491 1778 nullus
521 1735 590 1778 hic
620 1736 795 1791 ingenio
829 1736 1069 1779 exercendo
1101 1738 1220 1780 locus
1252 1745 1342 1795 est,
1385 1754 1480 1783 cum
1511 1740 1555 1783 id
1585 1741 1724 1796 ipsum

239 1803 354 1860 quod
384 1803 484 1846 libri
507 1803 710 1847 exhibent
730 1805 1000 1847 verissimum
1022 1806 1103 1860 sit,
1126 1807 1163 1849 si
1184 1811 1298 1850 recte
1321 1809 1555 1863 explicetur
1574 1842 1582 1863 ‚
1606 1810 1724 1851 Haec

239 1874 349 1917 ratio
371 1871 582 1930 quondam
613 1872 849 1914 morborum
871 1882 907 1915 et
927 1875 1095 1915 Mox'rl’
1119 1889 1285 1916 FERAL
1309 1889 1569 1931 quamquam
1592 1877 1725 1919 faten-

240 1941 342 1984 dum
372 1945 436 1984 est
465 1941 527 1983 ita
555 1940 696 1996 perire
728 1941 902 1995 generis
933 1942 1158 1985 masculini
1187 1955 1365 1998 vocem,
1387 1957 1414 1986 a
1434 1957 1518 1998 qua
1540 1957 1592 1987 ea
1613 1957 1725 1999 quae

241 2012 440 2052 secuntur
469 2007 682 2063 pendent,

358 2075 482 2118 1141.
527 2077 640 2119 NAM
677 2091 889 2119 PENITUS
929 2092 1105 2120 vnums
1148 2093 1365 2120 AEGYPTI
1400 2095 1603 2122 munus
1642 2094 1725 2122 OR-

242 2159 329 2187 ’ωε
349 2179 359 2197 ,
405 2146 546 2187 Amu
582 2159 872 2188 PERMENSUS
891 2161 901 2198 ;
939 2147 1013 2190 ubi
1052 2152 1166 2191 recte
1203 2153 1414 2191 corrector
1453 2148 1652 2204 quadrati
1686 2153 1727 2191 et

242 2213 441 2269 impressi
478 2212 647 2257 codices
683 2228 893 2255 vnmnns
912 2246 922 2256 .
966 2215 1043 2258 sed
1084 2215 1191 2259 haec
1227 2217 1323 2272 ipsa
1355 2218 1524 2273 penitus
1559 2218 1727 2259 veniens

242 2282 610 2339 Aegyptiflnibus
641 2295 734 2325 cum
765 2282 1009 2339 sufficiant,
1040 2297 1139 2341 cur,
1163 2297 1351 2340 quaeso,
1374 2285 1556 2327 molesta
1577 2284 1726 2327 verbo-

243 2349 368 2392 sitate
399 2358 514 2392 ortus
545 2349 765 2393 adicitur?
799 2352 894 2406 quis
916 2352 1046 2406 igitur
1073 2353 1152 2395 hoc
1173 2353 1384 2396 vocabulo
1406 2365 1726 2419 supervacaneo

244 2417 380 2460 eiecto
413 2417 627 2461 dubitabit
656 2419 702 2462 id
733 2420 847 2475 quod
879 2422 1168 2464 necessarium
1190 2427 1254 2464 est
1275 2421 1489 2463 scribere?
1521 2420 1564 2462 id
1587 2424 1727 2462 autem

244 2499 340 2529 esse
368 2500 568 2528 nonnus
601 2486 967 2532 demonstratione
1004 2502 1090 2532 non
1128 2493 1252 2544 eget,
1298 2501 1556 2544 quamquam
1588 2488 1728 2530 Avan-

243 2554 329 2598 tius
360 2554 480 2598 dedit
508 2554 643 2598 Orcus
663 2587 673 2597 .

363 2622 485 2666 1143.
529 2623 774 2667 Incusum
811 2640 1008 2667 TANDEM
1038 2639 1230 2667 POPULO
1269 2638 1535 2667 PANDIONIS
1568 2622 1729 2666 OMNE'J

246 2689 470 2746 Oblongus
500 2707 684 2748 omnem,
717 2693 953 2748 quadratus
985 2710 1101 2736 omne
1116 2711 1131 2749 ;
1160 2699 1205 2737 ut
1235 2698 1442 2749 appareat
1472 2691 1516 2734 id
1538 2691 1652 2746 quod
1683 2691 1728 2731 in

246 2756 330 2801 fine
367 2771 517 2802 versus
553 2765 668 2803 certo
706 2762 907 2816 cognosci
948 2775 1033 2803 non
1071 2762 1210 2817 potuit
1239 2774 1383 2803 errore
1413 2760 1601 2802 habitum
1634 2771 1729 2801 esse

246 2838 324 2881 pro
355 2826 479 2881 signo
509 2841 540 2868 Μ
571 2827 765 2881 litterae,
799 2843 893 2872 cum
924 2833 1037 2872 esset
1058 2829 1199 2885 potius
1226 2843 1267 2868 1.
1303 2832 1416 2870 recte
1438 2827 1567 2881 igitur
1588 2829 1729 2868 Avan-

245 2895 332 2936 tius
354 2907 474 2936 oum
491 2930 500 2940 .
533 2896 670 2940 codex
690 2897 1004 2953 Neapolitanus
1026 2895 1237 2952 Propertii
1258 2909 1314 2949 iv,
1335 2895 1370 2950 1,
1388 2895 1443 2937 22
1464 2894 1730 2951 duplz'ceife-

246 2977 373 3018 nore,
406 2962 460 3006 de
491 2977 576 3019 quo
607 2978 767 3020 genere
801 2965 892 3008 dixi
924 2965 981 3007 ad
1012 2964 1166 3006 librum
1188 2978 1245 3018 1v,
1264 2963 1374 3006 602.
1407 2963 1467 3005 sic
1498 2962 1542 3004 in
1573 2962 1730 3005 dativis

1375 3030 1426 3072 27
