2040 3328
953 180 1017 223 ΙΙΙ
1646 183 1723 225 197

246 278 443 352 correpta
459 295 706 351 efferemus,
720 296 923 338 Protinus
934 310 1058 350 aeqer
1074 310 1153 352 ayo
1164 310 1177 336 .·
1193 295 1302 337 hafnc
1310 295 1434 338 etiam
1445 297 1520 338 vix
1534 329 1546 350 ,
1566 297 1726 353 Tityre,

245 364 350 406 duco
365 379 381 418 ,-
399 363 484 406 nisi
500 363 610 406 forte
626 363 899 406 scribendum
922 366 987 406 est
1001 378 1081 420 ayo
1096 396 1107 417 ,
1125 372 1162 405 ec
1176 363 1263 405 iam
1284 363 1392 405 hanc
1411 364 1486 406 vix
1501 396 1510 405 .
1534 363 1726 406 Catullus

243 432 289 474 in
310 432 499 474 carmine
520 432 588 486 61,
602 432 657 474 98
675 464 684 486 ,
707 431 779 474 ubi
802 431 982 474 inlibris
1000 435 1066 473 est
1079 430 1204 474 viden
1220 431 1403 488 utfaces
1418 465 1429 486 ,
1451 445 1538 474 non
1554 431 1727 488 scripsit

243 500 338 544 vide
345 500 522 557 zitfaces
529 499 788 556 Splendz‘das
800 501 995 557 quatiunt
1009 515 1147 541 comas
1163 532 1174 552 ‚
1192 499 1271 541 sed
1287 499 1412 542 viden
1428 500 1447 542 ,9
1450 500 1580 556 faces
1596 516 1609 542 .·
1625 513 1726 542 nam

242 577 314 623 ut,
337 568 533 622 quotiens
563 569 709 611 valeat
738 567 782 610 id
809 564 930 623 'quod
961 566 1186 624 quomodo,
1219 571 1345 610 acuto
1374 572 1551 611 accentu
1581 568 1725 612 efferri

241 639 452 678 testantur
473 635 692 679 Charisius
713 650 754 692 p.
772 636 882 690 202,
906 634 1136 677 Diomedes
1165 649 1206 690 p.
1224 635 1335 689 388,
1359 635 1534 679 Servius
1565 636 1621 678 ad
1644 637 1725 679 Ae-

241 703 393 747 neidos
414 718 441 758 1,
464 704 545 747 667
569 737 577 746 .
600 718 739 759 neque
759 703 963 746 Horatius
993 704 1038 745 in
1069 702 1348 757 epistularum
1369 717 1412 759 11,
1436 704 1475 759 2,
1502 705 1582 747 163
1614 704 1725 747 dixit

239 789 384 829 nempe
404 771 525 815 modo
546 777 625 815 isto
640 806 651 827 ,
674 771 751 815 sed
771 771 893 814 modo
914 780 975 814 sto
992 803 1002 812 .
1024 771 1086 813 sic
1108 771 1151 813 in
1167 771 1389 814 Aeneidos
1409 786 1466 825 vl,
1488 773 1572 815 389
1590 772 1724 815 Medi-

241 853 341 884 ceus
357 840 496 896 prima
507 854 636 883 manu
651 842 738 883 iam
754 840 861 882 stine
870 873 882 894 ,
900 839 943 881 in
960 838 1015 881 M.
1026 839 1157 882 Tullii
1169 839 1470 882 Accusationis
1487 841 1596 883 libro
1614 855 1641 895 1,
1651 841 1720 896 47,

243 909 324 951 123
345 908 578 951 Vaticanus
610 925 730 966 quem
760 907 997 951 ammodum
1035 916 1094 950 ste
1108 942 1119 963 ,
1142 908 1186 950 in
1218 908 1411 950 eiusdem
1442 909 1723 964 epistularum

239 977 427 1032 xv,19,4
443 977 618 1021 Cassius
635 986 773 1019 utrum
790 985 856 1018 sta
872 1008 882 1030 ,
900 975 992 1031 ipse
1008 976 1053 1018 in
1070 989 1125 1030 IV,
1143 975 1183 1030 3,
1202 975 1228 1018 2
1245 976 1353 1032 quid
1366 993 1430 1020 me
1445 985 1510 1019 sta
1524 994 1593 1020 res
1611 1010 1621 1032 ,
1639 979 1722 1021 No·
1749 1011 1751 1013 .

238 1045 335 1087 nius
357 1059 397 1100 p.
418 1045 515 1100 428,
537 1045 566 1087 4
586 1058 639 1088 ex
662 1044 881 1088 Ciceronis
904 1043 958 1086 de
984 1047 1155 1086 oratore
1175 1059 1203 1100 1,
1226 1044 1278 1086 87
1308 1061 1416 1101 quae
1435 1046 1495 1087 sti
1510 1046 1694 1088 rhetores
1710 1079 1721 1100 ,

237 1113 438 1168 idemque
458 1127 499 1169 p.
515 1113 612 1167 448,
630 1113 686 1156 30
707 1117 748 1155 et
768 1113 866 1167 536,
883 1112 939 1155 33
957 1125 979 1154 e
1002 1112 1206 1154 Varronis
1223 1112 1367 1154 Modio
1386 1130 1513 1170 quam
1533 1123 1690 1156 storum
1709 1147 1719 1167 ‚

237 1183 323 1224 iam
338 1190 422 1224 stoc
438 1181 548 1223 dicto
568 1194 609 1236 p.
626 1180 724 1235 476,
743 1180 799 1222 20
819 1193 842 1222 e
859 1180 999 1222 Plauti
1018 1180 1244 1223 Bacchisin
1265 1194 1321 1235 ιν,
1338 1180 1379 1235 4,
1397 1181 1452 1224 28
1471 1214 1480 1236 ,
1498 1182 1666 1238 inqenio
1683 1183 1726 1223 si

236 1258 298 1293 sto
320 1262 344 1291 c
360 1249 546 1292 Caecilio
570 1248 730 1290 comico
752 1262 794 1302 p.
816 1248 908 1303 127,
930 1247 980 1290 16
999 1280 1008 1303 ,
1029 1261 1052 1290 e
1069 1249 1227 1291 Patruo
1246 1249 1471 1304 Pomponii
1490 1263 1531 1305 p.
1548 1250 1646 1301 474,
1665 1250 1720 1293 25

235 1319 398 1360 Illirum
410 1317 549 1371 facies
563 1317 710 1373 ,fatue
726 1349 737 1370 ,
754 1317 798 1358 si
813 1316 913 1358 stud
930 1317 1107 1358 nimium
1131 1316 1246 1368 (libri
1266 1316 1523 1371 sz'studium)
1543 1319 1721 1360 mirabis

149 1394 154 1398 “
236 1386 313 1429 diu
327 1419 339 1441 ,
361 1386 538 1428 m‘mium
568 1393 657 1427 stuc
685 1397 738 1427 ex
760 1383 969 1439 Adelphis
990 1385 1180 1427 Terentii
1201 1399 1244 1439 11,
1266 1386 1302 1439 1,
1324 1385 1375 1428 15
1394 1399 1437 1440 p.
1455 1386 1551 1442 367,
1571 1387 1626 1428 23
1644 1419 1653 1441 ,
1676 1386 1720 1428 in

235 1457 499 1498 consonante
520 1465 625 1496 vera
644 1461 687 1494 at
708 1461 797 1495 stuc
818 1465 871 1494 ex
894 1452 1060 1495 Andria
1078 1467 1138 1507 111,
1158 1453 1196 1509 3,
1215 1453 1272 1495 34
1291 1466 1334 1508 p.
1349 1453 1447 1510 219,
1465 1454 1521 1496 20
1541 1458 1583 1496 et
1604 1453 1719 1509 apud

236 1522 484 1565 Ciceronem
500 1534 578 1576 pro
595 1520 738 1563 Tullio
757 1533 850 1576 cap.
868 1521 894 1563 8
911 1521 1019 1578 quid
1031 1522 1147 1564 vobis
1161 1555 1173 1576 ‚
1195 1521 1351 1578 inquid
1364 1554 1376 1576 ,
1398 1523 1475 1564 scic
1491 1522 1719 1579 neqotz'z'm-

233 1606 321 1633 meo
343 1590 436 1632 est?
455 1589 569 1632 idem
590 1588 671 1631 hoc
687 1589 872 1645 Priapeo
890 1589 944 1632 69
966 1589 1274 1632 restituendum
1290 1593 1421 1645 puto,
1439 1589 1511 1632 ubi
1536 1594 1600 1632 est
1615 1590 1719 1644 miei,

234 1658 296 1702 sic
311 1691 322 1710 ‚
342 1657 615 1701 Smerdaleon
636 1666 742 1699 certe
763 1659 823 1700 sti
838 1674 905 1700 res
935 1674 1018 1700 non
1044 1657 1204 1700 munda
1232 1667 1405 1701 vocatur
1420 1691 1431 1711 ,
1455 1657 1616 1700 scilicet
1636 1657 1720 1699 ΗΟ-

233 1739 364 1780 mero,
387 1725 507 1768 cuius
525 1730 623 1768 sunt
637 1721 882 1783 Σμερδαλέ’
900 1721 1120 1784 εὐρώεντα
1138 1731 1179 1769 et
1193 1726 1478 1783 Σμερδαλέος
1494 1722 1536 1769 δ’
1557 1720 1721 1784 αὐτῇσι

216 1791 353 1853 φάνη
373 1792 677 1849 κεκακωμένος
699 1791 818 1853 ἅλμῃ
837 1828 845 1837 .
864 1799 992 1850 atque
1020 1808 1074 1838 ea
1099 1796 1361 1851 pronominis
1390 1795 1529 1838 forma
1549 1808 1634 1836 non
1657 1794 1719 1837 vi-

234 1865 359 1908 detur
379 1868 467 1906 tam
490 1864 650 1906 rustica
669 1863 803 1906 fuisse
824 1876 951 1919 quam
974 1863 1123 1919 putavi
1145 1877 1239 1905 cum
1261 1863 1315 1906 de
1337 1875 1389 1905 ea
1410 1863 1641 1906 scriberem
1663 1861 1719 1904 ad

233 1932 412 1988 Ulpiani
433 1931 679 1985 regularum
701 1932 855 1974 librum
877 1932 916 1987 2,
941 1933 963 1974 7
997 1936 1038 1974 et
1068 1931 1125 1974 ad
1148 1931 1307 1974 Gaium
1328 1946 1368 1987 p.
1391 1932 1470 1974 128
1488 1963 1498 1975 .
1521 1944 1620 1973 nam
1641 1931 1719 1972 isto

233 2000 480 2056 disyllabon
509 1999 555 2041 in
577 2000 744 2042 Horatii
774 2013 902 2043 versu
924 2004 1055 2042 totum
1092 1999 1268 2054 gravari
1290 1999 1481 2055 potuisse
1512 1998 1718 2042 credibile

233 2082 319 2112 non
353 2072 444 2123 est3
469 2080 727 2123 quamquam
750 2069 941 2111 Lucilius
973 2073 1015 2111 et
1046 2068 1237 2112 Catullus
1269 2067 1350 2110 hoc
1379 2067 1506 2110 modo
1539 2067 1717 2110 minoris

231 2136 435 2193 ponderis
463 2136 673 2179 vocabulo
704 2137 768 2180 usi
796 2141 895 2179 sunt
925 2146 1075 2193 atque,
1097 2136 1228 2180 Silius
1259 2135 1516 2191 quibusdam
1537 2148 1718 2192 praepo·

231 2204 485 2248 sitionibus.
508 2204 660 2247 Laeuii
683 2209 748 2248 est
769 2214 851 2248 cuce
872 2205 968 2248 vide
985 2215 1109 2262 acque
1130 2192 1369 2261 dzsfflabon
1390 2203 1508 2260 apud
1527 2204 1714 2246 Nonium

230 2287 274 2330 p.
290 2274 359 2328 26,
379 2273 402 2315 7
421 2305 431 2327 ,
454 2272 646 2316 eiusdem
655 2274 774 2331 fimo
790 2283 915 2331 atque
931 2274 1122 2317 sucerdz‘s
1138 2273 1255 2329 apud
1272 2272 1454 2316 eundem
1474 2287 1516 2329 p.
1537 2272 1629 2327 175,
1652 2273 1716 2327 13,

231 2343 386 2386 Catulli
409 2342 453 2385 in
474 2342 564 2385 z‘o'eo
586 2350 709 2398 atque
724 2345 822 2385 vino
847 2343 910 2398 12,
928 2343 954 2385 2
975 2347 1017 2386 et
1025 2343 1176 2399 frater
1198 2345 1274 2384 a've
1294 2350 1418 2398 atque
1434 2341 1529 2383 va'le
1549 2342 1642 2395 101,
1665 2341 1718 2383 10

229 2410 508 2467 (quamquam
540 2409 831 2461 Quintilianus
860 2426 887 2466 1,
911 2412 950 2465 6,
974 2411 1027 2453 21
1060 2423 1136 2453 suo
1167 2414 1361 2465 tempore
1391 2410 1495 2451 have
1525 2408 1717 2451 secunda

230 2482 428 2534 correpta
458 2477 541 2520 dici
569 2482 778 2534 testatur,
801 2478 916 2534 quod
946 2482 1090 2522 tamen
1116 2481 1339 2534 poetarum
1369 2490 1471 2519 usus
1501 2490 1587 2518 non
1619 2489 1716 2518 con-

229 2545 416 2602 firmat),
439 2547 534 2590 Silii
555 2561 599 2601 11,
618 2546 699 2588 227
732 2547 848 2589 Inter
879 2547 1061 2604 dumque
1089 2550 1242 2600 ma‘nu,
1263 2546 1373 2587 inter
1404 2545 1504 2587 ohim
1535 2545 1716 2587 clamore

229 2615 438 2670 minisque
452 2647 464 2669 ‚
491 2628 581 2670 vm,
600 2615 654 2658 75
690 2616 864 2672 mitique
901 2620 1032 2658 ma'nu
1067 2616 1182 2658 intra
1220 2614 1372 2656 limina
1409 2612 1524 2655 ducit
1538 2645 1550 2667 ,
1572 2626 1612 2665 X,
1631 2612 1714 2654 309

229 2682 424 2738 mzsz‘tque
453 2684 544 2725 viri
569 2684 678 2726 inter
704 2683 849 2726 sidera
879 2699 1026 2726 nomen
1048 2716 1056 2725 .
1079 2682 1283 2739 praemisi
1314 2681 1480 2723 rariora
1510 2684 1552 2723 et
1579 2692 1715 2735 prope

230 2749 412 2793 vitiosa:
435 2750 571 2792 maior
600 2764 701 2805 pars
731 2754 954 2805 poetarum
992 2756 1090 2806 post
1119 2749 1332 2793 vocabula
1366 2748 1555 2791 'iambica
1584 2747 1714 2790 nullis

230 2818 327 2861 aliis
356 2817 494 2860 locum
531 2818 742 2860 concessit
776 2810 860 2860 nisi
899 2830 1010 2872 quae
1047 2822 1122 2860 aut
1158 2816 1462 2871 monosyllaba
1501 2820 1644 2859 essent
1674 2820 1715 2858 et

230 2886 383 2941 gravia
425 2888 499 2927 aut
536 2885 894 2941 hyperdisyllaba
936 2889 1033 2940 post
1072 2885 1254 2940 primam
1299 2883 1512 2939 syllabam
1559 2888 1687 2926 acuta
1704 2917 1713 2926 .

231 2954 338 2997 haec
369 2967 453 2996 non
484 2953 612 2995 modo
643 2953 671 2994 ii
714 2966 822 3008 quos
852 2953 966 2996 ultra
1002 2966 1256 3008 progressos
1287 2965 1382 2995 esse
1413 2952 1503 2995 dixi
1533 2952 1714 2995 admise-
