2040 3328
405 249 487 291 408
752 226 755 227 ⁷
1101 253 1158 293 VI

405 365 571 415 tamen,
595 375 684 402 cum
708 365 869 403 veteres
900 362 1004 404 talia
1033 375 1117 403 non
1148 366 1232 404 tam
1262 365 1524 417 quaesivisse
1550 379 1675 420 quam
1697 367 1851 409 vitasse

407 427 812 480 animadverterem,
849 442 946 470 mox
976 428 1216 471 iudicabam
1246 431 1336 471 veri
1372 431 1549 474 similius
1579 446 1671 475 esse
1701 434 1851 475 Lucre-

407 495 508 534 tium
540 494 598 534 ita
628 494 872 548 scripsisse,
895 495 1057 550 Effluat
1085 496 1314 538 ambrosius
1342 499 1469 552 qua-92⁰
1493 514 1584 540 vere
1613 509 1648 542 et
1677 500 1848 542 nectari‘

408 561 556 601 linctus
573 591 582 600 .
604 573 700 601 nam
722 561 886 602 Nakius
918 561 973 602 ad
996 562 1120 603 Diras
1151 576 1190 617 p.
1209 563 1290 604 238
1321 576 1392 605 cur
1414 564 1620 606 Catullum
1650 567 1852 608 ambrosio

406 627 587 680 primum
617 627 755 668 dicere
787 641 932 668 ausum
965 641 1057 670 esse
1086 630 1368 683 suspicaretur
1397 644 1480 672 non
1508 631 1729 687 videbam,
1760 645 1852 675 cum

406 694 651 747 praesertim
682 707 733 735 ne
765 693 922 736 dixisse
953 694 1122 747 quidem
1152 695 1194 736 id
1225 695 1433 738 Catullum
1464 698 1736 740 concederem
1765 712 1852 741 car-

407 759 519 801 mine
540 761 703 813 99,13.
736 761 904 802 tandem
926 774 1026 803 vero
1058 762 1245 804 intellexi
1277 762 1373 804 huic
1402 766 1551 816 poetae
1581 777 1665 806 non
1695 768 1780 806 tam
1809 765 1853 807 id

407 826 518 879 quod
541 827 894 880 elegantissimum
917 832 1053 882 esset,
1075 841 1200 881 quam
1222 828 1335 881 quod.
1356 829 1738 885 simplicissimum,
1761 844 1854 873 con-

406 894 577 935 venire:
622 895 664 935 id
706 899 769 935 est
808 899 945 935 autem
974 895 1136 950 Effluat
1165 909 1440 936 AMBRosuE
1476 906 1512 938 et
1547 898 1720 939 neccari’
1753 898 1852 940 linc-

407 970 471 1001 tus
487 992 497 1012 ‚
531 961 653 1013 eique
684 961 896 1002 simillima
917 965 979 1002 est
1000 961 1199 1016 Cyclopis
1220 962 1428 1004 Homerici
1450 975 1560 1017 vox,
1581 976 1704 1017 quam
1727 977 1754 1006 a
1775 965 1853 1006 Lu-

407 1027 534 1068 cretio
567 1040 810 1081 expressam
843 1040 936 1068 esse
965 1041 1087 1069 nemo
1109 1028 1300 1070 dubitare
1321 1033 1483 1083 potest,
1501 1026 1629 1072 Ᾱλλᾶ
1648 1027 1747 1073 τόδ’
1771 1028 1854 1084 ἆμ-

406 1091 585 1148 βροσίης
605 1093 678 1135 καὶ
698 1090 901 1148 νέκταρός
922 1092 1038 1136 ἔστιν
1060 1090 1284 1150 ἆπορρώξε
1307 1092 1544 1151 ἀπορρῶγα
1565 1098 1674 1139 enim
1692 1102 1854 1141 veteres

407 1163 732 1215 interpretantur
763 1157 1007 1218 ἀπορροήν,
1040 1162 1250 1217 ffflum‘um
1269 1194 1278 1204 .
1310 1162 1362 1204 de
1384 1180 1409 1204 a
1430 1163 1632 1218 producto
1653 1170 1791 1207 autem
1811 1166 1854 1207 in

407 1228 646 1269 nominibus
683 1229 858 1270 Graecis
894 1228 1286 1270 commemoratione
1324 1229 1495 1282 dignum
1525 1235 1588 1272 est
1623 1244 1675 1272 ex
1704 1244 1753 1273 eo
1784 1245 1854 1285 ge-

409 1307 507 1336 nere
538 1295 640 1335 nihil
673 1294 854 1350 habere,
887 1299 1088 1348 quantum
1119 1296 1286 1348 quidem
1317 1297 1523 1351 sciamus,
1546 1298 1752 1352 Ennium,
1774 1303 1854 1341 tra-

407 1364 551 1415 gicos,
583 1363 850 1416 Terentium,
881 1363 1112 1416 Lucilium,
1143 1364 1400 1417 Varronem,
1432 1364 1693 1420 Lucretium,
1717 1366 1855 1408 Catul-

407 1431 518 1483 lum,
550 1429 795 1469 Horatium.
827 1442 908 1482 quo
940 1429 984 1470 fit
1014 1433 1059 1470 ut
1088 1442 1219 1484 prope
1247 1434 1386 1484 putem
1418 1431 1461 1472 in
1491 1431 1582 1483 his,
1613 1436 1659 1472 ut
1688 1432 1731 1473 in
1759 1432 1854 1474 aliis

409 1497 581 1539 Graecis
600 1529 609 1549 ,
642 1496 695 1537 de
725 1497 873 1549 quibus
895 1496 1028 1537 Varro
1059 1497 1101 1537 in
1132 1510 1159 1537 x
1180 1496 1233 1538 de
1254 1497 1400 1550 lingua
1419 1498 1571 1539 Latina
1590 1511 1631 1552 p.
1647 1498 1730 1540 583
1745 1498 1854 1553 584,

406 1577 490 1604 non
523 1563 700 1604 eandem
733 1575 876 1604 omnes
908 1563 1248 1605 consuetudinem
1279 1568 1443 1606 secutos
1474 1577 1592 1607 esse.
1629 1577 1706 1606 nec
1731 1564 1855 1606 debe-

407 1630 502 1670 bam
533 1630 748 1682 omittere,
783 1643 906 1683 quem
937 1630 1164 1671 admodum
1194 1630 1411 1672 heroidum
1433 1631 1704 1685 epistularum
1725 1631 1855 1687 scrip—

406 1701 470 1737 tor
499 1697 657 1738 Aethra
677 1696 796 1738 Leda
824 1697 962 1740 vocali
993 1701 1188 1751 correpta
1218 1697 1349 1750 dixit,
1378 1697 1587 1740 Catullum
1617 1711 1783 1752 quoque
1812 1699 1855 1740 in

406 1764 634 1817 galliambo
656 1763 875 1817 scripsisse
894 1764 1143 1819 Trepidante
1159 1780 1248 1805 eum
1268 1764 1419 1818 recepit
1434 1763 1511 1805 dea
1526 1765 1722 1807 Pasithea
1741 1766 1853 1809 sinu.

407 1831 481 1873 sed
503 1831 687 1887 Pyrrhia
703 1863 714 1883 ,
737 1829 848 1882 quod
872 1830 1068 1872 Horatius
1099 1830 1225 1872 habet
1254 1830 1332 1871 hoc
1352 1843 1503 1884 versu,
1539 1832 1590 1872 Ut
1608 1833 1751 1873 vinosa
1768 1832 1854 1886 qlo-

406 1915 496 1939 mus
510 1898 704 1952 furtivae
726 1897 912 1952 Pyrrhia
939 1897 1060 1939 lanae
1075 1930 1086 1950 ,
1115 1910 1252 1950 neque
1273 1888 1462 1939 Graecae
1485 1910 1622 1950 neque
1644 1899 1856 1940 Romanae

407 1964 588 2005 feminae
618 1977 768 2004 nomen
801 1967 888 2017 est,
913 1977 988 2005 nec
1007 1968 1144 2018 potest
1165 1963 1346 2006 dubitari
1369 1963 1471 2016 quin
1501 1963 1606 2005 illud
1628 1977 1654 2006 a
1674 1964 1855 2007 librariis

406 2033 466 2072 ita
495 2035 733 2085 corruptum
763 2030 845 2071 sit.

518 2099 612 2140 972.
661 2097 762 2147 QUA
794 2111 928 2137 N11111.
965 2111 1048 2137 EST
1085 2111 1263 2138 nomm
1293 2097 1424 2142 Qu‘on
1455 2111 1635 2138 MARIUS
1664 2095 1855 2138 unorum

405 2181 463 2206 Ac
495 2179 673 2205 Exscnr
692 2197 701 2206 .
731 2166 796 2206 Ita
825 2165 963 2218 prima
993 2177 1119 2206 manu
1149 2165 1356 2218 oblongus
1387 2174 1543 2218 exscet,
1568 2178 1595 2206 a
1624 2167 1855 2206 correctore

407 2242 553 2274 eoestet:
574 2233 803 2285 quadratus
826 2241 948 2273 eoetet.
979 2232 1090 2286 quod
1108 2245 1320 2272 AMARms
1342 2245 1597 2273 monnau*
1618 2231 1719 2272 olim
1738 2231 1854 2272 Itali:

406 2299 507 2353 sed,
531 2298 644 2353 quod
666 2299 890 2351 indignor,
914 2299 1005 2348 Qua
1025 2312 1143 2338 ESCA
1163 2312 1285 2340 nemo
1317 2298 1581 2341 scribendum
1601 2297 1735 2351 vidit,
1762 2297 1854 2343 sine

406 2380 486 2419 quo
518 2365 790 2420 lepidissimis
821 2365 1040 2406 versiculis
1072 2378 1149 2406 sua
1178 2365 1391 2418 elegantia
1421 2378 1504 2407 non
1535 2368 1723 2406 constat.

517 2433 610 2474 973.
658 2433 887 2476 DENIQUE
917 2445 1237 2473 MARACINUM.
1284 2432 1515 2474 Brixiensis
1545 2431 1671 2473 editio
1701 2431 1853 2472 amari-

405 2516 520 2552 σαφῆ,
552 2499 752 2540 Marullus
783 2512 1127 2539 AMARAcmcM.

517 2567 611 2608 977.
652 2566 981 2615 8ΡυΒοιΤιΕε,
1011 2579 1175 2605 EADEM
1206 2579 1352 2606 sunus
1384 2579 1508 2605 HAEC
1540 2576 1754 2604 cwunnA
1783 2576 1853 2603 νι-

404 2648 587 2677 DETUR.
635 2633 875 2683 Quadratus
905 2633 1003 2674 haec
1039 2632 1226 2674 z'nunda.
1272 2631 1385 2686 apud
1415 2632 1597 2673 Nonium
1627 2644 1666 2684 p.
1684 2629 1778 2684 394,
1799 2630 1851 2670 21

404 2701 627 2755 Spurcitz'z's
647 2700 753 2742 idem
770 2701 844 2741 sub
861 2699 1048 2741 *rutunda
1064 2698 1225 2740 videtur
1242 2731 1250 2740 .
1267 2702 1378 2740 recte
1395 2698 1596 2739 Marullus
1616 2709 1851 2750 IUCUNDA,

404 2768 544 2821 itaque
576 2768 784 2809 Antonius
817 2766 940 2808 Marii
971 2765 1173 2809 iocunda.
1211 2778 1302 2807 cum
1340 2778 1516 2806 caenum
1553 2763 1676 2805 nobis
1704 2766 1852 2809 taeter-

404 2834 510 2874 rima
540 2833 594 2874 sit
624 2834 872 2887 spurcities,
901 2833 1028 2874 subus
1059 2831 1207 2874 eadem
1236 2832 1339 2874 haec
1359 2832 1477 2873 caeni
1499 2829 1718 2884 spurcities
1738 2829 1853 2871 vide-

404 2905 469 2940 tur
500 2900 682 2941 iucunda
712 2912 805 2940 esse
824 2931 832 2939 .
855 2900 971 2940 nulla
991 2911 1121 2940 causa
1142 2902 1231 2940 erat
1251 2911 1322 2939 cur
1342 2898 1446 2940 haec
1465 2896 1693 2939 Lambinus
1715 2908 1852 2950 repre-

403 2965 629 3020 henderet,
663 2966 742 3006 nisi
777 2965 889 3019 quod
910 2965 1106 3007 Gifanius
1138 2965 1203 3006 hic
1229 2958 1457 3019 aliquando
1479 2977 1624 3007 verum
1649 2962 1848 3005 vidisset.
