2040 3328
871 239 891 280 I
1570 234 1624 278 25

142 353 274 396 salire
288 386 299 407 ‚
323 361 572 409 permanet,
595 360 640 395 αἱ
660 352 710 394 id
729 361 837 395 recte
853 352 1008 409 facere
1026 351 1192 408 possit,
1225 349 1284 391 ad
1312 350 1479 392 trimum
1497 381 1506 390 .
1530 363 1623 393 eum

141 434 312 465 versum
333 420 407 475 qui
428 420 506 463 hos
529 421 749 476 sequitur,
782 419 868 463 Sed
887 419 1095 476 quaedam
1115 418 1373 472 simulacra,
1407 431 1501 461 cum
1523 419 1624 462 Ver-

140 490 304 545 giliano
326 489 544 544 componit
566 489 807 532 Macrobius
829 489 872 530 in
894 487 1236 530 Saturnaliorum
1257 501 1328 542 vr,
1364 487 1385 528 1
1405 503 1413 530 :
1435 500 1522 529 non
1553 487 1625 529 ha—

140 558 242 601 bent
263 571 359 600 eum
382 557 618 612 quadratus
649 562 691 600 et
712 556 896 599 schedae
913 589 922 598 .
957 569 980 598 e
1010 556 1214 611 proximis
1236 557 1430 599 Donatus
1463 555 1519 598 ad
1542 556 1625 598 An—

141 626 278 669 driam
306 640 348 681 1,
381 625 436 679 2,
467 625 495 667 4
525 642 687 682 semper
702 626 901 682 florentis
930 625 1134 666 Homeri.

255 693 349 738 125.
381 708 626 736 LAGRIMAS
657 706 950 734 EFFUNDERE
981 706 1164 733 SALsAs
1198 693 1502 736 COEPISSET.
1526 694 1623 737 Coe-

135 764 252 820 pisse
286 777 348 804 m·
379 766 592 806 corrector
628 761 827 817 quadrati
864 765 906 803 et
945 760 1157 803 Antonius
1197 761 1323 803 Marii
1341 794 1351 803 .
1374 771 1410 804 ec
1432 762 1624 818 fundere

138 831 401 887 quadratus;
433 831 548 886 quod
570 830 684 873 male
709 829 910 885 probavit
931 829 1164 872 Lambinus
1183 861 1192 870 .
1216 830 1429 872 lacrumas
1459 843 1561 873 vero
1585 835 1626 873 et

139 899 364 956 eofundere
394 899 492 942 libri
523 898 666 941 nostri.
690 911 777 940 non
810 897 1032 940 exhibent:
1055 897 1205 941 horum
1237 902 1380 941 autem
1410 899 1624 942 scribendi

138 968 349 1011 rationem
379 967 561 1010 reddere
591 967 697 1010 satis
720 966 885 1021 habeo,
918 967 1002 1008 nisi
1034 967 1148 1020 quod
1181 983 1230 1009 ae
1261 971 1302 1009 et
1333 984 1353 1010 e
1374 968 1505 1023 paulo
1536 981 1624 1010 rec-

139 1036 224 1079 tius
246 1036 386 1079 scribo
408 1040 581 1091 praeter
602 1049 732 1090 quam
762 1036 807 1077 in
829 1034 968 1077 minus
990 1036 1114 1077 certis
1133 1068 1142 1090 ‚
1174 1035 1290 1078 velut
1322 1052 1496 1078 erumna
1526 1045 1625 1079 teter

139 1113 257 1161 septa
276 1121 412 1147 meror
431 1113 585 1147 mestus
602 1113 746 1161 presto
765 1104 887 1160 yleba
908 1119 1033 1145 scena
1049 1106 1235 1160 penuria
1243 1104 1399 1160 fecula
1414 1138 1425 1159 7
1448 1118 1558 1159 quae
1580 1105 1624 1147 in

140 1186 351 1215 consensu
387 1173 731 1225 membranarum
772 1185 859 1214 non
896 1171 1077 1227 repudio
1096 1205 1105 1227 ‚
1146 1173 1342 1227 quamvis
1380 1173 1624 1216 Lucretium

138 1253 191 1283 ea
211 1240 356 1283 omnia
383 1254 461 1296 per
481 1240 780 1296 diphthongon
800 1241 1030 1295 protulisse
1052 1240 1224 1283 credam
1242 1273 1250 1281 .
1274 1241 1445 1284 omnino
1478 1246 1619 1284 autem

136 1309 200 1352 ita
219 1308 385 1364 sentio,
418 1313 460 1351 et
479 1322 609 1363 posse
631 1313 673 1351 et
693 1308 852 1351 debere
877 1321 957 1350 nos
988 1308 1031 1350 in
1061 1309 1278 1363 plerisque
1307 1310 1370 1351 uti
1402 1310 1623 1364 orthogra-

136 1377 242 1433 phia
271 1377 433 1420 saeculi
455 1377 616 1432 quarti,
647 1390 790 1433 neque
819 1377 944 1419 nobis
964 1377 1205 1420 recentiora
1224 1377 1450 1421 admittere
1472 1379 1621 1422 licere:

72 1480 85 1492 .
137 1445 215 1488 sed
252 1459 460 1488 summam
492 1447 778 1488 constantiam
814 1446 857 1487 in
888 1445 1069 1488 dicendo
1102 1445 1385 1490 scribendove
1415 1453 1624 1502 quaerere

137 1514 270 1556 animi
308 1514 533 1556 illiberalis
565 1518 655 1556 est.
678 1528 745 1557 me
776 1514 947 1569 quidem
980 1514 1285 1569 Hertzbergius
1317 1516 1489 1559 studere
1519 1516 1624 1559 dicit

136 1586 184 1624 ut
202 1583 302 1625 libri
322 1583 407 1624 mei
433 1583 654 1625 saeculum
676 1583 847 1626 tertium
869 1582 1080 1625 decimum
1102 1582 1262 1626 referre
1289 1584 1544 1639 videantur,
1576 1585 1622 1627 in

136 1650 359 1705 Philologo
398 1650 714 1695 Schneidewini
753 1666 785 1693 11
822 1666 862 1707 p.
884 1652 968 1695 589
989 1665 998 1692 :
1028 1651 1106 1694 sed
1147 1652 1189 1694 in
1228 1656 1318 1694 tota
1353 1653 1429 1695 illa
1458 1653 1623 1709 pagina

136 1732 431 1774 quaecumque
467 1720 639 1775 scripsit
675 1734 761 1763 non
793 1721 947 1776 capio,
989 1721 1106 1762 velut
1135 1733 1228 1762 cum
1261 1720 1432 1764 fabulas
1463 1721 1621 1764 Aviani

136 1787 311 1830 saeculo
342 1787 491 1842 quinto
523 1790 652 1830 tutius
683 1788 871 1831 adscribi
904 1789 1006 1831 dicit
1036 1801 1164 1844 quam
1195 1790 1383 1832 secundo
1404 1823 1413 1833 .

253 1857 347 1900 130.
379 1870 505 1898 'runc
544 1871 643 1898 CUM.
670 1872 878 1899 ramis.
905 1859 1020 1900 Tunc
1052 1862 1153 1900 ante
1184 1863 1491 1902 consonantem
1523 1872 1619 1902 con-

134 1928 202 1966 tra
227 1928 454 1980 poetarum
476 1926 766 1980 antiquiorum
787 1939 911 1968 usum
941 1930 1119 1980 uterque
1141 1926 1277 1969 codex
1306 1932 1478 1983 praeter
1509 1929 1621 1971 hunc

134 1992 381 2046 locum-bis,
398 1993 443 2035 in
459 2009 530 2050 111,
554 1995 638 2037 710
655 2004 751 2036 tunc
761 1996 894 2051 periit
909 2029 919 2048 7
942 1995 987 2036 in
1004 2010 1048 2035 VI
1065 2028 1074 2050 ,
1098 1995 1182 2037 250
1198 2004 1294 2038 tunc
1306 2012 1385 2052 per
1400 2013 1415 2051 ;
1435 1997 1619 2051 quadra-

133 2064 201 2102 tus
221 2061 338 2103 solus
362 2062 478 2104 Tunc
490 2078 624 2118 porro
645 2077 686 2118 1,
707 2063 791 2105 4⁶26
814 2067 855 2105 et
878 2063 993 2106 Tum:
1013 2064 1194 2120 vthilare
1214 2077 1259 2104 1v
1276 2097 1285 2120 ‚
1316 2064 1400 2108 455
1418 2100 1427 2109 .
1450 2066 1495 2108 in
1517 2066 1620 2109 Ger-

133 2129 288 2171 manici
305 2131 594 2184 prognosticis
615 2132 635 2172 1
655 2165 664 2187 ,
686 2132 715 2173 4
735 2135 848 2174 recte
864 2132 960 2174 libri
977 2132 1177 2174 Fulmina
1194 2141 1280 2175 tum
1296 2135 1437 2177 crebro
1458 2135 1619 2177 iacula-

134 2205 203 2239 tur
222 2198 418 2254 Iuppiter
432 2231 444 2252 ,
477 2208 514 2241 et
534 2208 629 2242 tunc
650 2200 822 2242 Intonat
842 2201 1006 2242 emissis
1025 2200 1244 2243 violentior
1264 2202 1434 2258 {quibus
1455 2205 1595 2246 aether
1605 2222 1620 2259 ,-

136 2278 317 2319 quorum
339 2270 451 2309 certe
471 2267 591 2323 prius
622 2268 798 2324 impune
827 2268 982 2311 mutari
1013 2281 1099 2310 non
1129 2273 1298 2325 potest⁷
1330 2271 1444 2325 quod
1476 2276 1619 2315 tamen

134 2332 237 2375 fecit
259 2332 446 2377 Orellius
463 2366 473 2377 .
495 2337 572 2379 sed
593 2336 636 2378 in
667 2336 748 2379 hoe
778 2350 906 2380 versu
928 2338 1140 2379 Antonius
1161 2337 1286 2380 Marii
1307 2339 1514 2383 maiorem
1543 2341 1619 2382 lin·

138 2413 250 2455 guae
271 2401 453 2445 Latinae
482 2405 683 2459 peritiam
713 2404 906 2448 exhibuit
936 2419 1066 2460 quam
1097 2406 1394 2450 Wakefieldus
1425 2409 1617 2452 Eichsta-

135 2468 232 2511 dius
252 2469 490 2524 Forbiger:
522 2473 695 2529 scripsit
725 2475 838 2517 enim
868 2474 941 2516 ille
972 2474 1071 2517 ideo
1094 2489 1218 2530 TUM,
1251 2476 1351 2530 quia
1380 2479 1618 2532 praecessit

131 2553 223 2579 cum
241 2569 251 2578 .
272 2539 425 2592 nequis
457 2543 599 2584 tamen
630 2542 747 2585 nullo
778 2546 970 2598 tempore
1002 2542 1080 2585 has
1111 2544 1345 2599 particulas
1377 2559 1489 2600 quae
1519 2551 1618 2590 sunt

130 2621 223 2648 cum
244 2609 286 2648 et
305 2615 401 2649 tunc
421 2607 466 2650 in
494 2611 784 2653 enumerando
807 2610 1055 2653 coniunctas
1077 2625 1172 2655 esse
1194 2616 1339 2668 putet,
1370 2627 1457 2655 non
1488 2615 1615 2658 modo

130 2672 294 2716 librarii
314 2674 359 2716 in
376 2675 575 2719 Caesaris
598 2677 652 2720 de
668 2678 781 2721 bello
800 2679 968 2722 Gallico
986 2694 1056 2735 VI,
1078 2680 1155 2735 32,
1178 2681 1204 2723 5
1226 2681 1488 2736 scripserunt
1508 2684 1616 2726 hunc

129 2757 223 2784 cum
243 2743 422 2799 reliquis
442 2746 565 2787 rebus
587 2745 722 2788 locum
738 2748 944 2803 probarat
958 2781 969 2802 ,
1002 2757 1097 2790 temo
1120 2748 1236 2804 quod
1256 2750 1489 2805 superioris
1512 2754 1621 2795 anni

129 2811 379 2853 munitiones
394 2812 583 2868 inteqrae
597 2816 837 2869 manebant,
858 2819 898 2858 et
916 2816 959 2857 in
971 2815 1100 2858 Nonii
1116 2815 1270 2872 p.435,
1295 2818 1343 2858 17
1362 2831 1385 2860 e
1396 2817 1614 2864 Ciceronis

128 2877 183 2920 de
199 2877 350 2920 officiis
366 2893 406 2933 1,
433 2879 513 2921 123
527 2881 704 2924 lua-uria
719 2899 814 2926 vero
830 2900 922 2926 cum
939 2885 1056 2926 omni
1066 2885 1198 2925 aetati
1209 2887 1345 2941 turpis
1362 2895 1458 2929 tunc
1478 2905 1614 2931 senec-

128 2945 469 3001 tutzssfoedzlssz'ma
486 2957 544 2990 est
558 2981 569 3002 7
592 2948 670 2991 sed
686 2950 815 2992 etiam
831 2951 876 2992 in
894 2951 1113 2993 Iuvenalis
1132 2964 1262 2994 versu
1283 2954 1442 2997 satirae
1464 2970 1509 2997 1x
1534 2958 1613 3000 118

128 3013 340 3057 verissimi
363 3020 559 3059 auctores
581 3017 850 3061 tradiderunt
879 3019 1010 3074 haec,
1052 3020 1282 3063 Vz‘vendum
1302 3031 1410 3064 recte
1438 3034 1496 3066 est
1517 3042 1607 3068 cum
