2040 3328
445 237 523 280 158
1147 245 1210 286 III

441 349 553 392 fieldi
575 351 956 406 interpretationem
977 354 1176 408 intellego
1194 387 1203 396 .
1225 356 1365 410 itaque
1385 358 1484 400 mihi
1506 358 1608 401 haec
1639 359 1738 402 ferri
1760 374 1886 416 posse

441 431 525 459 non
568 418 788 474 videntur,
828 420 907 461 nisi
942 424 1039 474 post
1068 434 1233 463 versum
1263 424 1497 477 proximum
1526 426 1688 481 posita,
1720 428 1791 482 qui
1822 432 1887 470 est

440 485 625 540 Fulqz'da
651 488 897 540 praesertim
931 503 1021 528 cum
1057 504 1220 531 cernere
1249 506 1370 546 saepe
1398 494 1638 546 nequimus,
1659 494 1719 536 ita
1747 495 1884 548 enim,

440 552 598 606 inquit,
646 569 789 594 seusus
825 553 950 595 trahit
986 554 1168 608 lumina,
1206 556 1284 597 hoc
1319 561 1382 598 cst
1418 557 1538 600 dolor
1572 562 1750 603 tremere
1785 561 1888 603 facit

440 619 609 672 oculos,
649 632 805 673 eosque
841 633 867 661 a
910 619 1084 674 fulgidis
1126 622 1319 664 videndis
1363 627 1564 666 retractos
1607 625 1788 669 detrudit
1830 627 1912 669 ad·

439 687 556 741 zssosas
590 688 699 728 acies
731 691 771 728 et
807 687 1016 742 pupulas,
1053 702 1158 742 quas
1196 691 1280 732 iam
1317 691 1431 732 solas
1461 690 1631 746 vident,
1663 693 1886 737 luminibus

439 766 575 794 rerum
607 753 866 806 fulgidarum
896 756 996 810 quia
1017 757 1378 812 praepediuntur.

551 820 646 862 365.
676 834 837 866 NEQUE
867 834 1011 876 ENIM,
1044 836 1138 868 QUA
1169 838 1414 866 cERmMus
1445 839 1566 879 1PSI,
1599 825 1747 868 Os'nA
1778 842 1885 869 sus-

439 901 648 928 CIPIUNT
684 901 845 928 ULLUM
879 902 1100 930 RECLUSA
1139 904 1398 934 LABOREM.
1419 892 1588 934 Nullam
1617 893 1702 935 vim
1731 893 1887 936 habent

437 954 566 1008 haec,
599 971 682 1009 qua
711 957 915 997 cernimus
934 957 1044 1011 apsi.
1066 955 1190 998 debet
1219 971 1312 1000 csse
1331 975 1460 1014 neque
1489 961 1595 1002 enim
1610 992 1621 1013 ,
1652 973 1774 1006 QUIA
1802 977 1885 1003 cer-

437 1023 573 1063 nimus
602 1023 711 1077 ipsi,
741 1021 858 1063 Ostia
887 1046 938 1051 —
957 1055 965 1063 .

548 1088 643 1130 372.
676 1088 930 1130 coapoms
975 1103 1138 1135 A'rQUE
1179 1104 1319 1131 ANIMI
1363 1106 1634 1135 PRIMORDIA
1679 1109 1887 1136 smGULA

436 1169 603 1195 pansus
642 1155 891 1196 Anposxu
912 1188 920 1196 .
942 1156 1188 1198 Rectissime
1218 1158 1432 1201 Bentleius
1469 1160 1523 1202 ad
1555 1161 1718 1203 Horatii
1754 1166 1886 1205 artem

436 1222 642 1276 poeticam
673 1222 728 1264 60
761 1223 929 1278 sinqula
964 1237 1124 1264 PRIVIS
1161 1225 1390 1280 Adposita.
1414 1226 1466 1268 de
1502 1228 1710 1270 sententia
1739 1229 1887 1270 Demo-

437 1289 526 1330 criti
565 1302 821 1343 quamquam
858 1290 1029 1331 aliunde
1067 1304 1149 1332 non
1186 1296 1349 1335 constat
1383 1294 1523 1348 (certe
1559 1295 1808 1338 Mullachius
1844 1295 1887 1337 in

438 1357 677 1399 Democrito
698 1371 739 1411 p.
762 1358 842 1399 397
874 1356 980 1398 nihil
1010 1357 1136 1400 habet
1164 1360 1245 1400 nisi
1274 1360 1455 1402 Lucretii
1485 1361 1670 1416 versus),
1701 1365 1841 1404 tamen
1863 1375 1886 1403 e

436 1424 638 1478 proximis
661 1429 838 1478 apparet
859 1437 951 1466 eum
973 1425 1141 1478 singula
1169 1426 1297 1467 animi
1327 1427 1559 1481 primordia
1589 1428 1767 1482 singulis
1798 1441 1886 1470 coi·-

435 1492 550 1545 poris
586 1491 826 1545 primordiis
863 1492 1100 1533 alternatim
1137 1494 1332 1548 apposita
1370 1493 1577 1536 finxisse:
1613 1499 1743 1548 negat
1777 1495 1887 1537 enim

435 1558 653 1599 Lucretius
692 1559 858 1600 animae
888 1558 1119 1612 primordia
1152 1564 1236 1602 tam
1267 1561 1408 1615 parvis
1438 1561 1673 1605 intervallis
1703 1561 1812 1603 inter
1841 1573 1887 1603 se

436 1624 622 1673 distare„

546 1691 641 1733 374.
671 1693 783 1734 ΝΛΜ
819 1707 914 1734 CUM
949 1706 1108 1734 MULTO
1145 1707 1265 1734 SUNT
1302 1708 1489 1736 ΑΝΙΜΑΕ
1524 1708 1782 1736 ELEMENTA
1812 1709 1887 1736 Μι-

435 1773 558 1800 NORA
577 1791 585 1799 .
609 1759 847 1810 Quadratus
868 1762 1020 1813 anime,
1053 1762 1150 1803 Itali
1181 1767 1221 1804 et
1241 1762 1442 1804 Marullus
1472 1763 1656 1804 animai.
1678 1761 1757 1820 hoc
1778 1763 1886 1815 Aug.

438 1826 559 1867 Ferd.
581 1826 772 1882 Nakius,
794 1828 918 1869 homo
948 1828 990 1870 in
1021 1829 1166 1882 primis
1188 1828 1359 1883 acutus,
1390 1829 1431 1870 in
1453 1829 1593 1871 libello
1615 1828 1858 1871 academico
1877 1861 1887 1878 ‚

437 1894 509 1946 qui
549 1894 591 1934 in
618 1895 926 1948 'opusculorum
963 1895 1053 1936 eius
1095 1899 1207 1937 tomo
1244 1897 1377 1950 primo
1418 1909 1589 1938 recusus
1621 1901 1709 1950 est,
1738 1909 1780 1950 p.
1805 1895 1884 1936 183

437 1961 671 2015 speciosum
714 1973 807 2002 esse
844 1961 945 2002 dicit
980 1962 1035 2003 ad
1071 1963 1446 2004 commendandam
1477 1963 1693 2004 elisionem
1723 1962 1888 2004 Latinis

438 2028 625 2081 alioquin
663 2028 908 2070 insuavem.
931 2029 1080 2071 videor
1119 2029 1220 2070 mihi
1261 2030 1314 2072 de
1350 2030 1429 2071 hac
1465 2042 1510 2071 re
1544 2029 1680 2082 magis
1718 2028 1888 2071 definite

438 2095 685 2149 praecipere
721 2108 846 2150 posse
877 2111 885 2137 :
913 2095 988 2138 sed
1027 2095 1174 2137 horum
1209 2097 1507 2139 vocabulorum
1537 2097 1749 2151 omnium,
1779 2109 1888 2149 quae

438 2161 480 2201 in
502 2161 692 2203 vocalem
713 2163 867 2215 longae
888 2163 1024 2204 vocali
1046 2163 1114 2204 vel
1136 2163 1398 2218 diphthongo
1420 2163 1648 2205 subiectam
1670 2163 1886 2215 desinunt,

439 2232 634 2280 quattuor
664 2242 822 2282 genera
857 2234 1050 2272 accurate
1081 2229 1376 2284 distinguenda
1405 2234 1525 2284 sunt,
1562 2234 1608 2272 ut
1637 2230 1680 2271 in
1709 2229 1887 2283 singulis

438 2295 491 2336 de
523 2295 696 2337 elisione
734 2300 983 2350 quaeratur.
1005 2310 1089 2338 non
1126 2303 1190 2339 est
1228 2298 1339 2339 enim
1377 2297 1524 2339 eadem
1555 2296 1630 2338 sed
1660 2309 1816 2350 magna
1845 2297 1888 2337 in

439 2362 632 2404 omnibus
654 2362 879 2405 difficultas
897 2395 907 2417 ‚
939 2376 1030 2405 cum
1051 2364 1130 2406 sibi
1152 2365 1320 2407 vocales
1341 2369 1426 2406 tres
1457 2367 1731 2417 quattuorve,
1763 2366 1889 2416 atque

438 2429 645 2472 interdum
676 2429 886 2484 quinque,
927 2430 1180 2485 succedant,
1219 2430 1298 2472 hoc
1327 2434 1390 2472 est
1419 2443 1563 2472 morae
1593 2433 1791 2483 quattuor
1820 2429 1888 2471 vel

438 2497 621 2550 quinque
642 2497 710 2539 vel
731 2510 817 2550 sex,
840 2498 883 2538 in
905 2497 1011 2539 duas
1032 2497 1221 2552 syllabas
1242 2497 1300 2538 ita
1320 2496 1600 2551 coartandae,
1631 2501 1675 2538 ut
1703 2495 1747 2537 id
1777 2495 1889 2549 quod

439 2564 481 2605 in
502 2564 641 2606 medio
661 2568 736 2607 est
764 2564 950 2617 aliquam
981 2565 1046 2606 sui
1075 2564 1276 2618 ponderis
1306 2568 1468 2618 partem
1498 2564 1686 2605 amittat.
1709 2562 1889 2618 primum

439 2645 570 2685 genus
602 2635 690 2686 est,
723 2644 815 2673 cum
845 2632 887 2671 in
918 2630 998 2673 fine
1028 2631 1221 2673 vocabuli
1252 2635 1314 2673 est
1342 2631 1471 2684 longa
1501 2630 1660 2672 vocalis
1682 2633 1780 2672 ante
1801 2629 1888 2671 lon-

438 2712 535 2752 gam
556 2699 745 2741 vocalem
775 2699 865 2741 sive
895 2698 1224 2753 diphthongum,
1257 2698 1406 2752 quibus
1429 2698 1470 2738 in
1492 2698 1686 2751 proxima
1706 2696 1888 2738 dictione

438 2767 598 2808 vocalis
619 2767 819 2808 subicitur
836 2797 845 2807 .
867 2766 910 2806 in
942 2766 1018 2807 hoc
1039 2779 1193 2819 genere
1214 2765 1314 2806 mihi
1336 2771 1491 2806 certum
1513 2764 1680 2806 videtur
1700 2763 1888 2818 syllabas

438 2834 736 2875 vocabulorum
758 2833 977 2886 contiguas
997 2846 1222 2886 numquam
1253 2832 1539 2874 commisceri.
1562 2843 1696 2884 neque
1726 2830 1805 2871 hoc
1833 2827 1888 2870 de

439 2901 588 2941 Plauto
620 2901 755 2941 minus
782 2901 896 2942 valet
916 2913 1040 2953 quam
1063 2900 1117 2942 dc
1138 2901 1286 2942 ceteris
1304 2931 1313 2941 .
1337 2898 1450 2954 apud
1470 2897 1580 2940 hunc
1600 2897 1692 2939 sine
1713 2895 1888 2939 elisione

440 2967 580 3009 inveni
618 2967 748 3021 haec,
790 2968 971 3023 Mayuaz'
1005 2969 1072 3009 rei
1101 2968 1293 3023 publicai
1324 2967 1491 3022 qratia,
1522 2968 1607 3006 tum
1637 2962 1886 3017 comoediai,
