2040 3328
955 220 976 261 I
1647 224 1700 265 61

339 331 436 374 912.
468 331 619 373 IGNES
650 345 675 371 Ε
702 346 888 374 LIGNUM
905 364 915 374 .
938 333 1044 376 Cum
1066 333 1165 375 Itali
1186 333 1334 389 inepte
1356 336 1558 378 fecissent
1578 337 1703 392 anes

225 417 246 443 e
267 401 398 456 Zzssqm's
413 433 423 454 ,
455 399 750 443 Wakefieldus
772 401 894 455 quasi
916 415 996 457 per
1017 402 1218 444 nebulam
1250 402 1490 456 suspicatus
1521 404 1565 446 id
1595 406 1703 448 vidit

225 468 341 524 quod
360 467 633 511 manifestum
655 474 746 525 est,
769 485 825 510 m
849 471 1009 526 szqnum
1027 503 1036 512 .
1059 471 1229 513 viderat
1259 470 1339 513 hoc
1369 476 1469 514 ante
1491 485 1587 515 eum
1617 487 1703 516 cor-

223 540 363 580 rector
393 537 620 593 quadrati.

340 606 434 649 918.
497 607 637 648 HAEC
683 619 895 647 RATIONE
929 639 938 648 .
977 606 1199 650 Coi-rector
1244 609 1442 662 quadrati
1490 614 1531 652 et
1575 612 1704 653 ceteri

225 676 330 718 Hm
348 709 358 720 .

337 744 434 786 919.
466 745 589 787 Fmr
627 758 787 786 ornus
818 758 878 785 UT
909 758 1110 786 AEMULO
1130 778 1139 787 .
1170 745 1394 800 Oblongus
1417 747 1556 802 prima
1577 761 1706 790 manu

223 821 270 854 ut
290 813 423 855 emulo
440 844 449 854 .
471 812 568 854 Itali
598 816 639 853 et
665 812 863 867 impressi
896 814 963 854 uti
988 815 1080 855 risu
1111 828 1343 861 rssEMULo
1367 847 1375 855 .
1410 816 1453 856 in
1475 830 1506 854 11
1523 848 1532 865 ‚
1555 817 1637 859 976
1670 826 1707 858 et

222 882 317 923 ‘risu
346 881 520 923 tremulo
542 913 550 922 .

339 948 434 991 922.
474 949 577 991 Nnc
607 964 669 990 Mn
701 965 842 991 ANIMI
871 964 1046 992 FALmT
1231 951 1326 993 927.
1359 953 1522 993 TRITA
1555 967 1704 995 sono.

224 1017 314 1060 Hos
343 1029 493 1059 versus
526 1017 766 1061 Macrobius
798 1019 842 1060 in
872 1033 916 1059 V1
943 1018 1112 1061 Saturn.
1145 1033 1236 1075 cap.
1263 1020 1289 1061 2
1320 1020 1483 1075 profert
1513 1034 1565 1062 ex
1596 1022 1704 1064 libro

223 1085 362 1141 primo
392 1085 606 1142 Lucretii,
646 1087 827 1129 collatos
865 1100 958 1129 cum
998 1088 1259 1142 Vergilianis
1291 1088 1358 1130 his
1389 1102 1442 1130 ex
1474 1090 1706 1143 georgicon

223 1169 299 1209 111,
321 1154 432 1209 289,
468 1155 556 1196 Nec
583 1171 676 1197 sum
697 1156 835 1197 animi
851 1155 1003 1198 dubias
1019 1189 1029 1210 ,
1061 1158 1197 1199 verbis
1234 1173 1283 1199 ea
1313 1158 1476 1199 vincere
1506 1174 1705 1213 mayolum

225 1222 360 1274 Quam
381 1223 436 1264 sit
457 1231 493 1264 et
514 1225 706 1280 anqustiis
722 1224 829 1265 hunc
851 1224 1008 1266 addere
1028 1226 1150 1267 rebus
1171 1226 1363 1267 honorem
1380 1241 1392 1266 .·
1414 1225 1500 1268 Sed
1517 1242 1579 1267 me
1596 1226 1705 1268 Par-

223 1291 326 1332 nasi
341 1290 507 1332 deserta
519 1307 598 1347 per
614 1291 754 1333 ardua
775 1291 912 1333 dulcis
928 1293 1089 1348 Raptat
1106 1309 1222 1335 amor
1238 1326 1247 1335 .
1276 1295 1392 1335 iuvat
1412 1294 1475 1335 ire
1493 1295 1604 1350 z'uyz's
1622 1311 1707 1350 qua

223 1359 345 1400 nulla
360 1359 558 1415 priorum
580 1358 812 1401 Castaliam
833 1360 955 1402 molli
971 1359 1199 1402 devertitur
1221 1361 1355 1402 orbita
1376 1361 1481 1402 clivo
1501 1394 1509 1402 .
1528 1375 1704 1415 quorum

223 1426 422 1469 absoluta
442 1426 795 1482 interpretatione
812 1428 986 1470 Servius
1004 1428 1235 1483 adscripsit
1256 1429 1342 1470 Hic
1364 1438 1499 1470 autem
1522 1438 1627 1471 totus
1649 1431 1705 1473 lo-

223 1511 296 1537 eus
317 1494 367 1537 de
388 1495 585 1537 Lucretio
607 1496 838 1537 translatus
859 1505 918 1538 est
935 1513 947 1538 .·
969 1509 1046 1538 nec
1067 1501 1207 1552 potest
1228 1496 1414 1539 dubitari
1435 1498 1535 1550 quin
1558 1498 1705 1552 Vergi-

221 1563 304 1605 lius
334 1562 412 1606 hos
443 1577 593 1606 versus
623 1564 667 1605 in
698 1564 808 1606 libro
840 1564 977 1619 primo
1002 1565 1183 1620 scriptos
1204 1565 1384 1618 legerit.
1408 1565 1543 1607 nihilo
1565 1567 1705 1609 minus

223 1635 265 1674 et
284 1631 435 1673 horum
456 1635 647 1675 extrema
668 1636 710 1674 et
730 1646 842 1686 quae
873 1638 1071 1675 secuntur
1094 1634 1260 1675 Nonius
1288 1646 1334 1675 se
1356 1634 1400 1674 in
1423 1633 1531 1675 libro
1554 1639 1704 1688 quarto

221 1700 382 1754 legisse
405 1704 586 1742 testatur
608 1715 648 1756 p.
668 1701 764 1756 319,
790 1701 837 1743 15
855 1701 950 1756 252,
969 1701 994 1743 8
1012 1701 1110 1756 413,
1139 1703 1190 1744 16
1210 1702 1302 1757 190,
1322 1701 1377 1744 24
1393 1701 1488 1754 241,
1506 1702 1558 1743 31
1579 1736 1588 1745 .
1611 1716 1721 1744 auc-.-

222 1769 372 1811 toritas
403 1769 631 1823 utrobique
662 1783 802 1824 paene
833 1783 911 1824 par
943 1774 1032 1825 est,
1074 1771 1265 1812 carmina
1302 1770 1398 1824 ipsa
1429 1769 1538 1811 libro
1569 1771 1703 1825 primo

222 1837 695 1892 accommodatissima,
727 1851 813 1879 non
845 1838 982 1891 quarti
1014 1838 1290 1893 prohoemio,
1324 1837 1391 1879 cui
1413 1837 1543 1879 multo
1566 1838 1704 1880 minus

223 1905 482 1948 conveniunt
512 1906 587 1948 illa
604 1939 613 1961 ,
652 1907 922 1963 Relthz'onum
958 1908 1143 1949 animum
1180 1907 1302 1949 nodis
1342 1907 1551 1948 eoesolvere
1571 1922 1705 1962 perqo

222 1973 303 2030 (sic
325 1975 438 2016 enim
459 1974 685 2029 utrobique
706 1975 983 2017 membranae
1001 2008 1010 2030 ,
1034 1988 1119 2016 non
1141 1974 1352 2028 animos),
1376 1987 1503 2028 quam
1525 1975 1561 2016 si
1584 1987 1704 2032 praef

224 2043 401 2085 cesserit
429 2046 475 2084 ut
505 2042 549 2084 in
580 2043 717 2098 primo
758 2043 883 2085 Nunc
922 2059 1023 2099 aye,
1057 2042 1170 2098 quod
1198 2059 1324 2098 super
1356 2051 1414 2084 est
1444 2058 1638 2098 coquo-sce
1669 2052 1705 2084 et

222 2111 383 2153 clarius
404 2111 514 2153 audi
523 2144 534 2166 ,
559 2124 611 2153 ex
634 2124 718 2166 quo
739 2111 1028 2165 intellegimus
1051 2114 1220 2165 poetam
1242 2111 1286 2152 id
1304 2123 1434 2164 agere
1455 2114 1501 2151 ut
1516 2110 1704 2151 Memmii

221 2179 408 2221 animum
440 2179 722 2234 religionibus
753 2180 896 2222 solvat
923 2214 932 2224 .
970 2178 1047 2221 sed
1088 2179 1167 2221 etsi
1199 2177 1482 2221 concedamus
1513 2177 1619 2219 haec
1648 2178 1702 2220 ab

222 2252 405 2302 utroque
435 2249 530 2290 loco
562 2261 646 2290 non
678 2248 824 2290 aliena
845 2261 965 2302 esse,
989 2251 1130 2290 tamen
1154 2247 1309 2301 quibus
1331 2246 1524 2289 versibus
1546 2246 1704 2300 aliquis

221 2317 306 2359 iam
339 2331 443 2359 usus
474 2317 530 2359 sit
561 2321 661 2372 apto
683 2317 805 2371 loco,
838 2317 1013 2360 eosdem
1039 2317 1329 2358 ini-evocatum
1352 2315 1507 2357 iterare
1528 2315 1572 2356 in
1594 2315 1704 2356 alius

222 2385 322 2428 libri
344 2385 593 2440 prohoemio
615 2389 658 2428 et
677 2385 882 2440 pauperis
904 2384 1063 2438 ingenii
1082 2388 1146 2427 est
1167 2387 1208 2426 et
1223 2383 1383 2425 nullius
1405 2383 1551 2426 iudicii
1570 2417 1579 2425 .
1603 2396 1703 2438 quo-

221 2467 314 2496 rum
345 2454 450 2508 quia
478 2457 675 2496 neutrum
697 2454 741 2496 in
762 2454 1006 2496 Lucretium
1035 2452 1175 2508 cadit,
1207 2452 1439 2507 Forbiger,
1472 2455 1518 2493 ut
1551 2456 1614 2494 est
1644 2452 1703 2493 in-

222 2520 407 2564 feliciter
436 2535 603 2577 sagax,
634 2522 678 2564 in
699 2522 809 2564 libro
830 2521 968 2576 primo
992 2519 1314 2577 διασκευαστὴν
1336 2520 1564 2562 odoratur:
1594 2519 1702 2561 hunc

197 2586 200 2589 ’
221 2590 522 2648 θυρσοπλῆγα
539 2590 674 2634 fuisse
691 2591 878 2646 mavult,
898 2590 1142 2632 Lucretium
1159 2604 1244 2632 non
1262 2589 1395 2632 credit
1411 2622 1420 2642 ,
1439 2600 1575 2641 neque
1593 2587 1702 2628 hunc

221 2659 320 2702 illos
343 2658 513 2702 divinos
535 2672 686 2702 versus
708 2659 899 2701 fudisse:
931 2658 1190 2713 Vergilium,
1214 2658 1317 2712 quia
1338 2657 1460 2699 simul
1482 2655 1598 2698 aliud
1622 2655 1700 2695 Lu-

222 2727 340 2770 cretii
363 2740 535 2771 carmen
556 2728 600 2769 in
623 2741 748 2770 usum
770 2741 894 2769 suum
916 2727 1125 2769 convertit
1143 2759 1152 2780 ,
1176 2725 1288 2780 quod
1311 2724 1434 2766 estin
1455 2723 1563 2765 libro
1582 2736 1627 2776 v,
1646 2722 1698 2764 97

219 2797 309 2839 Neo
324 2812 388 2839 ‘me
403 2797 542 2838 animi
547 2796 672 2852 fallit
688 2820 742 2826 —
760 2811 886 2851 quam
900 2794 1077 2851 dffflcile
1094 2793 1144 2835 id
1156 2793 1329 2835 mz'hz'sz't
1349 2792 1593 2847 pervincere
1617 2789 1701 2831 dz‘e-
1730 2789 1734 2793 “

221 2865 275 2907 tis
289 2897 301 2919 ,
323 2877 377 2907 cx
398 2864 506 2907 libro
528 2864 666 2920 primo
688 2863 794 2905 nihil
816 2863 1051 2918 sumpsisse
1073 2860 1292 2915 adfirmat,
1317 2872 1410 2901 cum
1430 2863 1573 2900 tamen
1596 2862 1637 2900 et
1657 2858 1701 2898 in

222 2933 531 2975 sententiarum
562 2931 858 2974 coniunctione
895 2934 936 2972 et
970 2931 1014 2971 in
1052 2929 1125 2970 illo
1159 2928 1278 2970 dulci
1303 2943 1443 2969 amore
1472 2926 1701 2969 manifesta

221 3000 305 3043 sint
321 3001 570 3044 imitationis
591 3000 798 3054 vestigia,
820 2999 1019 3051 idemque
1037 2996 1251 3051 Vergilius
1269 3009 1321 3038 ex
1337 2995 1401 3037 his
1418 2995 1494 3037 illa
1509 2994 1699 3049 petierit,
