2040 3328
395 246 472 288 126
1093 246 1135 286 ΙΙ

502 356 596 399 905.
637 369 1000 401 011Α11011111011Ε
1035 369 1250 396 VIDEMUS
1278 356 1477 398 MOLLIA
1511 390 1519 398 .
1559 358 1690 399 Immo
1732 374 1837 414 quae

392 436 582 464 CUNCTA
613 422 797 464 videmus
827 421 978 462 Mollia
1007 421 1178 462 mortali
1202 424 1419 465 consistere
1448 439 1615 479 corpore
1644 434 1779 468 creta.

502 490 597 531 908.
632 502 822 528 0111111111.-
862 501 953 527 Aur
990 500 1174 527 SENSUM
1212 502 1382 529 PARTIS
1411 503 1603 530 HABERE
1633 491 1736 532 Aur
1766 506 1834 532 SI-

389 570 520 596 111118
551 565 695 595 10118
727 567 1026 594 ANIMALIBUS
1057 567 1170 594 Essa
1200 568 1376 595 PUTARI
1403 587 1411 595 .
1439 556 1600 598 Similis
1629 557 1836 611 oblongus

393 628 434 665 et
464 622 562 663 olim
592 621 811 676 impressi:
844 619 1073 674 quadratus
1104 625 1145 662 et
1166 621 1370 663 Antonius
1391 622 1512 663 Marii
1542 624 1698 666 similes
1719 655 1728 665 .
1749 625 1835 667 Ma-

388 689 523 730 rullus
543 690 630 730 Aut
650 689 810 729 similia
840 689 956 739 totis,
988 687 1135 728 eodem
1167 699 1307 729 errore
1335 700 1418 741 quo
1449 701 1577 742 supra
1596 690 1677 732 693
1706 691 1834 745 serip-

388 760 501 798 serat
530 755 610 796 duo
639 755 721 795 siut
751 769 801 795 ea:
830 754 1014 795 omuibus
1051 753 1223 795 eadem.
1255 754 1519 796 scribendum
1557 759 1621 796 est
1654 757 1741 798 Aut
1773 771 1834 796 81-

387 837 490 863 M1L1
521 823 612 863 totis
643 821 893 862 animalibus
922 820 1081 862 seilicet
1110 833 1236 862 sensu
1266 836 1350 862 esse
1370 822 1546 876 putari.

498 889 593 931 910.
625 890 726 928 Aur
755 901 1046 932 NEQUEANT.
1076 886 1404 929 Marullus'Ar:
1442 887 1518 929 sed
1548 886 1658 929 idem
1687 900 1832 943 perpe-

388 970 474 999 ram
500 956 661 1012 parteis
678 986 686 995 .

497 1023 593 1068 911.
632 1022 840 1066 NAMQUE
880 1034 1026 1061 Amos
1068 1034 1243 1060 SENSUS
1282 1034 1586 1062 MEMBRORUM
1626 1035 1831 1062 RESPUIT

387 1103 564 1131 OMNIS.
596 1087 836 1138 Quadratus
867 1088 979 1128 alius
999 1119 1008 1128 .
1042 1086 1143 1141 quid
1173 1091 1298 1141 poeta
1329 1088 1508 1129 voluerit
1537 1087 1709 1129 dubium
1740 1101 1832 1130 esse

385 1170 467 1198 non
506 1160 670 1211 potest:
707 1158 835 1206 negat
872 1154 982 1195 enim
1017 1154 1203 1195 membra
1242 1155 1410 1208 singula
1447 1167 1636 1196 seorsum
1675 1155 1831 1197 sentire

384 1236 535 1278 posse,
557 1222 714 1276 quippe
735 1234 843 1274 quae
865 1220 919 1262 ad
941 1220 1056 1261 aliud
1078 1219 1337 1275 referantur,
1362 1221 1438 1262 hoe
1459 1224 1522 1262 est
1543 1220 1597 1261 ad
1619 1221 1801 1263 animam
1820 1253 1830 1264 .

385 1303 519 1344 neque
551 1290 628 1330 1100
659 1287 831 1329 difficile
863 1292 926 1329 est
948 1301 999 1329 ex
1020 1287 1159 1330 verbis
1183 1288 1333 1329 leviter
1353 1287 1558 1342 corruptis
1580 1288 1829 1331 extundere.

383 1357 552 1412 scripsit
586 1359 713 1410 poeta
747 1356 938 1410 Namque
967 1368 1080 1394 ALIO
1120 1370 1263 1396 seusus
1297 1355 1566 1396 membrorum
1603 1368 1829 1396 RESPICIT

383 1426 514 1467 omnis
535 1455 544 1464 .
575 1423 760 1477 priorum
792 1425 963 1463 conatus
994 1420 1237 1463 examinare
1267 1421 1370 1462 nibil
1400 1421 1574 1463 attinet.

495 1491 590 1533 923.
628 1489 709 1531 Slc
730 1503 905 1529 ITIDEM
926 1502 1019 1534 Qum
1041 1501 1279 1528 SENTIMUS
1301 1501 1505 1527 smmum
1526 1501 1800 1530 uncmsssss'r
1818 1520 1826 1529 .

382 1559 623 1611 Quadratus
645 1556 950 1611 Sicucz'demque
966 1571 979 1596 :
1007 1559 1215 1596 corrector
1242 1553 1437 1608 quadrati
1467 1554 1603 1597 Sicuti
1619 1554 1794 1610 denique
1815 1587 1826 1598 .

380 1626 643 1670 verissimum
679 1627 742 1666 est
778 1623 892 1677 quod
927 1622 1054 1664 habet
1085 1621 1320 1675 oblonguS,
1352 1621 1427 1662 sed
1458 1620 1511 1662 ab
1542 1633 1592 1662 eo
1622 1621 1714 1663 loco
1745 1635 1827 1676 quo

380 1694 580 1747 scriptum
610 1691 763 1744 legitur
792 1689 978 1731 alienum
1003 1721 1012 1731 .
1040 1690 1183 1742 itaque
1212 1689 1316 1730 haee
1345 1687 1400 1729 ad
1430 1688 1652 1742 superiora
1679 1689 1826 1731 referri

380 1762 535 1803 debent
551 1791 560 1800 .
591 1759 678 1812 sie,
709 1758 869 1811 inquit,
908 1757 942 1798 si
979 1755 1210 1810 primordia
1248 1755 1348 1796 totis
1386 1755 1636 1796 animalibus
1672 1755 1827 1796 similia

379 1833 477 1870 sunt
506 1839 658 1879 sensu,
691 1837 743 1866 ea
772 1837 880 1878 quae
910 1836 987 1864 nos
1017 1822 1218 1865 sentimus
1247 1822 1390 1864 itidem
1420 1822 1604 1863 sentiunt
1634 1853 1643 1862 .
1680 1835 1732 1864 ex
1762 1821 1827 1863 his

379 1899 519 1937 autem
551 1893 651 1946 quia
681 1891 947 1944 consequitur
967 1903 1018 1932 ea
1037 1890 1234 1931 mortalia
1254 1901 1419 1943 quoque
1441 1901 1563 1942 esse,
1595 1889 1733 1930 statim
1764 1902 1827 1930 su-

379 1962 480 2004 bicit
509 1963 636 2015 poeta
665 1958 750 2009 Qui
765 1966 963 2014 poterunt
991 1958 1121 2012 iqitur
1140 1971 1277 1998 rerum
1294 1954 1530 2011 primordia
1550 1955 1640 1997 dici
1649 1987 1661 2008 7
1682 1955 1737 1996 Et
1757 1955 1831 1996 leti

377 2031 509 2071 vitare
537 2027 628 2068 vias
646 2058 655 2076 ‚
687 2025 890 2066 animalia
920 2040 1010 2065 cum
1040 2025 1123 2065 siut

490 2094 585 2136 918.
622 2094 802 2137 ADQUE
838 2104 1135 2131 ANIMALOEUS
1170 2102 1481 2130 MORTALmth
1517 2103 1610 2130 UNA
1641 2103 1826 2130 EADEM-

378 2161 508 2208 QUE?
549 2161 625 2202 Hie
661 2158 866 2200 Marullus
904 2159 1040 2214 Atque
1077 2158 1326 2199 animalibus
1361 2159 1444 2198 sint
1471 2157 1712 2198 mortalibus
1741 2172 1826 2198 uua

378 2229 596 2283 eademque
612 2259 622 2280 ‚
644 2228 734 2268 sine
755 2239 882 2267 sensu
904 2257 912 2266 .
940 2238 1076 2278 neque
1096 2224 1244 2266 melius
1266 2223 1554 2266 Wakefieldus
1575 2223 1826 2265 animalibus

375 2298 420 2338 iu
449 2295 690 2336 mortalibus
705 2309 719 2347 ,·
748 2292 862 2347 quod
893 2292 946 2333 ab
967 2293 1256 2346 Havereampo
1285 2290 1489 2344 sumpsit,
1511 2289 1582 2343 qui
1613 2288 1722 2331 falso
1751 2289 1823 2331 ad-

375 2361 519 2404 scribit
548 2351 731 2414 oblongo
754 2391 764 2401 .
786 2358 1010 2412 legendum
1038 2363 1102 2400 est
1122 2358 1324 2399 animalia
1344 2373 1433 2398 cum
1454 2358 1537 2399 sim
1565 2355 1796 2411 primordia
1811 2388 1822 2410 ‚

375 2429 525 2484 Adque
554 2440 790 2468 ANIMALIA
829 2440 935 2466 SINT
964 2425 1206 2467 mortalibus
1235 2441 1320 2466 uua
1349 2424 1594 2479 eademque,
1624 2423 1702 2465 hoc
1731 2427 1820 2477 est,

376 2502 417 2538 et
446 2509 539 2538 cum
568 2508 636 2537 res
666 2493 878 2535 animatae
907 2506 992 2534 non
1023 2491 1221 2534 differant
1250 2505 1276 2533 a
1305 2490 1550 2532 mortalibus
1568 2521 1579 2531 .

487 2563 582 2604 919.
626 2575 880 2602 ABEORETU
926 2573 1264 2604 coummann
1287 2591 1296 2599 .
1324 2558 1556 2600 Brixiensis
1600 2556 1728 2599 editio
1771 2558 1822 2599 ab

375 2646 419 2672 eo
448 2631 582 2683 coitu,
603 2629 765 2671 Veneta
794 2629 845 2669 ab
876 2643 919 2669 eo
940 2635 1056 2680 ortu,
1080 2626 1283 2667 Marullus
1314 2626 1366 2666 ab
1395 2634 1507 2666 coetu
1528 2655 1537 2666 .
1559 2624 1667 2665 hune
1695 2625 1822 2666 ceteri

373 2698 505 2739 secuti
540 2701 663 2738 sunt:
703 2694 778 2736 sed
817 2708 908 2736 eum
939 2694 1155 2736 Lueretius
1192 2697 1289 2735 ante
1326 2709 1347 2733 c
1382 2693 1561 2734 litteram
1600 2705 1766 2746 semper
1795 2708 1821 2733 a

373 2764 551 2817 dixerit,
573 2780 599 2804 a
620 2764 732 2804 cuo-is
748 2795 758 2811 ‚
780 2779 806 2803 a
827 2763 937 2803 caelo
951 2794 961 2814 ⁷
994 2778 1020 2802 a
1040 2762 1150 2802 caeli
1159 2793 1170 2815 7
1203 2777 1228 2802 a
1249 2769 1354 2802 certo
1371 2792 1382 2813 7
1412 2775 1439 2800 a
1459 2775 1627 2814 corpore
1642 2791 1653 2812 ,
1682 2759 1820 2813 potius

373 2831 641 2871 scribendum
672 2833 734 2871 est
755 2829 876 2879 Quod
903 2838 1034 2870 tamen
1066 2837 1110 2869 ut
1130 2829 1322 2883 possint,
1354 2842 1412 2867 Ar
1442 2840 1604 2866 COETU
1635 2826 1820 2868 concilio-

373 2913 450 2952 que
479 2897 556 2938 Nil
571 2897 763 2951 facient.
