2040 3328
388 244 469 284 284
1090 245 1126 285 V

387 363 520 396 cero-ae
552 354 657 396 foret
687 355 812 395 avide
842 355 983 395 neseio
1013 354 1113 408 quid
1136 358 1360 408 expetens,
1383 356 1496 397 nullo
1519 360 1654 397 autem
1678 357 1829 410 modo,

388 421 499 473 quod
530 421 776 474 interpretes
807 421 1042 462 castissimo
1073 420 1262 474 scriptori
1294 421 1475 464 tribuere
1505 435 1587 463 non
1610 428 1827 478 verentur,

388 487 511 528 avide
551 491 755 540 occupata
791 500 924 540 eaque
962 487 1110 540 ingens
1148 490 1189 529 et
1224 491 1346 528 vasta
1366 519 1375 528 .
1407 488 1489 530 iam
1522 490 1645 543 igitur
1674 503 1830 544 quaero

387 557 521 593 utrum
554 554 811 606 probabilius
841 554 918 607 sit,
942 554 1231 596 Lueretiumne
1260 555 1428 607 proprio
1456 559 1496 596 et
1525 556 1739 610 aptissimo
1760 571 1830 599 vo-

387 619 562 673 cabum,
587 619 699 672 quod
731 620 783 661 ab
814 620 891 662 hoe
922 621 1147 675 improprio
1179 624 1304 673 atque
1325 626 1467 663 eoaeto
1488 623 1560 664 vix
1581 622 1743 664 duabus
1767 624 1831 665 lit-

386 685 529 727 terulis
552 685 743 741 differat,
767 688 824 728 uti
849 687 1031 729 noluisse
1050 719 1058 741 ,
1081 700 1134 728 an
1156 687 1350 728 librarios
1372 687 1436 729 his
1455 688 1649 730 litterulis
1667 703 1830 743 permu-

386 752 524 793 tandis
546 754 726 795 orationi
757 754 892 795 labem
924 754 1112 795 attulisse
1135 786 1143 795 .
1168 754 1265 794 mihi
1298 768 1349 795 ne
1372 754 1643 796 dubitandum
1664 755 1830 808 quidem

385 818 548 860 videtur
576 821 672 873 quin
704 825 829 875 poeta
859 821 926 862 hie
955 825 998 862 ut
1027 821 1182 874 ubique
1211 821 1388 875 simplici
1418 821 1595 862 veritate
1615 825 1831 864 contentus

386 887 600 940 scripserit
619 887 723 929 Imle
745 902 962 933 ALlQUAM
987 896 1146 942 parte-m
1162 920 1172 940 ,
1194 877 1453 929 sive‘alabam
1469 919 1479 940 ,
1500 890 1545 928 ut
1572 886 1698 928 habet
1725 888 1831 929 alico

387 953 617 1005 quadratus
647 955 689 994 in
722 968 778 1006 111,
799 954 912 1006 223,
941 953 1134 1006 idemque
1164 970 1253 994 cam
1283 954 1326 994 in
1357 953 1504 995 eodem
1538 954 1642 1006 100,
1669 957 1714 994 ut
1742 953 1831 996 dixi

385 1019 440 1060 ad
469 1034 524 1073 lv,
550 1021 627 1061 116
646 1052 654 1060 .

497 1087 590 1128 205.
623 1088 973 1131 Ansmuusoni:
1005 1099 1145 1126 onia.
1178 1087 1316 1129 Habet
1345 1088 1505 1129 Nonius
1536 1100 1576 1141 p.
1597 1087 1761 1143 487,2.

497 1154 589 1195 208.
621 1167 868 1196 consum-A
899 1167 1098 1192 ommim
1119 1185 1128 1194 .
1161 1154 1256 1195 Itali
1289 1159 1328 1196 et
1358 1155 1548 1209 impressi
1581 1169 1813 1195 monum.

497 1219 589 1260 209.
622 1234 957 1260 rnoseinnnnn
982 1234 1120 1259 ATRIS
1143 1252 1151 1260 .
1174 1220 1391 1263 Correetor
1413 1221 1581 1274 oblongi
1604 1235 1830 1263 ARATMS.

386 1285 616 1338 quadratus
648 1286 756 1328 hune
787 1300 950 1328 versum
981 1300 1064 1328 non
1096 1287 1246 1329 habet.

495 1353 591 1393 211.
623 1355 926 1399 TERRAEQUE
959 1367 1114 1394 SOLUM
1137 1386 1146 1396 .
1168 1355 1215 1395 In
1246 1354 1354 1396 libro
1376 1369 1401 1409 1,
1419 1355 1501 1396 212
1521 1356 1728 1410 oblongus
1757 1369 1832 1411 pro

385 1432 499 1460 more
523 1421 731 1475 Tem-aque
745 1454 756 1474 ‚
779 1421 1007 1475 quadratus
1033 1422 1229 1476 Ter-rique
1244 1454 1255 1474 ‚
1279 1425 1485 1463 corrector
1511 1422 1682 1476 oblongi
1710 1424 1833 1464 TER·

384 1501 531 1532 RAIQU
544 1501 566 1526 Ε
590 1519 597 1527 .
620 1487 860 1528 Priseianus
882 1501 922 1541 p.
939 1486 1020 1529 865
1037 1488 1255 1530 Lucretius
1271 1504 1470 1529 (tetrarum
1486 1490 1615 1530 ez'mm
1630 1489 1688 1530 ad
1702 1498 1831 1531 ortus.

385 1554 445 1594 sie
475 1554 543 1595 ille
574 1554 731 1595 librarii
755 1567 894 1596 errore
916 1553 1115 1607 deeeptus
1135 1587 1144 1608 ‚
1168 1571 1395 1607 aurarum,
1417 1567 1508 1595 eum
1538 1555 1574 1596 is
1595 1556 1832 1608 grammati-

386 1633 456 1661 cus
480 1633 600 1673 quem
634 1621 830 1662 exscribit
860 1620 1047 1662 dedisset
1073 1622 1293 1663 Lucretius
1324 1621 1373 1662 de
1402 1630 1555 1662 natura
1583 1638 1721 1664 rerum
1742 1657 1751 1666 .
1774 1624 1834 1665 Sic

385 1687 548 1728 Probus
569 1702 607 1742 p.
624 1688 730 1729 1394
751 1689 968 1729 Lueretius
989 1689 1034 1728 ‘in
1054 1696 1165 1729 sea-co
1187 1687 1290 1729 libro
1307 1687 1356 1729 de
1376 1703 1514 1729 rerum
1534 1697 1708 1742 natm-a,
1729 1689 1833 1731 Cha-

386 1754 509 1795 risius
539 1768 579 1808 p.
601 1755 678 1796 185
710 1755 928 1796 Lucretius
949 1754 998 1796 de
1017 1755 1137 1796 rebus
1158 1755 1419 1795 naturalibus
1440 1756 1555 1796 teo-clo
1577 1788 1584 1796 .
1608 1755 1713 1797 liber
1733 1769 1832 1809 qua-

386 1821 558 1875 dratus,
582 1834 701 1875 quem
734 1821 1110 1876 subscriptionibus
1138 1834 1281 1863 earere
1309 1821 1420 1875 dixi,
1442 1821 1484 1862 in
1514 1822 1648 1875 prima
1676 1823 1835 1876 pagina

386 1887 489 1929 haee
524 1888 682 1942 habet,
714 1889 761 1928 Τ.
794 1887 963 1941 (nomen
995 1887 1179 1943 erasum)
1217 1902 1276 1928 nn
1314 1902 1509 1928 PnlsicA
1541 1902 1701 1930 RERUM
1731 1903 1833 1930 ORI-

386 1969 497 1994 GINE
529 1970 618 1995 VEL
650 1969 863 1995 EFFECTU
894 1969 1037 1995 LIBER
1067 1969 1244 1996 PRIMUS
1276 1969 1462 1995 INCIPIT
1493 1969 1542 1997 1⁴*-
1586 1984 1588 1986 ·

495 2023 590 2064 213.
622 2023 687 2063 ΕΤ
719 2037 876 2062 TAMEN
900 2055 907 2063 .
941 2022 1063 2076 Apud
1086 2022 1341 2064 Maerobimn
1373 2022 1417 2063 in
1438 2023 1604 2064 Saturn.
1627 2036 1680 2076 vi,
1698 2023 1724 2063 2
1752 2022 1838 2065 Sed

386 2097 544 2142 tamen,
574 2089 727 2131 deinde
758 2092 843 2131 Aut
872 2090 996 2131 m‘mv's
1026 2098 1210 2143 torrens,
1236 2094 1445 2143 postremo
1476 2089 1647 2131 violento
1676 2090 1835 2131 turbine

385 2165 572 2197 versant.

498 2223 590 2266 223.
623 2237 855 2264 iunximus
887 2237 1003 2263 OMNI
1026 2255 1035 2265 .
1069 2223 1286 2265 Correetor
1317 2223 1485 2276 oblongi
1518 2237 1740 2264 mmo-us.

499 2290 592 2331 227.
624 2305 668 2330 in
699 2304 810 2330 VITA
842 2305 898 2329 ni:
929 2305 983 2330 ΕΤ
1015 2303 1310 2330 TRANSJREST
1348 2303 1579 2338 MALORUM
1603 2322 1612 2332 .
1644 2289 1834 2340 Quadra-

386 2361 450 2397 tus
485 2358 681 2399 Transire
702 2366 788 2399 esc.
821 2357 933 2412 apud
965 2357 1226 2398 Lactantium
1258 2355 1310 2398 de
1342 2356 1503 2410 opificio
1535 2357 1602 2398 dei
1625 2357 1728 2410 111,2
1756 2370 1834 2396 Ra-

387 2437 501 2463 STET
531 2438 766 2464 TRANSIRE
785 2457 794 2466 .

498 2491 592 2534 230.
638 2492 777 2532 ARME
820 2505 1047 2532 nurmms
1076 2523 1084 2532 .
1125 2491 1342 2533 Coi-rector
1386 2490 1580 2543 quadrati
1625 2493 1666 2532 et
1708 2491 1835 2532 ceteri

387 2561 586 2609 ALMAE.

497 2626 591 2668 235.
624 2627 886 2667 PRINCIPIO
910 2658 918 2666 .
941 2626 1019 2667 Hie
1049 2628 1174 2680 poe‘ta
1204 2637 1255 2666 ea
1284 2628 1464 2666 tractare
1495 2623 1640 2678 incipit
1661 2636 1771 2677 quae
1790 2637 1836 2665 se

386 2697 574 2734 aeturum
614 2694 803 2748 promisit
839 2706 966 2747 supra
1000 2705 1134 2746 usque
1170 2690 1223 2733 ad
1262 2703 1427 2732 versum
1462 2691 1570 2732 109.
1602 2689 1696 2731 huie
1725 2694 1836 2731 reete

387 2760 583 2814 subiungi
628 2761 763 2815 poluit
805 2761 1022 2815 Principio
1043 2775 1056 2800 .-
1086 2771 1195 2799 nune
1217 2790 1226 2812 ‚
1259 2757 1358 2812 quia
1406 2756 1575 2798 diversa
1622 2757 1837 2799 interiecta

387 2832 483 2868 sunt
503 2860 513 2881 ,
545 2841 656 2870 nova
694 2827 941 2869 transitione
977 2839 1081 2881 opus
1123 2829 1213 2868 erat
1233 2857 1242 2878 ,
1274 2829 1319 2866 ut
1356 2836 1554 2877 quorsum
1593 2824 1695 2865 haee
1733 2822 1835 2865 refe-

388 2894 519 2934 renda
549 2899 690 2936 essent
719 2894 906 2946 intellegi
937 2898 1080 2948 posset
1110 2926 1117 2934 .
1158 2905 1258 2945 ergo
1295 2891 1362 2932 hie
1390 2903 1534 2932 rursus
1569 2890 1835 2944 perspicuum

388 2965 450 3002 est
482 2965 648 3016 poetam
673 2966 713 3003 et
742 2960 806 3002 his
838 2964 877 3001 et
908 2961 990 3001 illis
1013 2961 1111 3001 olim
1134 2958 1301 3012 seriptis
1323 2958 1408 2999 alia
1428 2957 1680 3010 inseruisse,
1701 2967 1835 3008 neque
