2040 3328
376 230 455 272 150
871 231 876 234 ’
1065 196 1127 271 IIl

373 340 648 396 grammatica
678 335 932 382 Germanica
967 344 992 381 t.
1015 354 1062 380 111
1082 354 1122 394 p.
1145 341 1252 383 745:
1284 342 1474 386 Handius
1505 343 1660 385 frustra
1689 347 1819 397 negat

373 408 601 451 Tursellini
634 411 661 448 t.
685 421 727 447 1v
747 421 787 461 p.
813 407 888 448 167
913 411 953 447 et
974 407 1054 449 255
1077 438 1086 448 .
1109 411 1290 449 ceterum
1311 409 1459 450 Lucilii
1481 423 1627 452 versus
1647 410 1689 452 in
1711 410 1820 452 hunc

374 469 542 517 modum
565 474 728 515 restitui
747 474 872 515 debet
889 506 898 527 ,
921 473 1006 516 Sed
1022 482 1155 516 tamen
1170 476 1242 516 hoc
1263 475 1379 517 dicas
1395 477 1499 531 quid
1511 486 1594 518 rest
1608 510 1619 531 7
1635 479 1678 519 si
1688 493 1819 520 noenu

373 541 632 593 molestumst,
662 553 753 582 cum
771 540 813 581 in
830 540 946 582 libris
963 541 1017 582 sit
1032 541 1136 597 quid
1150 551 1234 583 est:
1255 555 1352 583 nam
1368 542 1571 584 Lucilium
1585 560 1630 586 re
1646 543 1817 599 dixisse,

374 622 458 651 non
474 609 541 649 rei
550 603 902 660 μονοσυλλάβως,
916 607 1184 651 manifestum
1202 609 1368 650 estexN
1371 609 1468 650 onio
1477 623 1517 664 p.
1529 610 1622 665 500,
1637 611 1685 652 17
1699 615 1740 653 et
1752 611 1818 654 21.

374 691 547 718 noenum
578 677 746 728 praeter
773 674 1004 718 Varronem
1026 677 1202 718 Plautus
1230 688 1394 729 quoque
1415 675 1519 718 dixit
1538 676 1580 717 in
1602 677 1821 720 Aulularia

375 757 402 794 1,
424 743 458 796 1,
472 743 525 784 28
542 742 728 784 Noenum
743 751 952 796 mecastor,
970 743 1075 799 quid
1089 759 1160 799 eqo
1176 759 1242 784 cro
1259 742 1395 785 dicam
1410 759 1507 796 meo,
1524 767 1578 772 —
1594 745 1702 795 Queo
1717 760 1819 787 com-

376 810 568 852 mz‘m‘scz':
588 809 648 850 ita
665 809 774 851 enim
789 813 912 851 vetus
930 810 1171 860 Camerarii,
1188 810 1268 851 nisi
1286 809 1400 863 quod
1417 809 1605 852 ordinem
1620 812 1822 865 pervertit

375 877 446 930 ita,
465 875 570 931 quid
585 891 651 917 ero
669 891 739 931 eqo
753 908 762 917 .
783 876 880 918 dum
898 876 1000 918 haec
1017 876 1168 930 scribo,
1186 876 1373 918 adfertur
1389 877 1684 929 glossariolum
1700 878 1822 920 Plau-

377 943 511 984 tinum
531 955 558 984 a
577 942 804 985 Ritschclio
832 943 989 985 editum
1015 957 1114 986 vere
1143 944 1264 985 huius
1286 943 1384 984 anni
1404 957 1656 998 MDCCCXLVI,
1678 944 1721 986 in
1740 956 1822 998 quo

377 1025 548 1051 noenum
572 1022 623 1051 ex
641 1010 860 1052 Aulularia
881 1014 989 1052 etex
1006 1010 1285 1052 Bacchidibus
1301 1014 1490 1051 notatum
1507 1014 1569 1052 est
1586 1043 1595 1051 .
1612 1011 1656 1052 in
1671 1011 1823 1053 nostris

378 1080 517 1118 autem
533 1076 815 1118 Bacchidibus
833 1089 916 1118 non
932 1077 1085 1130 legitur
1101 1110 1109 1132 ,
1127 1089 1380 1131 quamquam
1397 1090 1479 1118 non
1496 1077 1741 1119 incredibile
1761 1082 1825 1120 est

378 1147 473 1185 actu
486 1157 540 1197 ιν,
551 1143 590 1196 4,
601 1143 656 1185 84
678 1143 946 1185 scribendum
963 1157 1056 1186 esse
1080 1145 1188 1196 Quia
1204 1145 1442 1186 tibiam-mn
1458 1143 1630 1186 reddidi
1639 1177 1650 1198 ,
1673 1153 1710 1186 ct
1724 1145 1825 1199 quia

378 1227 546 1252 noenum
566 1219 602 1252 te
605 1210 917 1266 fraudaverim,
929 1211 1000 1253 ubi
1012 1225 1122 1253 nunc
1137 1215 1200 1253 est
1215 1227 1311 1253 ηοη.
1324 1223 1460 1264 neque
1473 1210 1749 1252 dubitandum
1763 1214 1826 1253 est

378 1277 478 1332 quin
496 1277 653 1318 Ennius
674 1277 891 1332 scripserit
913 1279 1098 1320 Noenum
1120 1294 1302 1320 rumores
1317 1278 1495 1336 ponebat
1515 1286 1607 1319 ante
1627 1278 1798 1320 salutem
1813 1310 1824 1331 ,

378 1346 421 1386 in
459 1358 540 1398 quo
577 1357 701 1386 versu
741 1344 999 1398 exemplaria
1029 1345 1243 1388 Ciceronis
1281 1348 1518 1387 constanter
1547 1343 1702 1386 habent
1730 1345 1826 1386 Non

380 1414 486 1455 enim
516 1427 699 1453 rumores
722 1443 731 1452 .
753 1410 898 1452 Cicero
930 1425 1095 1466 quoque
1126 1416 1243 1466 ipse,
1274 1412 1310 1454 si
1338 1411 1526 1453 Mediceo
1557 1410 1691 1452 codici
1720 1410 1824 1453 fides

379 1483 467 1534 est,
499 1495 672 1520 noenum
702 1479 868 1520 rebatur
896 1477 952 1519 ad.
982 1479 1164 1522 Atticum
1186 1494 1256 1533 v11,
1280 1480 1318 1532 3,
1345 1479 1382 1532 8,
1414 1478 1592 1520 fortasse
1621 1491 1704 1520 non
1734 1478 1827 1520 sine

379 1547 499 1589 ioco:
521 1558 619 1587 nam
648 1546 691 1587 in
711 1559 758 1585 111
788 1545 840 1586 de
870 1549 1036 1587 oratore
1063 1546 1140 1588 153
1170 1562 1251 1588 non
1280 1547 1400 1588 rebar
1430 1545 1538 1586 iuter
1568 1558 1620 1587 ea
1638 1548 1828 1587 recenset

379 1614 531 1668 quibus
561 1612 711 1667 positis
742 1612 943 1665 grandior
964 1616 1087 1665 atque
1109 1613 1322 1667 antiquior
1343 1612 1477 1654 oratio
1498 1611 1633 1654 videri
1664 1612 1824 1653 soleat.

380 1681 455 1723 sed
477 1681 520 1722 in
540 1679 723 1722 Lucretii
745 1691 869 1720 versu
898 1678 992 1720 Itali
1023 1684 1214 1734 veteres,
1245 1682 1570 1733 quossecuntur
1595 1678 1715 1732 primi
1742 1677 1826 1719 edi-

380 1753 492 1790 tores
513 1752 553 1789 et
574 1747 802 1799 Marullus,
825 1758 915 1787 cum
946 1746 1194 1788 vocabulum
1225 1748 1406 1788 anticum
1436 1746 1704 1799 ignorarent,
1735 1757 1826 1786 sen—

380 1816 552 1859 tentiam
573 1813 779 1856 Lambino
801 1813 1005 1855 curiosius
1027 1813 1315 1868 expenderunt
1337 1845 1345 1854 .
1368 1813 1462 1854 huic
1493 1813 1602 1854 enim
1633 1812 1735 1854 satis
1765 1812 1826 1854 vi-

381 1897 472 1926 sum
493 1885 581 1936 est,
604 1881 639 1923 si
667 1893 772 1922 aura
797 1896 998 1936 suspensa
1020 1881 1200 1936 levisque
1224 1879 1412 1934 lapidum
1433 1893 1630 1925 acervum
1651 1878 1828 1921 disicere

379 1965 554 1992 noenum
574 1961 700 2004 posse
722 1947 928 1989 diceretur
946 1963 955 1989 :
977 1948 1061 1989 illis
1082 1947 1161 1989 hoc
1182 1947 1328 1987 mirum
1358 1959 1443 1988 non
1474 1946 1576 2000 fuit,
1608 1946 1684 1988 sed
1715 1945 1828 2001 quod

380 2017 425 2060 id
457 2030 562 2059 aura
590 2016 723 2057 Nulla
752 2018 921 2068 posset,
953 2014 1031 2056 hoc
1061 2018 1124 2056 est
1154 2027 1205 2055 ne
1235 2013 1604 2055 vehementissima
1634 2012 1828 2068 quidem,

381 2085 626 2137 rectissime,
657 2082 739 2124 nisi
771 2081 885 2136 quod
915 2094 987 2124 eos
1019 2080 1271 2123 emendandi
1294 2075 1401 2122 rati'o
1424 2080 1572 2123 fefellit
1594 2086 1751 2122 ‚unum
1770 2083 1830 2122 ta-

382 2165 477 2195 men
506 2149 737 2193 Lambinus
772 2152 884 2191 recte
914 2149 1045 2203 vidit,
1084 2147 1273 2203 lapidum
1316 2148 1554 2201 congeriem
1590 2160 1675 2190 non
1704 2159 1831 2202 posse

383 2220 606 2262 coniectum
637 2216 747 2269 dici,
770 2215 844 2258 sed
874 2215 1014 2270 potius
1046 2229 1340 2256 CONLECTUM
1372 2228 1465 2256 cum
1485 2214 1670 2269 Mureto,
1693 2227 1830 2270 neque

382 2302 515 2343 aquae
544 2285 765 2326 coniectum
795 2283 839 2323 in
870 2283 977 2324 libro
998 2296 1054 2332 1v‚
1069 2281 1178 2337 414,
1210 2281 1286 2324 sed
1307 2282 1526 2323 conlectum
1543 2316 1551 2325 .
1570 2294 1672 2324 vera
1692 2286 1830 2323 autem

382 2353 474 2396 vitii
495 2350 619 2394 sedes
641 2354 705 2393 est
725 2350 768 2391 in
788 2351 1103 2406 spicarumque,
1134 2349 1310 2403 primum
1338 2348 1437 2402 quia
1459 2348 1561 2389 nihil
1582 2361 1609 2390 a
1628 2361 1674 2390 re
1693 2348 1830 2402 magis

383 2419 567 2462 alienum
598 2416 831 2471 excogitari
862 2420 1000 2471 potest
1029 2429 1154 2470 quam
1184 2419 1255 2458 aut
1285 2416 1363 2457 hoc
1393 2418 1465 2456 aut
1485 2414 1598 2468 quod
1618 2415 1829 2458 Veronen-

384 2487 443 2530 sis
483 2485 618 2528 editor
656 2488 697 2527 et
732 2483 971 2536 Naugerius
1008 2482 1240 2537 dederunt,
1271 2482 1603 2538 spiculorumque
1617 2514 1628 2535 ‚
1661 2493 1711 2523 ex
1748 2494 1830 2535 quo

383 2553 613 2596 Lambinus
633 2551 934 2607 spielorumque
955 2549 1046 2592 sive
1066 2551 1351 2606 spz‘corumque
1371 2548 1609 2590 faciendum
1630 2547 1833 2590 iudicavit

382 2622 536 2675 (neque
566 2619 676 2662 enim
705 2617 784 2659 hoc
813 2617 1035 2659 Homerico
1070 2616 1130 2657 illi
1170 2615 1303 2657 simile
1333 2619 1422 2670 est,
1455 2614 1567 2669 quod
1603 2614 1758 2667 legitur
1787 2614 1831 2655 in

385 2687 604 2742 Odysseae
624 2700 663 2741 V,
676 2685 770 2739 328,
783 2680 854 2735 Ὡς
863 2679 901 2726 δ’
923 2680 982 2726 ὅτ’
1002 2679 1221 2738 ὀπωρινὸς
1236 2682 1392 2739 βορέης
1408 2680 1618 2738 φορέῃσιν
1634 2676 1834 2732 ἀκάνθας

372 2751 460 2807 &Aa
481 2749 637 2796 πεδίον
652 2785 664 2803 ,
695 2751 875 2794 πυκιναὶ
907 2751 956 2794 δὲ
977 2749 1088 2806 πρὸς
1109 2747 1350 2807 ἀλλήλῃσιν
1371 2747 1586 2804 ἅζονται),
1616 2753 1702 2791 tum
1731 2747 1833 2802 quia

385 2822 628 2874 Lucretius,
652 2821 858 2863 Graecam
879 2819 1006 2861 Ennii
1027 2818 1262 2873 Luciliique
1283 2818 1515 2871 licentiam,
1537 2829 1663 2871 quam
1682 2819 1832 2870 postea

386 2893 428 2932 et
447 2888 633 2931 Catullus
666 2891 706 2930 et
726 2887 937 2940 Vergilius
968 2885 1193 2928 artificiose
1223 2888 1498 2937 revocarunt,
1531 2895 1710 2936 exosus,
1740 2894 1831 2923 ver-

387 2955 502 2998 sibus
541 2955 585 2996 in
624 2959 708 2996 tres
749 2953 961 3008 spondeos
1001 2952 1247 2995 exeuntibus
1278 2951 1447 2992 omnino
1477 2949 1702 2992 abstinuit:
1732 2959 1831 2990 nam
