2040 3328
369 222 449 263 242
1059 224 1119 266 IV

364 334 468 375 mire
509 336 667 376 Caesar
701 333 754 375 de
790 333 902 375 bello
933 334 1096 375 Gallico
1126 348 1165 387 v,
1192 335 1248 375 32
1283 343 1320 377 et
1357 351 1447 377 cum
1476 353 1518 378 se
1547 337 1680 378 maior
1710 352 1814 391 pars

362 401 543 456 ayminis
572 401 617 441 in
646 416 840 456 maqnam
871 400 1092 441 convallem
1129 400 1384 454 demisisset,
1415 419 1466 444 em
1495 412 1669 458 utraque
1690 411 1814 459 parte

363 468 451 508 eius
480 467 607 508 vallis
637 467 768 508 subito
797 482 839 508 se
869 465 1153 508 ostenderunt.

473 532 567 574 548.
633 546 786 574 sonas
844 546 1084 573 MITTIMUS
1122 565 1132 575 .
1173 533 1391 576 Corrector
1449 535 1620 590 oblongi
1675 550 1813 576 Eum-

363 612 509 639 'r1Mth
529 631 537 639 .

354 663 356 665 ’
473 665 568 707 549.
599 679 861 707 NERVORUM
889 680 1086 707 DEDALA
1105 699 1114 708 .
1137 666 1364 709 Lambinus
1385 667 1502 710 dedit
1519 669 1677 723 primus
1698 683 1813 710 vsu-

362 746 556 773 EORUM.

473 798 568 841 553.
601 814 726 840 unm:
753 814 862 842 ILLA
888 814 1138 841 PROFECTA
1159 801 1442 842 szvnmnr
1473 815 1567 842 vox
1592 816 1812 849 eunoun.

362 866 451 907 Hoc
480 879 534 908 ne
555 867 751 908 Latinum
777 865 946 920 quidem
977 871 1068 909 est.
1101 871 1212 909 reete
1242 881 1294 910 ex
1324 866 1616 910 emendatione
1635 869 1814 912 Bentleii

361 932 649 975 Wakefieldus
670 933 779 975 unde
798 946 892 973 UNA
916 933 1105 988 profecta
1125 950 1309 990 quaeque
1331 966 1339 974 .
1362 933 1437 975 sed
1458 946 1582 975 versu
1600 934 1684 977 560
1703 939 1813 977 reete

361 998 457 1040 libri
488 1003 651 1042 veteres
681 1000 830 1041 sentire
859 1015 988 1054 neque
1019 999 1136 1041 illam
1156 1000 1463 1054 Internoscere,
1491 1000 1564 1042 ubi
1585 1001 1813 1043 Lambinus

362 1065 511 1108 audire
539 1082 669 1121 neque
700 1066 827 1107 hilum
847 1098 856 1107 .

472 1132 567 1175 561.
599 1146 692 1178 Qun
723 1146 795 1172 sm
817 1163 826 1173 .
858 1131 924 1173 Ita
952 1131 1159 1186 oblongus
1186 1135 1227 1174 et
1252 1132 1415 1174 Nonius
1444 1146 1484 1187 p.
1505 1133 1596 1188 173,
1616 1133 1693 1176 16:
1715 1147 1815 1189 qua-

362 1198 510 1241 dratus
542 1215 619 1254 que
634 1200 703 1255 fit.

471 1266 567 1308 567.
599 1265 874 1308 OusmNANs
903 1279 1104 1307 FORMAM
1134 1279 1304 1306 vans
1325 1298 1334 1307 .
1360 1267 1492 1308 Immo
1514 1266 1687 1321 vnum,
1714 1267 1816 1321 quia

361 1338 653 1389 praecesserat
667 1334 833 1375 verbum
848 1365 859 1386 ,
882 1328 1106 1375 Piaeterea
1122 1333 1287 1374 verbum
1306 1349 1427 1389 saepe
1447 1349 1572 1375 unum
1587 1366 1598 1387 ,
1619 1333 1689 1375 ubi
1710 1334 1814 1375 miro

361 1413 503 1442 errore
532 1401 756 1442 Praeterea
780 1399 966 1456 peditum
996 1399 1203 1440 Antonius
1233 1399 1497 1442 Florentinus
1532 1404 1572 1442 et
1608 1399 1706 1456 olim
1742 1400 1814 1442 im—

361 1468 524 1521 pressi,
547 1466 661 1520 quod
691 1466 893 1509 Marullus
924 1465 1023 1508 fecit
1052 1465 1251 1507 edictum.

471 1534 567 1576 568.
597 1547 692 1574 NON
721 1547 1084 1575 AUR1s.1NCID1T
1114 1548 1248 1574 11>SAs
1271 1565 1280 1575 .
1308 1535 1460 1588 Recte,
1481 1538 1527 1576 ut
1545 1537 1672 1589 pute,
1695 1534 1814 1576 Lam·
1874 1533 1876 1535 ’

362 1601 485 1643 binus
516 1600 700 1642 accidit:
730 1600 810 1642 hoc
838 1600 948 1642 enim
979 1613 1070 1642 cum
1101 1601 1342 1643 accusativo
1373 1614 1457 1643 non
1487 1601 1612 1643 modo
1643 1601 1815 1643 Plautus

361 1667 436 1710 sed
457 1667 672 1708 Lucretius
692 1666 810 1721 ipse,
832 1670 878 1708 ut
897 1667 1088 1721 videtur,
1111 1668 1246 1708 iunxit
1266 1667 1310 1708 in
1336 1683 1374 1721 v,
1399 1668 1480 1710 608
1509 1677 1660 1724 seqetes
1689 1669 1815 1723 stipu-

361 1735 503 1789 lasque
540 1732 723 1774 videmus
752 1732 953 1775 Accidere
990 1749 1042 1776 ex
1075 1750 1161 1775 una
1196 1734 1379 1775 scintilla
1407 1734 1600 1776 incendia
1628 1735 1788 1789 passim
1803 1766 1814 1786 ,

361 1799 555 1855 quamvis
568 1798 672 1841 alibi
685 1811 775 1840 cum
788 1799 1105 1854 praepositione
1116 1799 1270 1841 dixerit
1284 1814 1327 1853 11,
1341 1799 1448 1842 1024
1459 1816 1564 1842 nova
1574 1816 1640 1842 res
1650 1800 1815 1841 molitur

362 1867 419 1909 ad
439 1867 559 1908 auris
579 1865 780 1908 Accidere
795 1897 804 1908 .
828 1869 871 1907 at
891 1866 1072 1908 incidere
1092 1866 1379 1908 accusativum
1399 1866 1470 1908 vix
1490 1865 1696 1908 admittit:
1718 1878 1815 1907 nam

359 1934 411 1975 N.
433 1932 632 1975 Heinsius
653 1932 833 1986 erravit,
856 1945 948 1973 cum
970 1932 1195 1986 adscripsit
1215 1931 1366 1974 Ovidio
1388 1937 1553 1974 metam.
1575 1946 1646 1984 vn,
1667 1931 1750 1974 524
1775 1935 1816 1973 et

359 1999 549 2052 Vergilio
580 1999 685 2040 Aen.
706 2013 762 2049 1x‚
786 1999 893 2040 721.
917 1999 969 2041 de
999 1999 1119 2041 Livio
1150 2002 1289 2040 tamen
1318 2012 1369 2041 ac
1398 1999 1545 2041 Tacito
1575 1998 1814 2040 dubitatur:

361 2065 585 2119 Apuleium
610 2065 670 2106 ita
694 2065 1009 2119 praepositione
1030 2066 1187 2107 omissa
1207 2065 1364 2107 dixisse
1385 2069 1573 2119 constat,
1595 2063 1693 2107 vide
1713 2065 1818 2106 Dra-

361 2131 665 2174 kenborehium
687 2131 742 2172 ad
762 2132 873 2174 Livii
895 2131 1047 2173 librum
1068 2146 1110 2185 11,
1128 2132 1195 2186 30,
1217 2131 1268 2172 13
1287 2163 1297 2173 .
1320 2132 1475 2173 Paulus
1495 2132 1540 2173 in
1560 2131 1587 2172 l.
1603 2130 1659 2172 34
1678 2144 1740 2185 pr.
1764 2131 1815 2172 D.

361 2198 414 2240 de
436 2211 474 2239 o.
499 2201 539 2239 et
559 2211 597 2241 a.
620 2211 728 2252 xuv,
748 2199 771 2240 7
800 2198 885 2249 Qui
906 2214 1066 2240 servum
1097 2199 1278 2240 alienum
1307 2199 1506 2240 iniuriose
1535 2198 1744 2251 verberat,
1765 2213 1817 2239 ea:

359 2281 440 2307 uno
457 2265 579 2321 facto
608 2263 756 2306 incidit
786 2274 822 2306 et
843 2265 1060 2320 Aquiliam
1088 2273 1124 2307 et
1153 2265 1351 2306 actionem
1379 2265 1659 2306 iniuriarum.
1681 2276 1815 2317 neque

360 2333 480 2374 aliter
510 2344 612 2373 sane
631 2331 851 2373 Lucretius
880 2348 995 2373 mare
1023 2347 1128 2387 quae
1157 2331 1402 2386 inpendent,
1425 2330 1477 2372 de
1498 2344 1580 2384 quo
1602 2330 1740 2371 dicam
1760 2328 1815 2371 ad

358 2399 511 2441 librum
532 2413 587 2453 vl,
608 2398 691 2440 489
713 2430 723 2440 .
751 2398 923 2440 Gratius
944 2398 1027 2439 244
1055 2398 1216 2439 Rus-um
1245 2413 1347 2453 opus
1375 2398 1560 2439 incubuit
1579 2428 1588 2437 .
1615 2395 1815 2438 scholias-

359 2469 422 2507 tes
449 2466 573 2508 Statii
602 2464 657 2506 ad
684 2464 815 2506 Theb.
837 2465 966 2519 v111,1
998 2466 1117 2507 Vetus
1147 2464 1315 2506 elocutio
1346 2473 1403 2506 est
1424 2480 1505 2520 per
1534 2464 1719 2506 dativum
1748 2479 1815 2504 ca-

360 2548 451 2573 sum
471 2563 482 2584 ,
513 2530 662 2572 incidit
689 2532 847 2573 umbris
868 2531 1123 2587 pallentibus
1149 2561 1159 2570 .
1194 2530 1397 2572 Claudius
1426 2530 1597 2572 ‘Herius
1626 2529 1816 2572 recedens

359 2598 524 2653 vesperi
538 2598 810 2639 Numantinis
830 2597 988 2639 incidit'
1007 2628 1015 2636 .
1044 2613 1092 2638 ac
1113 2596 1258 2650 (immo
1279 2596 1338 2651 at)
1363 2598 1576 2639 Terentius
1600 2613 1678 2652 per
1698 2611 1815 2638 accu-

360 2665 536 2706 sativum
560 2664 735 2719 protulit
759 2662 942 2718 (Phorm.
961 2678 988 2717 1,
1005 2663 1043 2716 3,
1061 2662 1132 2717 23)
1150 2695 1160 2716 ,
1182 2662 1290 2718 ‘er-90
1320 2665 1364 2705 in
1394 2679 1484 2705 eum
1503 2663 1651 2705 incidit
1670 2662 1814 2717 (immo

361 2747 432 2787 eqo
458 2755 513 2760 ——
540 2730 678 2772 incidi
703 2729 866 2784 Zocum)’
881 2762 892 2783 ,
922 2738 1131 2784 tamquam
1167 2731 1213 2771 in
1247 2746 1333 2772 rem
1364 2730 1640 2786 periculosam
1661 2760 1671 2769 .
1702 2725 1814 2782 apud

360 2796 551 2840 Servium
572 2797 628 2840 ad
649 2798 752 2839 Aen.
775 2810 830 2849 xr,
848 2797 930 2838 699
953 2795 1119 2838 Claudii
1144 2796 1414 2850 Quadrigarii
1435 2796 1566 2839 verba
1587 2794 1710 2836 hodie
1730 2805 1814 2835 non

359 2863 583 2918 leguntur,
604 2876 741 2916 neque
761 2875 814 2904 ea
833 2863 942 2904 inter
957 2862 1205 2918 fraqmenta
1234 2863 1518 2905 historicorum
1544 2874 1652 2915 quae
1673 2859 1814 2901 dicun-

361 2933 427 2970 tur
458 2931 595 2972 relata
625 2930 819 2972 invenio.
