2040 3328
452 237 536 279 350
1145 240 1204 282 VI

453 348 638 402 Egregie
659 348 753 389 Itali
785 361 898 401 VAS,
921 361 974 390 ex
1003 362 1049 390 re
1078 354 1120 392 et
1149 362 1202 391 cx
1222 350 1328 391 libro
1357 364 1416 403 111,
1432 352 1541 405 440,
1564 353 1634 394 ubi
1654 357 1718 394 est
1747 368 1896 408 corpus

452 415 564 469 quod
581 431 654 455 vas
683 415 810 468 quasi
830 416 1007 456 constitit
1036 417 1123 456 eius
1137 448 1149 468 ‚
1170 415 1268 457 item
1287 417 1369 458 555
1397 418 1514 459 illius
1543 420 1670 474 quasi
1692 417 1804 474 quod
1820 434 1896 460 vas

452 497 536 522 esse
565 480 751 522 videtur.
775 483 816 520 et
845 481 1060 523 simillima
1089 486 1186 523 sunt
1214 481 1319 523 haec
1338 482 1382 523 in
1401 496 1460 536 111,
1477 484 1559 526 936
1578 485 1634 526 Et
1658 501 1738 528 non
1758 485 1896 527 omnia

443 556 659 603 pertusum
688 555 876 601 congre-sta
896 549 1022 602 quasi
1037 549 1079 589 in
1106 563 1179 589 vas
1200 548 1419 590 Commoda
1430 551 1664 610 perfluxere
1692 561 1814 608 atque
1832 552 1894 594 in-

446 622 571 668 qrata
599 614 791 655 interiere
807 647 816 656 .
839 618 950 656 recte
980 618 1116 656 autem
1145 614 1435 657 Wakefieldus
1464 618 1644 659 restituit
1661 618 1868 674 Intelleyit
1881 634 1896 671 ‚-

449 693 535 734 qua
564 680 700 722 forma
720 680 955 722 Lucretium
977 694 1096 722 usum
1126 693 1220 722 esse
1241 694 1291 723 eo
1314 681 1513 724 credibile
1542 681 1586 724 fit
1605 683 1718 736 quod
1745 683 1894 726 eodem

448 759 581 801 prope
610 752 799 801 tempore
820 746 864 788 Ο.
887 746 1073 788 Licinius
1095 748 1234 789 Macer
1263 748 1307 788 in
1336 762 1408 788 xvr
1437 749 1654 791 annalium
1679 750 1787 792 dixit
1813 766 1894 793 om-

447 815 562 855 nium
591 822 773 855 nostrum
794 813 1016 870 neyleyerz't
1044 816 1324 856 auctoritatem
1334 828 1351 856 ·.
1372 814 1451 857 hoc
1473 815 1544 868 qui
1565 815 1776 874 referunt,
1798 817 1893 858 Dio-

449 879 592 921 medes
622 894 661 934 p.
679 881 760 922 366
791 885 832 922 et
861 882 1097 923 Priscianus
1127 895 1167 936 p.
1185 881 1266 923 895
1293 881 1516 923 Aemilium
1539 882 1722 924 Macrum
1753 883 1894 938 appel-

447 947 561 999 lant3
583 947 880 1000 quodfalsum
911 961 1004 989 esse
1031 948 1291 989 Weichertus
1322 947 1462 990 docuit
1490 947 1543 990 de
1573 949 1734 990 Licinio
1763 948 1894 992 Calvo

447 1026 488 1066 p.
506 1014 560 1054 92
577 1044 585 1053 .
612 1014 837 1068 ne'qleqisse
873 1019 914 1056 et
947 1015 1183 1070 neyleyistis
1217 1013 1415 1056 Sallustio
1451 1014 1674 1068 Tullioque
1707 1014 1894 1058 vindicat

449 1079 613 1121 Cortius
643 1079 698 1121 ad
720 1080 963 1132 Iugurtham
989 1081 1056 1133 40,
1077 1082 1096 1121 1
1118 1112 1127 1121 .
1149 1080 1331 1123 Orellius
1361 1094 1414 1123 ex
1435 1080 1635 1123 Sallustio
1665 1081 1803 1124 adfert
1830 1082 1892 1123 in-

447 1146 673 1202 tellegerent
688 1178 698 1198 ‚
720 1148 910 1189 oratione
931 1147 1080 1201 Lepidi
1102 1149 1139 1199 ξ.
1156 1149 1181 1189 9
1203 1147 1320 1201 (23),
1342 1160 1478 1200 neque
1502 1147 1625 1190 aliter
1645 1147 1894 1202 capiendum

446 1213 645 1268 intelleqit
665 1213 705 1253 in
728 1213 820 1266 Iug.
837 1214 876 1267 6,
896 1214 947 1267 2;
969 1227 1220 1268 quamquam
1242 1214 1432 1256 intellexi
1452 1218 1494 1256 et
1512 1213 1666 1268 similia
1690 1214 1815 1256 scribi
1835 1214 1894 1256 vi-

446 1278 525 1321 deo
543 1279 585 1320 in
602 1279 691 1321 Cat.
703 1279 769 1333 20,
783 1281 829 1334 3,
847 1281 891 1322 in
909 1281 999 1334 Iug.
1016 1282 1082 1333 93,
1093 1281 1139 1330 3,
1157 1282 1199 1322 in
1216 1281 1406 1322 oratione
1422 1281 1588 1322 Macri5
1604 1280 1691 1335 (9),
1707 1281 1891 1336 neqlexe-

444 1347 505 1387 ris
521 1346 564 1386 in
582 1345 670 1387 Cat.
683 1346 750 1399 51,
765 1346 819 1387 24
835 1379 844 1389 .
867 1348 1032 1402 neqleyi
1041 1359 1118 1401 pro
1135 1347 1303 1402 neqleoei
1312 1347 1447 1389 Maius
1463 1347 1643 1389 sortasse
1659 1347 1782 1389 nimis
1797 1360 1892 1390 eon-

444 1411 620 1454 fidenter
641 1413 843 1455 adscribit
863 1414 1064 1455 Frontoni
1094 1427 1133 1468 p.
1151 1414 1232 1455 328
1249 1446 1258 1466 ,
1281 1414 1399 1455 cuius
1425 1418 1564 1455 aetate
1584 1413 1676 1455 Afri
1689 1413 1892 1457 ,dixerunt

443 1480 667 1521 collexistis
697 1484 738 1521 et
758 1480 1023 1534 colleaeimus,
1048 1493 1158 1533 quae
1177 1481 1444 1522 inveniuntur
1474 1480 1516 1520 in
1545 1480 1768 1534 euangelio
1789 1480 1891 1523 Mat-

442 1546 555 1587 thaei
576 1546 776 1598 vulgatae
797 1546 994 1589 editionis
1015 1561 1112 1599 xxv,
1129 1547 1182 1588 35
1213 1551 1254 1589 et
1282 1546 1335 1588 38
1354 1578 1363 1588 .
1383 1546 1462 1589 hoc
1491 1546 1744 1589 scholiasten
1774 1546 1892 1588 Iuve-

442 1613 550 1654 nalis
571 1613 614 1653 in
635 1618 712 1654 sat.
729 1627 787 1666 111,
811 1614 888 1655 175
907 1646 917 1666 ,
939 1614 1010 1655 ubi
1027 1614 1124 1655 libri
1146 1613 1302 1655 habent
1317 1629 1421 1668 quae
1437 1614 1640 1666 emissent,
1661 1625 1781 1655 usum
1797 1625 1891 1655 esse

442 1683 541 1732 puto
559 1711 568 1731 ,
590 1688 634 1720 ut
654 1680 855 1734 quicquid
874 1680 1143 1722 lacrimarum
1172 1679 1308 1734 adque
1328 1679 1520 1721 tristitiae
1548 1679 1820 1720 contemserit
1839 1694 1891 1720 ea:

442 1746 616 1800 trayicis
645 1746 857 1800 affectibus
872 1779 883 1799 ‚
903 1748 1072 1788 huiusce
1100 1746 1329 1802 spectaculi
1353 1746 1466 1786 risus
1493 1743 1716 1799 deteryeret
1732 1774 1742 1785 .

554 1812 620 1852 22.
652 1825 1001 1854 CONSPURGARE
1019 1845 1028 1854 .
1051 1813 1269 1855 Corrector
1304 1810 1478 1864 oblongi
1507 1823 1860 1851 consruncsnn
1877 1841 1887 1852 .

554 1878 621 1919 25.
654 1892 944 1920 cnrrmnms
962 1911 971 1921 .
993 1879 1219 1935 Cupedinis
1248 1877 1482 1932 quadratus
1498 1908 1507 1918 .
1529 1876 1755 1932 torpedinis
1775 1877 1887 1931 apud

441 1946 704 1987 Lactantium
742 1946 1046 1987 institutionum
1086 1960 1155 1999 v11,
1173 1945 1238 1998 27,
1256 1946 1281 1987 6
1299 1977 1309 1988 .
1336 1944 1456 1986 unice
1492 1955 1637 1986 verum
1674 1949 1738 1984 est
1756 1943 1888 1998 finem

440 2012 684 2067 cuppedinis
721 2021 842 2067 atque
885 2014 1043 2054 umoris
1062 2045 1072 2064 ‚
1102 2011 1206 2062 τοὺς
1241 2007 1369 2066 ὅρους
1403 2010 1490 2052 τῶν
1533 2005 1784 2065 ἀλγηδόνων
1817 2009 1890 2051 καὶ

438 2081 525 2120 τῶν
545 2077 799 2131 ἐπιθυμιῶν
815 2111 825 2129 ,
849 2075 967 2121 λύειν
995 2078 1099 2129 τούς
1120 2076 1288 2135 φόβους
1316 2079 1393 2133 τῆς
1414 2073 1708 2127 διανοίαςκαὶ
1725 2075 1777 2118 τὸ
1807 2075 1887 2118 πέ-

439 2163 519 2202 ρας
547 2148 633 2188 τῶν
662 2145 915 2198 ἐπιθυμιῶν
944 2143 1194 2190 ὄιδάοκειν.
1218 2147 1278 2188 sic
1305 2146 1509 2200 Epicurus
1538 2142 1653 2198 apud
1673 2135 1892 2186 Laertium'
1966 2197 1977 2206 ·

441 2229 476 2266 x,
499 2215 601 2254 142.
625 2214 684 2254 sic
714 2213 757 2253 in
779 2226 817 2265 V,
834 2213 888 2254 45
910 2213 1125 2255 Lucretius
1147 2214 1333 2264 Quantae
1353 2210 1598 2267 cuppedinis
1617 2225 1733 2251 acres
1762 2225 1888 2252 curae

439 2281 663 2335 quantique
679 2279 854 2334 perinde
873 2280 1037 2321 timores
1053 2311 1062 2320 .
1085 2280 1138 2322 ad
1156 2280 1380 2334 Epicurum
1396 2277 1594 2318 Horatius
1614 2288 1781 2330 quoque
1802 2289 1885 2318 res-

438 2347 556 2400 picit,
575 2359 666 2387 cum
683 2345 784 2387 dicit
799 2346 884 2396 Qui
895 2347 1007 2401 cupit
1023 2356 1094 2388 aut
1108 2347 1268 2397 metuit,
1286 2349 1327 2386 et
1338 2345 1414 2399 qui
1418 2344 1552 2398 cupiet
1560 2351 1705 2384 metuet
1714 2357 1884 2398 quoque.

551 2413 616 2454 27.
649 2425 860 2452 runnu:
881 2426 1042 2453 PARvo
1060 2444 1070 2453 .
1093 2411 1362 2465 Exemplaria
1382 2409 1591 2451 Lactantii
1612 2409 1739 2450 limite
1753 2424 1886 2464 parvo

438 2479 506 2521 vel
533 2494 665 2534 prono
681 2509 691 2518 .
714 2478 818 2519 haec
848 2479 901 2520 de
932 2481 1002 2520 via
1023 2484 1063 2520 et
1092 2477 1258 2520 tramite
1278 2489 1363 2517 non
1393 2475 1535 2517 dubito
1556 2475 1656 2528 quin
1685 2477 1812 2528 poeta
1829 2474 1884 2516 ab

438 2546 621 2600 Epicuro
651 2546 899 2599 sumpserit:
921 2546 998 2587 sed
1035 2544 1171 2586 adhuc
1207 2542 1311 2584 nihil
1347 2542 1436 2584 eius
1473 2541 1584 2583 modi
1619 2541 1798 2583 relatum
1827 2541 1885 2582 in-

438 2613 534 2655 veni
553 2644 562 2653 .
584 2612 784 2653 Horatius
806 2612 1079 2666 epistularum
1100 2625 1127 2664 1,
1149 2611 1210 2664 18,
1232 2609 1311 2651 103
1331 2610 1400 2650 An
1426 2617 1621 2650 secretum
1640 2608 1719 2649 iter
1748 2616 1784 2649 et
1789 2607 1885 2662 fal-

438 2681 557 2721 lentis
573 2680 718 2721 semita
733 2679 840 2720 vitae
854 2710 865 2731 ,
887 2691 996 2731 quae
1017 2678 1129 2720 dicta
1151 2681 1213 2719 est
1229 2671 1460 2732 ἕκχώρησις
1474 2675 1560 2716 τῶν
1576 2673 1754 2716 πολλῶν
1769 2673 1884 2728 apud

437 2747 649 2788 Laertium
677 2759 717 2799 Χ,
738 2744 817 2786 143
834 2776 843 2786 .
865 2745 1096 2798 Epicureus
1126 2742 1238 2796 apud
1261 2742 1503 2785 Ciceronem
1533 2741 1586 2802 de
1616 2740 1767 2782 finibus
1787 2754 1814 2790 1,
1829 2740 1882 2782 57

437 2829 459 2854 o
466 2813 737 2868 praeclaram
753 2813 862 2853 beate
882 2811 1051 2853 vivendi
1068 2820 1103 2852 et
1124 2818 1309 2866 apertam
1329 2817 1365 2851 et
1385 2808 1610 2864 simplicem
1631 2815 1667 2849 et
1687 2806 1883 2848 directam

436 2882 543 2919 viam
563 2880 579 2919 ‚f
601 2879 882 2920 Metrodorum
906 2878 1154 2932 Epicureum
1176 2875 1395 2930 scripsisse
1421 2871 1524 2928 περὶ
1542 2874 1618 2929 τῆς
1638 2871 1701 2924 εἷς
1720 2867 1883 2927 σοφίαν

438 2944 621 3000 πορείας
650 2950 825 2988 testatur
856 2944 1048 2987 Laertius
1078 2957 1114 2996 x,
1132 2943 1212 2986 24.
1240 2943 1372 2984 Varro
1403 2939 1505 2996 περὶ
1534 2937 1740 2996 αἱρέσεων
1767 2938 1882 2993 apud
