2040 3328
445 239 500 282 48
1160 241 1179 281 I

445 365 501 404 11,
525 351 606 393 229
627 352 760 393 sz'us
781 368 807 393 a
826 367 923 393 vera
945 352 1061 406 Zonye
1080 352 1238 393 ratione
1257 352 1434 394 recedit.
1455 353 1497 394 in
1517 366 1582 403 111,
1603 353 1684 397 676
1710 353 1826 406 Non,
1846 361 1892 394 ut

445 420 590 473 opinor
607 449 617 470 ,
635 418 682 459 id
701 434 726 458 a
749 418 823 459 leto
844 419 926 459 iam
949 418 1124 473 lonyiter
1140 426 1251 458 errat
1267 449 1275 458 .
1294 419 1441 461 eodem
1462 432 1601 462 errore
1621 419 1889 461 membranae

445 483 601 525 habent
629 485 746 539 Zoanz'
769 486 812 526 in
843 499 909 538 1v,
935 484 1042 525 1176
1072 487 1112 525 et
1141 484 1184 524 in
1214 497 1282 537 v1,
1306 485 1358 526 68
1379 517 1388 526 .

557 551 651 592 715.
682 565 1023 592 Pnocnnscnnn
1043 582 1051 590 .
1083 550 1255 592 Servius
1285 551 1340 592 ad
1372 552 1560 605 eclogam
1589 567 1658 603 VI,
1680 553 1731 594 31
1763 556 1804 595 et
1832 552 1887 594 ad

444 617 658 658 Aeneidos
674 632 706 667 Ι,
729 619 807 660 123
823 629 1049 662 nascuntur
1061 653 1071 673 ,
1089 619 1315 661 memoriae
1331 619 1433 661 vitio
1450 651 1459 673 ,
1483 619 1596 673 quod
1612 633 1695 661 non
1712 619 1890 662 corr-exit

443 683 630 725 Isidorus
662 684 868 737 originum
901 701 1003 739 xm,
1030 687 1106 738 10,
1128 685 1156 725 4
1173 718 1182 726 .

555 751 648 792 718.
689 751 897 801 QUORUM
927 766 1299 793 AGRAGANTINUS
1320 785 1328 793 .
1352 752 1567 806 Oblongus
1597 753 1734 807 prima
1756 743 1887 795 'manu

441 818 784 873 Atqranantz’nus.
808 821 1189 860 ACRAGANTINUS
1218 818 1473 862 Veronensis
1505 819 1634 861 editio
1666 824 1707 860 et
1737 820 1888 861 Marul-

442 885 531 926 lus.
561 885 604 925 in
632 885 755 925 Plinii
783 887 987 928 naturalis
1017 887 1216 928 historiae
1245 887 1350 928 libro
1372 900 1485 926 xxxv
1505 889 1544 937 ξ.
1561 887 1615 928 62
1631 885 1782 929 64179
1797 886 1887 929 Sili-

439 952 534 1004 gius
555 952 724 1006 scripsit
745 953 1074 1009 Agyraqentinum
1092 986 1100 994 .
1123 967 1145 995 e
1167 953 1368 1007 proximis
1390 953 1640 1006 glossarium
1662 965 1688 994 a
1709 953 1820 994 Maio
1842 952 1886 994 in

439 1019 707 1060 classicorum
745 1023 958 1060 auctorum
998 1025 1109 1061 tomo
1140 1034 1198 1060 v11
1227 1019 1382 1062 editum
1418 1019 1523 1061 haec
1558 1019 1686 1061 habet
1714 1032 1754 1073 p.
1774 1019 1884 1061 584.

442 1086 703 1140 Trz'quetram
740 1087 960 1127 Lueretius
998 1086 1182 1141 appellat
1217 1102 1342 1141 quam
1380 1086 1583 1141 Viryilius
1612 1086 1762 1127 Latine
1794 1086 1885 1127 Tri-

437 1153 625 1193 nacriam
656 1154 864 1204 nominat,
896 1152 943 1193 id
972 1161 1029 1194 esc
1058 1154 1141 1193 tria
1166 1154 1456 1208 promuntorz'a
1472 1184 1481 1193 .

548 1219 641 1261 720.
687 1219 1020 1264 ANGUSTOQUE
1064 1233 1217 1259 rnn'rn
1259 1233 1477 1260 RAPIDUM
1521 1232 1649 1259 MARn
1692 1232 1884 1259 n1v1n1'r

437 1299 580 1326 {mnis
610 1285 832 1327 HAELIAE
870 1300 1127 1326 TERRARUM
1165 1299 1286 1326 onAs
1323 1299 1349 1326 A
1388 1300 1580 1326 ruimus
1616 1299 1724 1326 mus
1746 1317 1755 1326 .
1788 1285 1884 1328 Cor-

436 1356 570 1392 rector
591 1352 762 1405 oblongi
784 1354 985 1395 Haeoliae
1007 1385 1016 1394 .
1037 1352 1108 1405 qui
1131 1351 1209 1393 hoc
1229 1356 1366 1394 tuetur
1386 1352 1500 1407 apud
1521 1353 1856 1406 Havercampum
1872 1385 1882 1405 ,

435 1419 606 1460 Isaacus
623 1419 797 1460 Vossius
819 1423 918 1473 puto
937 1451 946 1473 ,
969 1418 1241 1460 eruditionem
1265 1419 1455 1460 Lucretio
1476 1418 1651 1460 adfinxit
1669 1419 1855 1473 putidam
1873 1451 1882 1472 ,

436 1498 560 1538 quam
599 1498 734 1538 neque
771 1485 1057 1527 Wakefieldus
1097 1499 1234 1538 neque
1265 1486 1469 1539 Forbiger
1498 1485 1711 1540 explicare
1739 1490 1884 1540 potue-

434 1555 556 1605 runt,
589 1552 701 1606 quod
732 1552 856 1594 video
884 1565 992 1594 nunc
1014 1552 1165 1594 fecisse
1187 1553 1406 1606 Hugonem
1428 1552 1710 1593 Pur-mannum
1739 1566 1780 1607 p.
1803 1552 1884 1594 24:

434 1623 498 1660 est
533 1623 673 1660 autem
720 1623 810 1660 tota
851 1620 991 1674 posita
1030 1620 1072 1660 in
1108 1633 1231 1662 versu
1272 1618 1515 1662 Callimachi
1553 1619 1623 1672 qui
1665 1623 1728 1660 est
1769 1620 1883 1674 apud

434 1686 670 1727 Bentleium
695 1699 735 1726 n.
760 1686 853 1738 202,
881 1682 1052 1741 Ῥήγιον
1080 1682 1188 1729 ἄστυ
1215 1685 1357 1728 λιπών
1380 1682 1600 1728 Ἰοκάστου
1629 1682 1856 1728 Αἰολίδαο
1872 1719 1882 1736 ,

434 1757 474 1794 et
495 1753 536 1793 in
559 1753 622 1794 his
648 1752 818 1794 Diodori
840 1785 848 1806 ,
876 1766 986 1806 quae
1007 1755 1200 1807 leguntur
1222 1755 1263 1795 in
1284 1754 1390 1795 libro
1413 1767 1450 1807 V,
1468 1754 1505 1807 8,
1526 1749 1691 1795 τούτων
1713 1753 1762 1796 δὲ
1780 1754 1884 1807 (τῶν

430 1816 608 1862 Αἰόλου
638 1815 759 1872 υἱῶν)
779 1815 995 1871 Ἰόκαστος
1013 1821 1093 1875 μὲν
1121 1823 1197 1877 τῆς
1219 1818 1407 1870 Ἰταλίας
1429 1817 1711 1873 ἀντεχόμενος
1733 1817 1880 1873 ἐβασί-

433 1887 557 1928 λευσε
577 1888 654 1942 τῆς
674 1885 895 1942 παραλίας
915 1889 1039 1943 μέχρι
1059 1890 1144 1930 τῶν
1165 1887 1272 1930 κατὰ
1294 1887 1344 1930 τὸ
1360 1884 1529 1943 Ῥήγιον
1548 1883 1699 1929 τόπων
1714 1919 1723 1929 .
1742 1888 1882 1929 rectis-

432 1955 535 1996 sime
558 1955 650 1999 Itali
684 1967 839 2008 eosque
870 1957 1000 1997 secuti
1024 1956 1227 1997 Marullus
1255 1961 1379 2009 atque
1401 1955 1628 1996 Lambinus
1650 1956 1852 1996 ITALmn
1870 1987 1879 1996 .

432 2021 506 2070 sed
538 2020 693 2062 frustra
723 2022 834 2063 idem
865 2023 1094 2064 Lambinus
1124 2023 1278 2064 Italiae
1306 2024 1439 2064 terrai
1463 2037 1590 2063 oras.
1627 2021 1754 2075 paulo
1785 2025 1882 2063 ante

431 2092 558 2142 poe'ta
598 2089 810 2142 triquetris
847 2098 1052 2130 terrarum
1089 2091 1133 2130 in
1170 2091 1280 2143 oris,
1326 2092 1368 2130 et
1401 2089 1442 2130 in
1473 2103 1541 2141 vl,
1575 2088 1656 2129 713
1686 2089 1731 2129 in
1759 2089 1882 2130 terris

430 2155 615 2210 Aeyypti
647 2156 798 2196 totius.
832 2156 907 2197 sed
946 2156 989 2196 in
1019 2156 1159 2210 priore
1196 2169 1321 2198 versu
1352 2169 1404 2197 ne
1435 2155 1652 2196 Prisciano
1683 2154 1879 2208 quidem,

431 2222 503 2275 qui
541 2234 634 2262 eum
674 2226 804 2280 totum
846 2222 1012 2264 exhibet
1041 2237 1081 2276 p.
1102 2223 1212 2276 554,
1253 2222 1504 2264 credendum
1542 2225 1606 2262 est
1642 2221 1880 2262 Lucretium

432 2289 536 2329 haec
566 2292 649 2328 tam
679 2289 891 2331 incondite
922 2291 1183 2342 cumulasse,
1216 2298 1388 2344 anqusto
1406 2289 1528 2344 freta
1558 2287 1709 2329 dividit
1727 2287 1878 2340 undis,

430 2355 679 2409 praesertim
702 2368 792 2396 eum
814 2355 938 2396 modo
961 2355 1138 2397 dixisset
1154 2356 1318 2411 ylazccz's
1339 2356 1389 2395 ab
1410 2355 1534 2396 undis
1556 2387 1564 2396 .
1591 2354 1879 2395 Wakefieldus

431 2421 613 2476 absurde
635 2422 785 2463 dividit
806 2414 917 2464 ulnis
931 2455 942 2475 ‚
972 2422 1092 2476 quasi
1115 2422 1266 2463 divisio
1289 2422 1343 2462 ab
1364 2422 1559 2475 amplexu
1581 2434 1663 2462 non
1686 2420 1876 2462 differat.

431 2487 695 2530 scribendum
726 2493 790 2530 est
818 2490 1081 2545 Anyustoque
1097 2489 1220 2544 fretu
1250 2488 1444 2543 rapidum
1475 2504 1588 2529 mare
1618 2486 1768 2528 dividit
1796 2500 1877 2527 UN-

430 2569 550 2595 DANS
574 2586 582 2595 .
605 2554 770 2596 dixerat
790 2556 831 2596 in
855 2555 1027 2596 Hecuba
1050 2556 1206 2597 Ennius
1237 2555 1456 2596 undantem
1487 2555 1620 2595 salum
1637 2585 1648 2607 ,
1679 2556 1724 2594 ut
1753 2557 1877 2594 testa-

430 2629 495 2666 tur
519 2624 680 2666 Nonius
710 2637 750 2677 p.
774 2622 881 2675 223,
904 2622 982 2675 24,
1017 2621 1198 2662 undanti
1223 2623 1267 2662 in
1284 2621 1402 2676 freto
1425 2621 1562 2662 Attius
1593 2621 1637 2663 in
1668 2621 1718 2661 iis
1747 2620 1877 2662 versi-

431 2692 507 2733 bus
538 2704 643 2744 quos
674 2694 715 2732 et
745 2689 890 2731 Cicero
926 2688 1087 2742 profert
1121 2688 1173 2730 de
1210 2692 1362 2729 natura
1400 2687 1572 2728 deorum
1594 2702 1649 2740 11,
1672 2687 1725 2728 89
1757 2691 1798 2728 et
1826 2699 1878 2728 ex

430 2771 479 2800 eo
511 2758 750 2799 Priscianus
780 2770 820 2810 p.
850 2756 980 2797 1325.

542 2825 634 2865 724.
676 2837 857 2863 ITERUM
889 2837 961 2863 vis
994 2836 1049 2862 UT
1081 2835 1261 2862 OMNIAT
1294 2835 1420 2862 IGle
1443 2853 1452 2863 .
1483 2821 1714 2863 Lambinus
1742 2821 1805 2862 vz’s
1832 2828 1876 2861 ut

430 2905 590 2931 VOMAT
621 2892 731 2945 z‘fynz's
749 2922 757 2931 .

543 2958 636 3000 725.
668 2971 893 2997 FLAMMAE
925 2970 1146 2997 runcum.
1163 2988 1172 2998 .
1192 2956 1410 2998 Corrector
1431 2955 1614 3008 oblongi,
1630 2967 1872 2994 FLAMMAI.
