2040 3328
936 220 979 263 II
1616 224 1694 267 101

223 333 388 389 inquit:
411 333 542 388 idque
563 334 600 375 ei
627 333 895 376 Eichstadius
919 338 960 386 et
980 334 1190 389 Forbiger
1205 369 1216 389 ,
1239 336 1310 390 qui
1338 349 1391 378 ne
1419 335 1501 392 ipsi
1524 336 1694 391 quidem

222 402 304 445 hoc
332 405 490 458 poe'ma
520 414 716 456 umquam
750 402 920 456 legere,
954 402 1191 446 aderedunt
1213 437 1222 446 .

333 470 430 513 476.
462 470 640 516 INQmT
662 484 783 511 ENIM
805 484 993 512 SUPERA
1016 485 1197 514 TAETRI
1217 486 1407 514 monum
1430 487 1535 514 VIRI
1552 505 1562 516 .
1585 473 1694 516 Pris-

222 539 373 582 cianus
393 552 435 594 p.
454 539 536 580 722
567 539 785 585 LINQUIT
807 539 898 581 sive
920 540 1068 595 Lz‘qm'c
1098 542 1206 583 em'm
1235 557 1367 597 supra
1398 543 1498 584 tetri
1521 543 1697 599 vestiqia

219 608 335 651 viri.
368 607 542 650 Servius
573 606 629 648 ad
661 607 894 661 georgicon
916 621 944 659 1,
970 607 1079 663 129,
1113 609 1212 651 item
1243 608 1419 663 Sergius
1450 623 1486 664 p.
1516 609 1624 652 1843
1655 613 1696 652 et

221 674 451 719 Cledonius
472 689 512 731 p.
539 675 646 718 1898
669 708 678 729 ,
711 676 810 717 tetri
825 690 1045 717 mimoni)
1056 690 1104 717 1A
1125 678 1214 719 viri
1231 709 1239 718 .
1262 677 1506 720 Priscianus
1526 691 1567 732 p.
1587 678 1694 721 1258

220 744 314 787 diri
329 742 576 801 priovzordia
605 744 695 785 viri
713 775 721 784 .
746 744 835 785 viri
861 743 1056 786 Lucretio
1088 744 1334 787 adscribunt
1354 744 1596 787 Marcianus
1619 745 1694 789 Oa-

219 812 338 869 pella
357 812 467 854 libro
491 826 538 852 111
559 812 584 864 ξ
601 811 685 854 305
707 815 748 852 et
766 810 1048 854 Cassiodorus
1065 826 1106 867 p.
1125 812 1236 855 2323
1255 812 1443 855 Putschii
1461 845 1470 855 .
1493 813 1568 856 sed
1584 814 1695 856 hunc

219 893 390 924 versum
421 893 507 923 non
538 893 616 922 suo
646 879 740 921 loco
772 879 858 934 legi
889 879 1140 935 interpretes
1171 894 1255 923 non
1277 880 1694 925 animadverterunt.

218 962 317 992 nam
347 961 470 990 umor
499 947 635 990 dulcis
658 960 708 990 eo
730 948 1000 1003 percolatur,
1024 949 1192 1005 Aspera
1222 965 1302 1005 quo
1331 951 1467 1006 mayis
1496 951 1541 992 in
1571 951 1695 992 terris

218 1017 455 1060 haerescere
471 1017 665 1073 possint:
697 1014 773 1057 sed
796 1029 889 1057 eum
912 1015 992 1058 hoc
1014 1016 1192 1059 consilio
1213 1018 1337 1060 taetri
1358 1017 1592 1073 primordia
1612 1018 1693 1060 viri

217 1098 348 1140 supra
378 1085 621 1140 relinquere
652 1082 887 1126 absurdum
919 1087 1011 1125 est.
1035 1084 1243 1127 Marullus
1268 1084 1447 1128 dederat
1468 1086 1581 1142 quod
1607 1103 1692 1128 ma-

212 1155 282 1210 ,qis
298 1162 501 1210 possunt,
530 1151 762 1194 Lambinus
785 1152 950 1194 Humor
982 1151 1114 1195 dulcit
1146 1156 1186 1195 et
1217 1170 1297 1210 quo
1328 1143 1465 1210 maqus
1491 1163 1692 1211 possunt.

329 1221 426 1264 483.
468 1221 685 1267 NAMQUE
708 1235 756 1260 IN
778 1234 944 1260 EADEM
966 1234 1060 1262 UNA
1082 1236 1318 1263 cmusws
1339 1237 1389 1263 IN
1410 1236 1692 1263 BREVITATE

218 1291 472 1334 Conpoms
506 1322 514 1330 .
558 1288 790 1331 Lambinus
827 1289 1070 1331 cuiuscuius
1107 1290 1305 1333 brevitate
1321 1307 1335 1345 ,·
1372 1303 1454 1345 quo
1492 1290 1692 1344 genetivo

215 1359 313 1414 quis
344 1362 534 1400 veterum
566 1370 668 1400 usus
695 1357 750 1399 sit
771 1355 911 1398 adhuc
932 1369 1118 1410 quaero,
1141 1370 1278 1412 neque
1310 1371 1405 1401 eum
1436 1358 1517 1400 sibi
1548 1361 1692 1400 notum

216 1440 311 1470 esse
349 1426 573 1470 Madvicus
609 1428 787 1468 testatur
825 1424 881 1466 ad
920 1424 1135 1467 Ciceronis
1173 1425 1327 1468 librum
1368 1426 1421 1469 de
1457 1425 1611 1468 finibus
1645 1441 1693 1467 111

214 1509 256 1551 p.
275 1495 360 1539 423
378 1509 387 1550 ;
419 1507 676 1549 quamquam
707 1493 834 1536 video
857 1506 951 1535 esse
973 1493 1016 1534 in
1038 1493 1263 1547 glossariis
1284 1494 1475 1537 Labbaei
1497 1528 1506 1538 .
1527 1498 1692 1549 praete-

215 1576 292 1606 rea
321 1564 367 1606 in
398 1562 541 1605 eadem
571 1578 658 1604 una
680 1561 999 1616 intellegerem,
1022 1562 1058 1604 si
1081 1561 1134 1604 de
1155 1563 1351 1604 brevitate
1381 1562 1465 1604 iam
1496 1563 1538 1604 in
1571 1576 1692 1618 supe-

216 1631 402 1674 rioribus
419 1630 578 1673 dictum
596 1633 709 1673 esset
727 1644 736 1671 :
756 1643 869 1672 nunc
892 1630 1144 1685 particulam
1163 1630 1448 1686 copulativam
1466 1630 1663 1673 desidero
1682 1662 1690 1672 .

217 1711 330 1754 quae
361 1712 454 1742 cum
485 1699 546 1741 ita
576 1698 687 1752 sint,
717 1698 988 1740 scribendum
1018 1701 1120 1753 puto
1151 1699 1344 1755 Namque
1375 1698 1517 1741 eadem
1547 1712 1691 1740 umus

215 1768 402 1810 cuihcsvis
432 1769 479 1810 in
509 1767 706 1809 brevitate
736 1767 935 1823 Corporis
953 1799 961 1807 .

330 1835 428 1879 486.
459 1849 552 1876 vnn
582 1848 742 1876 PAULA
771 1848 1014 1876 Pnnmssus
1046 1848 1175 1876 Auen
1201 1868 1209 1876 .
1243 1835 1463 1877 Corrector
1494 1833 1691 1889 quadrati

217 1908 260 1947 et
288 1903 485 1959 impressi
515 1916 704 1946 PAULO,

327 1970 425 2013 488.
457 1983 783 2012 TRANSMUTAS
819 1983 1048 2011 DEXTERA
1085 1983 1228 2010 an1s
1255 2003 1264 2025 ‚
1305 1970 1573 2013 OMNIMODI
1609 1984 1692 2011 Ex-

215 2052 405 2080 Pmi'rus
435 2052 574 2081 Erus.
600 2037 845 2088 Quadratus
867 2038 920 2080 ab
945 2038 1241 2093 antiquissimo
1260 2043 1498 2081 correctore
1519 2052 1693 2079 TRANS-

215 2121 412 2149 muuss
432 2138 440 2148 .
459 2106 502 2148 in
521 2105 671 2148 eodem
687 2105 797 2148 libro
816 2106 947 2148 levius
963 2122 976 2148 .·
999 2111 1210 2149 corrector
1226 2106 1541 2149 recentissimus
1563 2119 1694 2161 supra

218 2174 450 2230 adscripsit
470 2174 600 2216 laevis
617 2206 626 2216 .
650 2173 805 2216 deinde
820 2173 1028 2216 Marullus
1050 2174 1292 2217 Omnimode
1314 2183 1509 2231 expertus
1516 2174 1664 2231 fueris
1678 2191 1694 2229 ,⁰

216 2242 333 2298 quod
356 2241 612 2286 vocabulum
643 2242 716 2284 ille
748 2254 830 2296 quo
863 2246 1036 2285 auctore
1066 2242 1258 2298 posuerit
1287 2242 1459 2285 nescio:
1491 2242 1534 2283 in
1563 2242 1692 2284 Fron-

216 2312 330 2355 tonis
368 2310 557 2366 quadam
593 2310 648 2353 ad
680 2310 869 2352 Marcum
910 2310 1138 2354 Caesarem
1178 2310 1364 2366 epistula
1398 2323 1438 2365 p.
1461 2309 1514 2351 37
1555 2309 1692 2352 Maius

216 2379 352 2423 edidit
388 2378 515 2435 Vale,
546 2387 584 2422 et
611 2395 701 2433 me,
743 2379 934 2433 obsecro,
972 2378 1204 2422 omnimode
1235 2394 1347 2421 ames
1377 2393 1463 2434 qua
1491 2378 1579 2420 ioco
1609 2393 1694 2434 qua

215 2447 324 2490 serio
347 2480 356 2489 .
379 2446 668 2490 OMmMoms
699 2446 933 2489 Lambinus
952 2480 961 2490 .

329 2514 427 2559 495.
459 2528 705 2557 couroms
734 2528 959 2556 Amemus
981 2547 990 2556 .
1012 2514 1110 2557 Itali
1143 2518 1184 2556 et
1213 2514 1411 2570 impressi
1443 2527 1672 2556 AUGMEN.

328 2582 424 2625 497.
457 2597 727 2624 msrAN’rrA
758 2596 948 2624 ΕΕΜῙΝΑ
971 2613 980 2623 .
1012 2582 1235 2626 Corrector
1273 2582 1448 2637 oblongi
1488 2594 1691 2622 smum.

215 2663 314 2692 mox
355 2650 591 2706 quadratus
627 2651 721 2707 Neq
753 2683 762 2692 .
803 2650 901 2693 dam
917 2683 929 2705 ‚
965 2650 1083 2706 apud
1122 2650 1309 2693 Nonium
1341 2664 1381 2705 p.
1417 2650 1509 2703 136,
1544 2648 1594 2689 11
1628 2647 1693 2690 Ne

217 2717 426 2774 queadam
447 2750 456 2759 .
569 2763 571 2765 ,

327 2785 424 2828 499.
455 2799 558 2827 Nou
588 2800 739 2828 Possm
770 2799 1002 2828 PnonARE
1025 2817 1034 2826 .
1057 2785 1260 2827 Marullus
1290 2797 1507 2825 PuonAm
1525 2817 1534 2826 .

327 2852 424 2895 501.
457 2867 764 2896 Tnnssnmco
810 2866 1123 2895 CONCHARUM
1167 2866 1321 2893 TECTA
1368 2866 1564 2893 COLORE
1587 2883 1597 2894 .
1628 2851 1693 2894 Ea

218 2933 328 2975 quae
358 2918 423 2962 his
454 2921 694 2975 praemissa
724 2925 823 2963 sunt
852 2922 896 2963 in
918 2921 1091 2964 scholiis
1111 2919 1430 2962 Veronensibus
1461 2919 1518 2962 ad
1539 2919 1692 2963 Aenei-

216 2987 294 3030 dos
317 3002 355 3042 ν,
373 2987 453 3031 251
478 2988 728 3031 exhibentur
751 3021 760 3031 .
792 2989 835 3031 in
857 2988 923 3032 his
947 2987 1149 3031 Marullus
1178 2989 1306 3030 cincta
1321 3020 1332 3042 ‚
1366 2987 1479 3045 quod
1511 3001 1603 3030 eum
1636 2987 1689 3032 ab
