2040 3328
393 246 447 289 84
1098 247 1140 290 II

390 358 581 400 videatur
611 358 752 400 omnia
791 359 920 400 semel
950 359 1004 400 ad
1037 355 1222 413 ἀνάγκην
1259 362 1299 400 et
1329 359 1383 400 ad
1415 359 1588 400 deorum
1619 360 1838 402 arbitrium

323 465 329 471 ,
389 423 546 466 referre
559 423 584 480 ,]
607 426 693 466 Nee
701 426 940 480 persectari
942 425 1184 481 primordia
1199 426 1366 481 sz’nyula
1382 441 1581 481 quaeque,
1608 427 1658 468 Ul
1673 426 1839 469 videant

389 507 473 546 qua
495 493 669 547 quicque
687 500 861 546 qeratur
882 508 973 533 cum
992 493 1151 533 ratione
1168 523 1176 532 .
1197 494 1324 545 atque
1351 490 1416 532 his
1447 496 1542 546 apte
1572 493 1712 535 iuncta
1741 498 1838 535 sunt

387 570 496 611 quae
525 563 746 600 secuntur:
786 571 837 599 ea
873 572 973 600 vero
1010 559 1133 601 huius
1165 558 1278 600 modi
1309 562 1429 612 sunt,
1461 572 1514 600 ne
1545 572 1636 601 esse
1667 559 1835 613 quidem

388 638 492 678 opus
523 629 568 666 ut
597 625 751 679 aliquis
773 625 1095 680 primordiorum
1124 630 1317 667 naturam
1339 629 1531 667 accurate
1552 627 1834 680 pervestiget,

386 704 468 744 quo
500 692 638 745 magis
667 693 896 747 perspiciat
924 693 1165 735 universam
1187 706 1322 734 rerum
1349 696 1543 733 naturam
1575 706 1658 735 non
1688 707 1780 736 esse
1810 707 1836 736 a

386 758 468 800 diis
498 759 711 800 hominum
742 772 870 801 causa
900 760 1165 802 constitutam
1189 791 1197 800 .
1231 759 1305 801 sed
1328 759 1434 801 banc
1455 773 1542 800 rem
1570 763 1720 814 poe‘ta,
1753 761 1835 803 nisi

386 824 536 879 fallor,
569 825 751 868 breviter
781 826 904 868 nimis
925 840 1002 869 nec
1032 830 1117 868 tam
1139 826 1307 868 diserte
1326 839 1451 879 quam
1477 827 1584 868 solet
1613 829 1833 883 exposuit:

386 905 483 934 nam
506 892 610 934 illud
633 893 845 935 blanditur
861 927 872 947 ,
894 893 1005 947 quod
1028 898 1091 936 est
1111 894 1153 934 in
1174 906 1299 936 versu
1322 893 1400 935 173
1417 926 1427 944 ,
1449 906 1476 934 a
1495 893 1708 948 plerisque
1730 894 1834 936 frus-

384 963 450 1001 tra
479 962 725 1014 temptatum
746 960 862 1014 (Itali
885 961 995 1002 enim
1017 959 1153 1002 fecere
1183 960 1545 1002 Ut-—blarzditum
1562 993 1573 1014 ,
1606 961 1834 1004 Lambinus

391 1026 788 1080 Ut—blandz'tz‘rn),
818 1027 920 1069 satis
949 1027 1052 1068 dure
1072 1027 1253 1081 positum
1286 1031 1349 1068 est
1379 1040 1454 1080 pro
1476 1027 1722 1069 blandiendo
1743 1029 1833 1070 hor-

383 1101 493 1134 tatur
515 1093 605 1135 sive
624 1093 849 1149 persuadet
874 1098 914 1135 et
936 1094 1141 1149 compellit
1163 1094 1372 1147 (similiter
1390 1093 1603 1136 Vitruvius
1619 1095 1661 1136 in
1677 1095 1772 1136 libri
1787 1109 1835 1135 111

382 1159 648 1214 praefatione
678 1177 767 1202 cum
796 1162 918 1203 etiam
947 1177 1068 1216 saepe
1095 1160 1335 1202 blandiatur
1352 1162 1494 1216 qratia
1513 1163 1787 1204 conviviorum
1809 1179 1835 1204 a

380 1227 489 1268 veris
506 1225 675 1268 iudiciis
691 1227 916 1282 adfalsam
926 1228 1231 1284 probationem:
1249 1226 1350 1268 dicit
1366 1228 1474 1269 enim
1491 1227 1707 1283 convivia,
1725 1241 1832 1283 quae

381 1292 562 1335 artifices
583 1293 683 1336 dent
703 1294 916 1336 nobilibus
934 1326 944 1349 ,
967 1307 1095 1349 saepe
1117 1294 1263 1335 horum
1285 1293 1474 1335 favorem
1495 1294 1740 1350 eblandiri),
1764 1308 1832 1337 ne-

380 1372 462 1413 que
482 1362 623 1403 versui
648 1361 752 1416 183,
775 1362 819 1403 in
850 1374 932 1415 quo
963 1366 1026 1404 est
1046 1361 1168 1403 Nunc
1191 1361 1240 1402 id
1266 1361 1378 1416 quod
1404 1377 1528 1417 super·
1558 1371 1615 1403 est
1645 1362 1831 1418 expedie-

379 1444 469 1469 mus
487 1460 498 1481 ,
521 1429 740 1470 commode
761 1428 894 1470 subici
911 1429 1047 1483 potuit
1067 1429 1190 1469 Nune
1209 1428 1320 1469 locus
1337 1429 1454 1469 estin
1469 1429 1532 1470 his
1548 1429 1659 1470 illud
1673 1446 1832 1485 quoque

378 1495 500 1536 rebus
522 1495 774 1550 Confirmare
791 1527 799 1536 .
823 1494 986 1537 accedit
1006 1495 1118 1549 quod
1140 1508 1185 1537 se
1207 1507 1294 1536 rem
1310 1496 1517 1550 posterius
1538 1496 1830 1551 aper-lamsac-

379 1569 516 1602 turum
546 1563 780 1617 promittit3
813 1562 925 1617 quod
956 1562 1028 1604 ubi
1053 1562 1270 1618 praestitit-
1283 1562 1474 1604 versibus
1495 1575 1660 1615 quoque
1682 1562 1830 1604 iisdem

380 1628 542 1682 aliquot
571 1630 760 1684 repetitis
790 1631 833 1671 in
864 1630 971 1670 libro
1002 1620 1416 1682 quinto'195—-234‚
1447 1628 1505 1669 ibi
1537 1629 1597 1670 rei
1618 1629 1830 1671 institutae

378 1696 669 1738 tractationem
700 1711 784 1739 non
814 1697 915 1739 satis
946 1701 1057 1738 recte
1093 1697 1367 1750 interruptam
1398 1708 1490 1736 esse
1530 1695 1583 1736 ad
1615 1697 1704 1738 eius
1734 1696 1829 1738 libri

377 1775 545 1804 versum
576 1764 657 1806 235
689 1763 1100 1806 demonstrabimus.
1143 1763 1324 1816 denique
1366 1775 1488 1817 quem
1525 1761 1749 1806 admodum
1787 1764 1830 1805 in

376 1829 468 1884 his,
491 1831 642 1884 quibus
670 1844 807 1873 rerum
837 1835 1030 1872 naturam
1060 1831 1115 1872 ad
1148 1831 1372 1872 utilitatem
1403 1830 1612 1872 hominum
1645 1835 1827 1872 creatam

376 1909 470 1939 esse
502 1902 655 1953 negat,
679 1902 763 1940 tam
794 1899 837 1939 in
866 1898 1050 1940 secundo
1083 1898 1189 1939 libro
1221 1911 1345 1951 quam
1375 1897 1419 1939 in
1451 1898 1593 1951 quinto
1624 1897 1828 1952 composi-

375 1965 532 2006 tionem
561 1966 767 2019 poematis
797 1966 994 2007 laborare
1024 1965 1335 2017 intelleximus,
1359 1965 1418 2006 ita
1448 1966 1491 2005 in
1512 1978 1556 2006 re
1577 1965 1672 2006 huic
1701 1965 1827 2006 simil-

373 2031 476 2073 lima
505 2033 547 2073 in
579 2031 687 2073 libro
719 2037 895 2086 quarto,
931 2032 1002 2074 ubi
1044 2045 1193 2074 sensus
1230 2031 1465 2073 hominibus
1496 2036 1666 2086 propter
1706 2044 1825 2072 usum

374 2098 496 2140 datos
528 2112 621 2140 esse
652 2099 766 2140 nullo
798 2099 922 2141 modo
961 2099 1073 2141 credi
1112 2112 1236 2153 posse
1274 2098 1420 2151 docet,
1458 2111 1600 2140 rursus
1633 2098 1827 2141 observa-

374 2165 509 2206 bimus
550 2178 642 2207 eam
674 2179 761 2207 rem
793 2179 956 2208 omnem
987 2166 1086 2207 illuc
1116 2179 1199 2207 non
1233 2165 1370 2207 facere
1402 2165 1621 2207 822—857
1645 2196 1654 2206 .
1685 2165 1825 2218 itaque

373 2233 638 2287 perspicuum
670 2238 732 2291 est
763 2233 838 2274 hos
869 2234 985 2275 locos
1007 2246 1032 2274 a
1053 2233 1244 2274 Lucretio
1267 2245 1350 2273 non
1373 2245 1421 2273 eo
1445 2231 1590 2273 ordine
1611 2245 1694 2286 quo
1716 2244 1825 2273 nunc

375 2300 563 2341 carmina
595 2300 751 2354 scripta
782 2300 960 2354 legimus
992 2304 1193 2342 tractatos
1216 2312 1334 2352 esse,
1358 2298 1432 2340 sed
1464 2299 1548 2340 alio
1579 2304 1764 2353 tempore
1786 2303 1827 2341 et

371 2379 464 2408 cum
494 2371 634 2408 cetera
670 2367 714 2408 in
746 2367 938 2409 manibus
974 2380 1057 2408 non
1094 2366 1291 2419 haberet,
1331 2378 1422 2406 cum
1452 2366 1602 2419 quibus
1632 2370 1755 2420 poe'ta
1785 2370 1825 2407 et

370 2433 643 2488 philosophus
679 2434 768 2476 veri
807 2447 945 2476 rerum
985 2433 1144 2475 ordinis
1182 2432 1362 2474 maxime
1399 2431 1612 2474 studiosus
1648 2433 1748 2484 illa,
1787 2433 1822 2474 si

369 2504 538 2555 posset,
570 2513 694 2554 quam
726 2501 944 2555 aptissime
976 2501 1229 2553 coniungere
1260 2499 1472 2541 debebat.
1496 2511 1548 2540 ex
1578 2511 1659 2552 quo
1691 2511 1821 2553 appa-

370 2571 457 2619 ret,
491 2567 603 2620 quod
634 2568 715 2608 iam
747 2580 874 2622 supra
905 2567 1020 2617 dixi,
1053 2568 1190 2622 ipsum
1217 2570 1385 2620 poe'tam
1406 2565 1484 2606 hoc
1505 2579 1610 2619 opus
1632 2579 1715 2607 non
1737 2565 1821 2607 edi-

369 2634 509 2688 disse,
547 2647 681 2688 neque
723 2636 902 2689 primum
943 2635 1145 2676 editorem
1177 2647 1347 2675 curasse
1383 2636 1427 2673 ut
1457 2632 1650 2686 singulae
1681 2637 1821 2686 partes

367 2702 581 2755 perfectae
613 2706 653 2743 et
683 2701 904 2743 absolutae
933 2700 1205 2755 viderentur;
1251 2713 1373 2754 quem
1411 2699 1543 2752 siquis
1579 2700 1622 2740 in
1663 2699 1726 2741 his
1768 2698 1820 2742 de

367 2768 516 2821 quibus
547 2781 659 2810 nunc
689 2781 781 2810 cum
810 2768 991 2810 maxime
1013 2758 1176 2820 agimus
1200 2767 1391 2809 versibus
1413 2766 1557 2808 charta
1578 2766 1820 2821 imperfecta

366 2839 406 2876 et
436 2835 577 2877 lacera
614 2849 734 2878 usum
773 2848 865 2877 esse
904 2835 1210 2890 suspicabitur,
1253 2839 1296 2877 ut
1333 2847 1384 2877 ea
1420 2847 1530 2889 quae
1569 2833 1635 2876 hic
1670 2833 1818 2875 deesse

365 2902 607 2956 scripsimus
637 2915 863 2956 numquam
894 2901 1009 2944 edita
1039 2902 1277 2957 existimet,
1308 2901 1412 2944 nihil
1444 2901 1606 2944 habebo
1637 2899 1747 2954 quod
1778 2899 1817 2941 ei

366 2981 603 3024 repugnare
634 2969 771 3012 dicam
788 3002 797 3011 .
