2040 3328
413 210 494 252 266
1105 211 1163 253 IV

411 322 524 364 Aues
554 322 801 364 adsuescunt
821 354 830 362 .
862 321 1018 363 Caesar
1049 321 1102 363 de
1130 320 1241 363 bello
1273 322 1436 365 Gallico
1457 336 1511 377 vl,
1533 323 1586 365 28
1616 323 1855 366 adsuescere

412 389 470 430 ad
497 390 678 431 homines
708 397 744 429 et
771 395 942 429 mansue·
955 388 1086 441 fieri.

526 455 644 497 1009.
674 467 882 494 PROELIA
911 467 1095 494 PUGNAS
1125 454 1289 495 Enmm
1310 485 1320 495 .
1341 454 1465 509 Apud
1490 456 1672 498 Nonium
1701 470 1742 511 p.
1762 456 1853 511 192,

411 522 465 564 26
490 537 658 576 puynas
683 520 832 563 Sedere
851 521 921 563 vel
946 520 1030 563 Sed
1056 536 1125 562 re.
1147 524 1286 562 cetera
1315 521 1402 562 dixi
1430 522 1486 563 ad
1515 522 1664 564 librum
1685 536 1728 578 11,
1748 523 1826 565 118
1843 555 1852 564 .

527 587 646 629 1011.
683 588 1111 635 PORRO,110M1NUM
1139 601 1322 628 MENTES
1352 600 1531 628 MAems
1561 602 1655 634 Qun
1683 602 1854 630 uonn-

412 668 499 694 Bus
527 667 717 707 EDUNT,
749 655 925 695 MAGNA
960 667 1131 694 ITIDEM
1170 667 1318 694 SAEPE
1347 669 1395 695 m
1425 668 1596 696 somus
1624 669 1854 696 macrum·-

412 735 504 766 QUE
544 734 833 766 GERUNTQUE
865 754 874 763 .
911 721 1114 762 Marullus
1151 722 1313 776 maquis
1351 738 1457 777 quae
1495 722 1668 764 motibus
1709 722 1857 764 edunt?

411 789 571 843 Mayna
600 789 743 829 etenim
772 804 892 843 saepe
922 813 976 818 —
1005 800 1114 841 quae
1142 801 1227 829 non
1256 788 1457 846 intellego
1478 819 1487 829 .
1517 800 1652 841 neque
1685 788 1855 831 omnino

411 854 536 896 video
558 854 658 908 quid
689 854 755 896 hie
783 854 846 895 illi
876 855 1019 907 magni
1042 855 1271 896 animorum
1292 858 1427 896 motus
1448 854 1579 897 velint
1598 885 1608 896 .
1630 858 1730 908 puto
1759 856 1856 897 seri-

411 920 594 963 bendum
624 934 717 963 esse
747 921 879 962 Porro
900 922 1106 962 hom-inum
1127 929 1276 962 mentes
1290 953 1301 973 ‚
1322 922 1484 977 maym‘s
1513 934 1596 966 QUI
1615 934 1855 963 unm-xnus

412 987 536 1029 edum
564 988 725 1043 Mayna
749 1020 760 1041 ,
792 987 932 1029 itidem
961 1003 1082 1043 saepe
1111 988 1156 1028 in
1184 988 1336 1029 somnis
1352 987 1604 1043 faciuntque
1630 997 1856 1044 yeruntque

411 1054 572 1096 seilicet
600 1067 781 1107 magna.

528 1121 645 1163 1013.
697 1122 854 1162 Rsess
904 1134 1215 1161 EXIPUGNANT
1247 1152 1256 1162 .
1296 1120 1513 1163 Coi-rector
1556 1121 1726 1175 oblongi
1774 1134 1856 1162 nx-

410 1201 657 1228 PUGNANT.

527 1255 646 1297 1020.
685 1267 832 1294 MUL'rx
860 1287 869 1307 ‚
898 1269 959 1296 DE
995 1268 1236 1296 MONTIBUS
1273 1269 1412 1296 AL‘rls
1447 1255 1517 1297 UT
1552 1268 1630 1300 QUI
1662 1268 1857 1296 PRAEcx-

411 1324 583 1362 mrem·
604 1335 664 1362 AD
687 1335 876 1362 TERRAM
897 1335 1114 1362 CORPORE
1141 1336 1295 1376 roro,
1327 1322 1688 1363 EXTERRUNTUR
1709 1354 1718 1364 .
1748 1308 1857 1372 Qua-

413 1388 557 1430 dratus
594 1392 634 1430 et
668 1392 876 1430 corrector
911 1388 1082 1442 oblongi
1104 1421 1113 1443 ‚
1146 1389 1244 1430 item
1274 1388 1482 1430 Antonius
1517 1389 1782 1431 Florentinus
1817 1393 1859 1431 et

413 1455 512 1496 olim
534 1455 728 1509 impressi
750 1488 759 1509 ,
791 1456 842 1497 Ut
862 1456 988 1510 quasi
999 1457 1273 1511 praecipitent
1294 1487 1303 1495 .
1325 1454 1614 1496 Wakefieldus
1634 1458 1745 1497 reete
1765 1468 1858 1509 pro-

413 1522 530 1563 bavit
565 1524 642 1577 qui
658 1538 671 1563 .·
700 1523 775 1564 sed
812 1521 924 1563 idem
959 1522 1099 1576 inepte
1135 1537 1303 1578 corpore
1338 1530 1415 1563 coto
1451 1522 1733 1563 Eoeterruntur
1759 1553 1770 1564 .
1798 1522 1859 1564 rei

360 1593 368 1601 '
413 1589 534 1630 unice
573 1593 715 1643 aptum
746 1593 810 1631 est
839 1590 1231 1639 EXTERNANTUR,
1261 1588 1419 1630 scilieet
1452 1588 1495 1629 in
1530 1587 1685 1630 somnis
1706 1619 1716 1630 .
1747 1587 1858 1630 idem

413 1655 662 1697 vocabulum
692 1655 908 1698 Iaeobsius
939 1656 1096 1710 optima
1127 1659 1167 1697 et
1195 1654 1434 1697 necessaria
1464 1654 1756 1696 emendatione
1777 1655 1859 1696 Ho-

412 1723 520 1764 ratio
541 1722 729 1765 reddidit
757 1723 800 1764 in
832 1722 1102 1777 epistularum
1123 1736 1148 1775 1,
1167 1722 1205 1774 6,
1227 1721 1269 1761 11
1293 1753 1303 1774 ,
1324 1722 1545 1777 Ιφψνουίεα
1565 1721 1692 1763 simul
1708 1723 1862 1777 speeies

415 1798 600 1832 externat
628 1799 844 1844 utrumque
862 1821 870 1830 .
1451 1803 1457 1810 ·

529 1857 650 1899 1026.
716 1857 836 1897 an
881 1869 1032 1896 SAEPE
1076 1869 1225 1896 1AcUM
1269 1869 1488 1896 PROPTER
1528 1868 1580 1894 ss
1615 1867 1672 1894 Ac
1711 1867 1860 1895 nomn

415 1937 570 1964 cum-A
591 1923 756 1964 SOMNO
777 1936 1007 1963 Dssvmcm
1030 1936 1253 1963 CREDUNT
1275 1936 1326 1962 sn
1348 1931 1629 1962 Exi-onmium
1650 1934 1858 1964 vesum.

414 1990 511 2032 Itali
533 1994 574 2032 et
593 1990 785 2045 impressi
806 2004 966 2031 LACUM
989 2025 998 2034 .
1020 1991 1080 2032 ita
1109 2006 1278 2046 spurcos
1306 1991 1422 2031 lacus
1443 1988 1655 2031 Iuvenalis
1677 2002 1731 2040 vl,
1753 1987 1834 2030 603
1851 2019 1860 2029 .

416 2058 647 2112 quadratus
678 2066 849 2114 propter
878 2074 971 2099 seca
1006 2057 1119 2099 dolia
1146 2089 1155 2099 .
1185 2057 1451 2111 perspicuum
1485 2059 1549 2098 est
1583 2055 1706 2096 scribi
1741 2067 1862 2109 opor-

413 2129 502 2167 tere
545 2126 679 2167 lacum
719 2133 893 2180 propter
942 2138 1015 2164 SEI
1058 2141 1106 2165 ae
1151 2124 1264 2166 dolia
1307 2132 1424 2165 curta
1451 2156 1460 2173 ,
1497 2123 1602 2164 siout
1650 2122 1692 2163 in
1738 2134 1863 2164 versu

418 2192 524 2234 1009
552 2224 561 2234 .
588 2208 720 2248 puros
756 2196 894 2233 autem
934 2192 1182 2245 interpretes
1213 2203 1284 2232 eur
1317 2205 1470 2246 pueros
1505 2188 1751 2242 intellegant
1778 2201 1863 2230 non

415 2258 540 2301 video
559 2292 568 2301 .

530 2326 649 2368 1032.
697 2326 1018 2368 Gonvmsmm
1069 2337 1345 2365 SIMULACRA
1389 2336 1532 2363 roms
1576 2335 1601 2362 Ε
1644 2335 1863 2363 CORPORE

417 2406 613 2438 QUOQUE
640 2425 649 2434 .
681 2394 776 2435 Non
813 2407 863 2435 ex
900 2409 1058 2448 quoque
1094 2404 1268 2445 corpore
1289 2423 1298 2443 ‚
1329 2403 1464 2443 neque
1501 2402 1552 2430 ex
1588 2405 1838 2445 quocumque
1851 2421 1862 2443 ,

416 2464 459 2502 ut
489 2473 614 2502 versu
647 2460 784 2514 1065,
816 2459 891 2501 sed
922 2473 973 2501 ex
1003 2472 1086 2500 uno
1118 2471 1319 2503 QUODAM
1355 2461 1466 2499 certo
1503 2467 1677 2509 corpore
1699 2488 1708 2498 .
1739 2468 1864 2498 versu

419 2527 525 2569 1048
555 2527 688 2582 quue
713 2529 816 2582 petit
845 2542 993 2581 eorpus
1012 2559 1022 2579 ,
1053 2542 1166 2567 mens
1194 2524 1302 2566 unde
1333 2533 1390 2566 est
1418 2523 1562 2564 saucia
1591 2537 1752 2564 amore.

532 2594 651 2636 1033.
689 2606 1005 2637 PULCHRIQUE
1042 2605 1261 2632 conones
1284 2624 1292 2632 .
1324 2591 1540 2633 Correetor
1577 2588 1748 2642 oblongi
1784 2601 1865 2629 co-

416 2675 558 2702 LORIS
580 2693 590 2703 .
621 2661 683 2702 sic
712 2674 836 2702 versu
866 2660 972 2702 1094
1003 2676 1054 2701 ως
1084 2660 1259 2700 hominis
1276 2658 1398 2713 faeie
1422 2657 1677 2712 pulchroque
1706 2656 1864 2698 colore.

533 2727 652 2770 1034.
685 2727 822 2778 QUAE
853 2741 993 2780 cler,
1026 2726 1146 2768 1047.
1177 2726 1378 2766 INCITAT
1400 2756 1409 2765 .
1435 2724 1590 2766 Versus
1611 2723 1655 2764 in
1675 2721 1864 2764 ordinem

417 2795 583 2848 redegit
612 2794 851 2847 Naugerius
874 2826 882 2835 .
914 2793 1006 2844 Qm
1035 2794 1111 2835 ciet
1139 2792 1366 2834 Lambinus
1396 2790 1539 2833 dedit.

534 2861 652 2903 1035.
683 2862 819 2903 ET,
834 2861 951 2904 1036.
975 2873 1222 2901 cnnssu‘rm'r
1240 2891 1249 2901 .
1272 2858 1511 2911 Naugerius
1533 2857 1602 2900 UT
1618 2881 1671 2888 —
1688 2867 1866 2896 cnuns-

421 2943 567 2969 TENT.
