2040 3328
945 225 966 266 I
1638 224 1692 268 57

215 355 268 395 v,
291 339 372 383 681
394 340 527 382 noctis
547 340 590 382 in
611 339 766 395 litura,
788 339 862 382 ubi
892 343 991 395 post
1010 357 1039 382 n
1066 340 1250 383 litteram
1282 341 1385 395 quid
1406 341 1545 395 prima
1565 352 1694 381 manu

214 409 416 464 scriptum
450 407 600 451 fuisset
630 408 842 464 dispicere
872 422 959 451 non
979 409 1126 464 potui.
1149 408 1383 463 quadratus
1403 423 1478 464 111,
1500 408 1584 452 598
1611 423 1694 449 om-

215 477 304 531 nis,
327 490 393 531 IV,
410 476 495 519 413
508 478 646 533 yemis
658 509 667 518 .
684 476 869 519 schedae
886 491 922 532 1,
939 477 1023 520 496
1038 478 1255 520 retinentis
1268 510 1277 519 .
1301 477 1466 519 Nonius
1483 477 1606 518 vestis
1623 489 1646 518 e
1663 490 1694 531 1,

215 545 299 588 305
316 559 358 601 p.
380 544 478 600 175,
498 545 543 600 6,
565 544 678 588 idem
691 547 842 602 yravis
857 559 880 588 e
897 560 958 601 VI,
977 545 1060 588 782
1076 559 1118 601 p.
1134 545 1236 600 394,
1258 546 1327 600 19,
1345 558 1368 587 e
1386 559 1450 600 vi,
1476 545 1559 587 160
1573 545 1696 586 nubis

214 627 257 669 p.
273 613 377 669 506,
398 613 448 654 11
469 646 478 654 .
495 614 680 669 paucula
701 618 800 657 sunt
820 627 932 669 quae
948 614 1021 656 vix
1043 613 1215 656 credam
1231 613 1332 656 ferri
1349 625 1477 669 posse
1494 645 1503 654 .
1522 612 1697 668 poplitis

216 695 240 725 e
254 695 299 722 1v
317 714 326 735 ,
351 681 434 725 952
457 682 623 724 Nonius
645 696 686 738 p.
704 682 787 725 218
806 715 815 736 ,
838 682 890 723 21
909 698 924 736 ,-
950 682 1017 724 cui
1034 686 1176 724 tamen
1197 695 1276 737 par
1298 686 1362 724 est
1373 681 1535 738 pedicis
1550 714 1561 735 ,
1584 678 1698 734 quod

215 749 363 793 tribuit
379 749 492 792 idem
506 750 718 793 Sisennae
735 764 776 806 p.
787 750 862 805 58,
879 751 948 805 19,
971 754 1013 793 et
1029 751 1197 806 seyetz's,
1216 749 1330 804 quod
1341 749 1531 803 Vergilio
1540 762 1582 803 p.
1594 746 1695 800 284,

215 818 262 873 6,
279 818 464 861 Varroni
483 819 626 875 teqetz's
641 832 682 873 p.
696 818 800 870 414,
819 818 895 873 23,
913 818 1051 860 velitis
1067 817 1269 860 Sallustio
1288 817 1521 860 etVarroni
1538 829 1580 871 p.
1592 814 1694 868 552,

215 886 270 930 28
291 886 348 929 30
372 886 484 941 553,
512 887 590 929 10.
633 887 789 930 Umor-is
810 887 854 928 in
874 900 945 942 ιν,
980 886 1088 929 1255
1120 886 1329 939 oblongus
1361 889 1403 927 et
1433 884 1697 939 quadratus,

217 954 360 998 odoris
396 955 441 996 in
479 953 631 997 eodem
661 954 747 998 494
782 955 1018 1011 quadratus
1036 970 1045 1010 3
1083 954 1237 1010 quibus
1275 954 1431 996 rectius
1468 965 1562 995 esse
1593 954 1697 1006 puto

216 1022 332 1078 quod
349 1023 516 1067 Nonius
533 1023 662 1067 habet
678 1037 719 1079 p.
736 1023 840 1078 497,
862 1024 913 1068 15
931 1038 953 1067 e
969 1023 1164 1079 Turpilio
1181 1055 1190 1076 ‚
1200 1023 1409 1079 primoris
1424 1021 1537 1063 viros
1555 1053 1564 1075 ,
1583 1019 1697 1075 quod

216 1095 281 1135 est
315 1105 450 1147 prope
489 1095 536 1134 ut
572 1093 747 1134 maioris
766 1125 774 1133 .
807 1092 870 1135 sic
906 1096 1049 1136 tamen
1081 1093 1259 1149 pictoris
1294 1090 1408 1132 idem
1440 1102 1463 1132 e
1495 1089 1699 1132 Cicerone

215 1173 257 1215 p.
275 1159 382 1214 471,
405 1160 488 1215 32,
511 1173 534 1202 e
555 1160 750 1203 Varrone
771 1162 1015 1218 spectatoris
1035 1174 1077 1216 p.
1095 1160 1202 1215 492,
1225 1161 1251 1203 9
1269 1191 1277 1201 .
1301 1159 1346 1200 in
1362 1173 1415 1213 v,
1442 1158 1549 1201 1085
1570 1170 1698 1199 mem-

218 1228 381 1271 branae
411 1227 570 1270 habent
596 1229 742 1285 9re92‘s
773 1233 814 1271 et
839 1231 979 1286 yrecis
998 1242 1076 1284 pro
1099 1231 1214 1270 recto
1237 1240 1365 1282 casu,
1388 1232 1434 1269 ut
1462 1239 1596 1282 supra
1616 1225 1699 1267 744

203 1296 360 1353 fruqz's
371 1295 603 1339 accusandi
619 1328 628 1350 ,
648 1295 804 1339 iudicis
820 1302 935 1339 recto
951 1298 1022 1339 lex
1038 1295 1225 1338 Servilia
1240 1309 1281 1350 p.
1298 1295 1375 1349 56,
1393 1295 1567 1336 rumicis
1583 1297 1697 1336 recto

220 1363 389 1407 Nonius
411 1376 435 1406 e
455 1364 620 1407 Lucilio
642 1378 683 1420 p.
706 1365 810 1420 224,
827 1365 856 1407 4
877 1397 884 1407 .
907 1366 968 1407 ita
998 1365 1212 1420 carnfflez's
1242 1367 1357 1405 recto
1390 1362 1624 1416 quadratus
1655 1362 1699 1403 in

219 1446 268 1474 111
282 1466 292 1485 ‚
319 1433 426 1477 1017
446 1465 455 1474 .

333 1501 430 1544 814.
475 1502 539 1545 Νι
559 1515 721 1544 MIRUM
743 1516 863 1548 QUIA
893 1515 1207 1543 MUL'eronIs
1239 1513 1497 1542 COMMUNIA
1518 1513 1697 1540 munus

216 1571 504 1613 MULTARUM
543 1585 711 1612 RERUM
750 1585 796 1612 IN
835 1585 991 1613 REBUS
1029 1584 1308 1612 PRIMORDIA
1346 1583 1502 1610 MIXTA
1540 1566 1668 1609 SUNT
1687 1599 1696 1610 .

215 1637 461 1691 Quadratus
503 1642 545 1682 et
579 1638 765 1682 schedae
799 1639 1042 1696 primordia
1071 1639 1203 1681 multa
1219 1655 1232 1692 ;
1263 1638 1380 1693 quod
1411 1637 1572 1693 primus
1603 1649 1698 1691 pro-

213 1707 334 1750 bavit
368 1708 476 1750 miro
514 1707 674 1750 iudicio
707 1707 1005 1751 Wakefieldus
1022 1740 1031 1750 .
1065 1720 1091 1750 a
1123 1707 1357 1762 Forbigero
1394 1706 1598 1748 iudicium
1630 1718 1698 1746 ex-

217 1776 380 1832 pectari
410 1789 496 1818 non
517 1776 655 1832 potuit
675 1810 684 1832 ,
706 1776 784 1819 sed
805 1777 849 1818 in
871 1776 1118 1819 miserrimis
1141 1776 1334 1818 assensio
1350 1811 1359 1819 .
1381 1775 1536 1817 rectius
1558 1777 1698 1815 autem

218 1857 245 1886 a
263 1844 474 1887 Lambino
506 1845 852 1900 adsumpsissent
871 1858 1035 1886 MULTA
1064 1844 1224 1886 modis.
1249 1844 1325 1887 sed
1357 1843 1518 1899 placuit
1546 1842 1599 1884 iis
1621 1842 1701 1883 hoc

213 1913 412 1956 vitiosum
444 1913 702 1956 multimodis
733 1914 876 1956 multis
907 1914 1034 1956 etiam
1056 1914 1099 1956 in
1123 1927 1179 1968 v,
1206 1913 1312 1967 187,
1337 1911 1450 1966 quod
1473 1911 1701 1953 noluerunt

213 1981 256 2023 in
287 1995 358 2037 1v,
384 1981 520 2036 1220,
543 1981 587 2023 in
617 1981 888 2036 1,1024,in
917 1995 944 2022 v
963 2013 972 2036 ,
994 1980 1092 2022 424.

328 2049 424 2092 824.
470 2064 652 2091 Munus
685 2063 947 2092 COMMUNIA
987 2063 1183 2091 Bnnms.
1217 2048 1439 2092 Corrector
1469 2048 1698 2103 quadrati,

215 2117 343 2172 Itali,
374 2117 612 2162 Brixiensis
653 2118 818 2172 editor,
850 2118 995 2160 multis
1036 2119 1271 2160 communia
1302 2131 1504 2160 VERBIS.
1537 2116 1699 2159 scilicet

214 2186 420 2242 scriptum
452 2185 531 2230 fuit
551 2201 671 2228 Bnms
690 2203 700 2243 3
722 2186 838 2242 quod
870 2200 964 2229 cum
987 2186 1164 2229 deberet
1195 2199 1290 2229 esse
1311 2199 1487 2240 smnus,
1510 2199 1539 2226 u
1570 2197 1698 2240 super

213 2269 241 2296 R
269 2254 534 2312 adscriptum
564 2269 615 2296 ιι,
646 2255 786 2298 visum
817 2260 908 2298 est.
931 2255 1011 2298 hoc
1042 2259 1271 2310 propterea
1301 2253 1604 2310 exponendum
1625 2267 1699 2308 pu-

212 2323 303 2366 tavi
320 2347 334 2378 ‚>
355 2323 456 2378 quia
477 2324 714 2379 Forbigero
736 2323 908 2367 videtur
929 2323 1051 2366 ‘mira
1071 2324 1287 2367 varietas.’
1322 2323 1396 2378 qui
1427 2322 1463 2365 si
1486 2322 1566 2364 hoc
1586 2326 1699 2364 recte

210 2392 440 2448 percipiet,
464 2393 652 2436 fortasse
673 2393 759 2435 iam
780 2406 857 2448 per
878 2405 924 2435 se
947 2392 1090 2435 dicere
1121 2393 1279 2448 poterit
1300 2391 1416 2435 unde
1438 2392 1481 2433 in
1503 2391 1699 2445 galliam-

212 2459 312 2502 bum
343 2460 499 2503 Catulli
531 2461 700 2504 venerit
729 2460 836 2503 illud
867 2461 1179 2517 ineptissimum
1207 2461 1409 2504 Geminas
1441 2459 1612 2502 deorum
1643 2458 1701 2500 ad

213 2530 334 2571 auris
351 2529 404 2571 75
422 2562 432 2584 ,
456 2542 551 2572 cum
572 2533 700 2585 poe‘ta
721 2529 966 2585 scripsisset
983 2530 1184 2573 Geminas
1205 2529 1354 2572 matris
1372 2527 1433 2570 ad
1451 2529 1571 2570 auris
1594 2543 1700 2569 nova

214 2596 364 2638 nuntia
391 2597 580 2653 referens
597 2630 606 2639 .

330 2663 427 2707 830.
472 2666 611 2708 NUNC
633 2680 691 2707 ET
714 2680 1053 2708 ANAXAGORAE
1076 2680 1371 2708 SCRUTEMUR
1392 2678 1696 2706 HOMOEOME—

216 2742 333 2770 nun
351 2762 360 2772 .
383 2731 529 2776 Codex
551 2734 764 2789 oblongus
785 2735 924 2790 prima
953 2748 1084 2776 manu
1117 2748 1201 2776 non
1222 2767 1231 2789 ,
1255 2739 1299 2776 ut
1320 2734 1422 2776 dicit
1443 2733 1700 2775 Havercam-
1737 2754 1760 2794 j<
1779 2753 1784 2755 ·

217 2810 323 2852 pus,
362 2799 716 2845 Homoiomerz'am
732 2836 743 2857 ,
780 2802 856 2844 sed
889 2791 1217 2859 homqfoqmerz'an
1233 2835 1243 2855 ,
1287 2814 1340 2844 ex
1379 2815 1463 2856 quo
1505 2802 1699 2856 intellegi

215 2870 356 2920 potest
386 2879 572 2922 quonam
610 2869 847 2924 scripturae
877 2864 1036 2924 genere
1069 2874 1290 2913 exaratum
1321 2869 1449 2912 fucrit
1479 2870 1698 2926 exemplar

215 2933 482 2990 archetypon
496 2967 505 2976 .
522 2934 696 2978 Servius
712 2936 769 2978 ad
787 2938 1006 2981 Aeneidos
1022 2953 1084 2993 1v‚
1103 2938 1186 2981 625
1205 2971 1214 2989 ,
1238 2942 1283 2980 ut
1300 2938 1408 2980 solet
1425 2971 1434 2992 ,
1459 2938 1594 2980 falsus
1611 2952 1695 2982 me-

214 3002 403 3057 moriae,
427 3003 551 3045 Nunc
572 3003 630 3045 ad
650 3003 938 3062 Anaoeayorae
959 3007 1176 3049 veniamus
1207 3006 1548 3049 homoeomeriam
1566 3023 1581 3062 ,·
1601 3006 1696 3049 hac-
