2040 3328
878 224 922 266 II
1557 230 1636 273 109

273 337 370 379 576.
403 337 470 379 ET
501 351 825 380 SUPERANTUR
854 353 972 380 mnu
1001 372 1010 381 .
1042 340 1164 381 Hunc
1194 353 1364 383 versum
1395 345 1527 384 totum
1558 348 1637 386 ret-

161 403 346 447 tulerunt
366 405 517 447 Festus
548 419 588 460 p.
612 405 706 460 375,
725 406 750 448 9
783 411 824 449 et
846 407 1010 450 Nonius
1040 421 1082 463 p.
1110 408 1201 463 184,
1220 408 1275 450 22
1297 441 1306 450 .
1329 409 1373 451 in
1404 423 1531 452 versu
1552 411 1635 454 583

160 472 397 527 quadratus
427 482 582 515 natura
613 481 772 516 tenetur
790 506 798 514 .

273 541 371 585 586.
403 542 470 583 ET
501 556 636 588 QUAE
669 556 868 589 CUMQUE
900 557 1049 584 rums
1071 557 1150 585 V1s
1177 559 1367 587 MULTAS
1399 559 1637 588 Possmn‘r

159 623 208 650 m
228 623 284 650 sn
301 610 478 656 ATQUE
497 624 941 666 POTESTATES,1TA
963 626 1187 655 numm.
1201 618 1276 656 etc.
1290 614 1454 656 Probus
1470 629 1511 670 p.
1529 616 1632 658 1461

159 679 383 721 Lucretius
413 688 549 721 tamen
579 695 749 722 numero
770 680 947 736 plurali
972 681 1051 723 kae
1082 682 1145 724 vis
1167 682 1243 737 (111,
1262 682 1366 737 256)
1392 692 1428 725 et
1450 683 1526 725 has
1546 685 1610 726 vis
1626 717 1635 726 .

159 746 406 789 Priscianus
427 761 469 803 p.
488 747 568 790 707
600 748 756 790 ethaeo
777 749 866 803 vis,
898 749 1023 791 huius
1053 750 1117 792 vis
1133 767 1148 804 ,-
1177 751 1297 792 cuius
1319 751 1493 806 plurale
1522 753 1637 795 simi-

159 815 254 858 liter
283 816 348 858 vis
378 824 463 858 tam
494 816 718 859 Lucretius
748 833 876 872 quam
906 817 1120 860 Salustius
1140 819 1411 874 protulerunt
1441 851 1450 860 .
1482 819 1638 862 Luere-

159 883 243 925 tius
272 883 318 925 in
347 897 379 924 11
408 883 495 926 Sed
523 900 650 940 quam
679 885 906 928 ‘multarum
936 901 1077 927 rerum
1111 887 1176 928 vis
1201 886 1388 942 possidet
1416 887 1461 929 in
1491 904 1534 929 se
1563 888 1636 930 At-

159 966 239 1006 que
255 959 478 1007 potestates
496 984 505 993 .
523 951 732 1003 Marullus
748 952 804 994 Et
820 969 901 1008 quo
917 954 1096 1010 quicque
1111 956 1247 1010 maqis
1261 980 1331 983 —
1349 956 1410 997 ita
1418 955 1610 1012 plurima
1625 989 1635 1009 ‚

158 1018 392 1061 Lambinus
423 1020 480 1062 E't
509 1037 634 1077 quam
667 1021 844 1077 quicque
875 1022 1012 1078 ‘maqis
1030 1047 1113 1076 ——,
1131 1023 1192 1065 ita
1214 1024 1367 1080 pluria
1388 1055 1396 1064 .
1419 1028 1464 1066 at
1484 1023 1636 1066 Lucre-

158 1086 241 1130 tius
272 1099 358 1129 non
390 1087 493 1130 dicit
531 1105 658 1145 quam
686 1089 822 1145 maqis
854 1097 937 1131 tam
967 1092 1131 1146 maqis,
1162 1090 1239 1133 sed
1271 1108 1350 1148 quo
1381 1091 1451 1134 Vel
1482 1101 1636 1148 quanto

157 1156 296 1211 maqis
327 1156 479 1210 (semel
510 1173 635 1213 quam
667 1173 828 1213 quoque
857 1159 994 1214 maqis
1015 1172 1071 1213 vx,
1089 1158 1192 1213 460)
1212 1167 1294 1201 tam
1316 1160 1453 1216 maqis
1471 1193 1479 1201 .
1498 1173 1636 1214 neque

159 1223 284 1266 aliter
314 1224 515 1267 Manilius
546 1225 590 1266 in
621 1239 681 1279 111,
705 1224 790 1266 344
830 1234 986 1282 quanto
1018 1228 1196 1283 propius
1230 1228 1332 1269 Tam
1369 1229 1534 1284 maqis:
1575 1227 1637 1270 Sic

158 1292 272 1334 enim
308 1296 422 1335 recte
453 1293 776 1336 Gemblacensis
800 1325 809 1334 .
840 1293 883 1335 in
914 1308 957 1334 1v
998 1294 1182 1336 Lucretii
1223 1295 1331 1337 1089
1349 1328 1358 1349 ‚
1397 1295 1470 1338 ubi
1511 1312 1636 1351 quam

159 1360 364 1416 scriptum
395 1365 486 1416 est,
520 1361 647 1404 debet
678 1374 773 1404 esse
805 1377 884 1418 quo
915 1378 1034 1419 maye
1065 1395 1074 1404 .
1106 1376 1234 1418 porro
1264 1366 1362 1418 post
1391 1379 1471 1420 quo
1500 1365 1636 1420 mayz's

158 1429 452 1485 comparativo
484 1443 592 1486 opus
624 1434 688 1472 est
706 1444 715 1471 ε
749 1430 899 1487 pluria
938 1443 1040 1472 vero
1078 1444 1163 1473 non
1206 1430 1305 1473 licet
1341 1430 1561 1486 adfingere
1597 1431 1636 1473 ei

157 1497 231 1552 qui
261 1511 392 1553 saepe
423 1497 531 1540 dixit
550 1499 688 1555 plura
720 1530 729 1540 .
760 1511 893 1552 quare
925 1497 1195 1540 scribendum
1228 1502 1291 1541 est
1321 1499 1638 1554 simplicissima

157 1565 324 1609 ratione
352 1567 410 1608 Et
430 1580 563 1612 QUOD
585 1583 759 1623 cumque
779 1567 916 1623 ‘ma'qis
931 1600 942 1620 ,
965 1567 1127 1610 scilicet
1147 1579 1275 1621 quam
1297 1567 1384 1609 alia
1402 1600 1411 1620 ‚
1438 1568 1502 1609 vis
1531 1566 1635 1608 ‘mul-

157 1642 222 1676 tas
247 1633 436 1691 possidet
466 1635 511 1676 in
541 1651 585 1677 se
604 1667 614 1677 .

273 1703 371 1746 593.
405 1702 478 1744 Ex
500 1717 602 1743 uns
624 1717 752 1745 veno
774 1717 921 1746 Fumi-
943 1717 1148 1745 mmnus
1173 1737 1181 1745 .
1205 1704 1301 1747 607.
1331 1703 1402 1745 Ex
1427 1716 1530 1742 mis
1548 1715 1635 1742 MU-

156 1785 270 1812 uru
302 1784 445 1812 LOCIS
469 1804 477 1812 .
500 1772 629 1814 Recte
660 1773 871 1816 Avantius
903 1776 944 1814 et
974 1772 1205 1814 Lambinus
1237 1772 1470 1814 Exmns.

272 1839 368 1882 600.
401 1839 497 1882 601.
529 1840 671 1882 HANG
832 1855 1079 1882 cucusum:
1108 1854 1303 1892 ΡΟΕΤΑΕ
1334 1839 1553 1881 Semnus
1584 1852 1633 1878 IN

159 1921 321 1949 cunm]
343 1922 546 1950 Euneos
570 1924 788 1952 limum:
809 1923 1025 1951 LEONES.
1049 1908 1167 1951 Haec
1188 1907 1378 1951 absurda
1399 1920 1494 1949 esse
1515 1906 1636 1948 Lam-

157 1975 285 2019 binus
306 1975 517 2019 intellexit
538 1991 547 2018 :
576 1992 715 2033 neque
738 1979 849 2021 enim
871 1979 915 2020 in
937 1994 1065 2019 curru
1093 1977 1249 2031 agitari
1279 1976 1427 2018 leones
1458 1978 1637 2030 possunt

157 2057 298 2099 neque
327 2044 486 2098 agitari
519 2045 714 2089 sedibus.
737 2047 881 2102 itaque
913 2045 987 2087 ille
1018 2044 1118 2088 fecit
1148 2041 1306 2100 optime
1337 2043 1561 2087 Sublimem
1591 2043 1636 2084 in

158 2111 434 2155 eurru.mihi
464 2116 607 2156 tamen
637 2115 729 2157 veri
750 2115 931 2157 similius
957 2112 1177 2157 videbatur
1208 2111 1276 2153 hic
1306 2125 1435 2153 unum
1465 2123 1635 2153 versum

157 2180 322 2236 perisse
336 2195 346 2222 ε
363 2180 599 2224 orationem
610 2182 703 2225 rudi
719 2187 811 2226 arte
823 2183 883 2225 ita
894 2181 1136 2236 fulciebam,
1149 2180 1275 2221 Hanc
1292 2188 1446 2222 veteres
1455 2178 1636 2221 Graium

158 2246 273 2290 docti
302 2249 485 2291 cecinere
509 2257 660 2306 poe'tae
695 2251 922 2307 Maq‘nifi'ce
958 2249 1099 2292 divam
1135 2265 1187 2291 εει·
1222 2249 1328 2304 ipsis
1362 2246 1636 2304 penetralibu'

157 2323 314 2359 vectam
334 2315 512 2359 Sedibus
542 2319 588 2360 in
618 2334 747 2361 curru
779 2320 942 2376 biiuqos
972 2318 1138 2374 aqz'tare
1169 2316 1303 2359 leones
1325 2347 1334 2357 .
1357 2315 1467 2358 hanc
1497 2327 1636 2357 meam

157 2383 441 2439 suspicionem
470 2389 623 2441 postea
653 2386 812 2429 codicis
845 2385 1042 2441 quadrati
1073 2384 1322 2427 auctoritate
1352 2382 1526 2425 mirifice
1556 2386 1638 2424 sta-

157 2450 271 2493 biliri
293 2451 483 2494 intellexi
501 2486 510 2508 ,
532 2454 577 2496 in
599 2467 682 2509 quo
704 2453 975 2496 interstitium
998 2457 1062 2495 est
1082 2452 1191 2494 inter
1211 2451 1289 2494 hos
1311 2464 1462 2494 versus
1478 2484 1489 2505 7
1510 2451 1636 2492 Hanc

158 2527 312 2561 veteres
333 2523 374 2562 et
389 2519 568 2563 Sedibus
582 2554 594 2576 ,
617 2521 815 2576 quamvis
830 2520 959 2564 modo
978 2525 1077 2563 ante
1099 2520 1239 2571 Quare
1259 2535 1414 2575 maqna
1430 2519 1530 2561 item
1552 2517 1634 2559 dis-

159 2585 335 2628 tinctum
365 2587 446 2642 sit,
476 2588 550 2630 ubi
571 2589 614 2630 in
636 2589 823 2643 oblongo
845 2592 911 2631 est
930 2603 992 2629 DE
1018 2602 1186 2629 MATRE
1215 2601 1382 2628 MAGNA
1406 2619 1415 2628 .
1438 2590 1502 2628 est
1523 2585 1633 2628 enim

161 2651 364 2695 credibile
394 2654 438 2696 in
467 2655 614 2698 codice
644 2657 878 2712 archetypo
909 2657 1020 2698 inter
1040 2656 1226 2711 paginae
1247 2654 1373 2696 huius
1402 2653 1501 2695 libri
1531 2665 1635 2692 xxw

161 2732 330 2762 versum
350 2721 603 2774 vigesimum
625 2724 794 2766 tertium
818 2728 859 2766 et
879 2727 1075 2778 quartum
1096 2723 1146 2777 (ii
1177 2725 1274 2764 sunt
1299 2722 1424 2762 Hanc
1453 2728 1634 2774 veteres,

158 2786 353 2839 Sedibus)
385 2787 516 2832 fuisse
546 2790 711 2844 aliquid
731 2790 902 2833 rubrica
922 2791 1124 2845 seriptum
1142 2821 1152 2843 ,
1175 2790 1292 2831 velut
1311 2801 1469 2828 DEEST
1489 2799 1499 2839 3
1520 2785 1634 2841 quod

160 2854 335 2910 oblongi
363 2855 544 2910 scriptor
573 2857 715 2911 legere
736 2871 821 2900 non
841 2858 1050 2913 potuerit,
1075 2857 1111 2899 is
1142 2869 1244 2898 vero
1277 2855 1349 2910 qui
1380 2854 1634 2909 quadratum

160 2923 330 2979 scripsit
358 2923 609 2966 rubricatori
642 2924 889 2968 addendum
918 2924 1166 2979 reliquerit.

274 2992 371 3034 605.
403 3006 560 3033 unum
591 3006 767 3034 nomm
791 3026 799 3033 .
825 2992 1034 3034 Antonius
1066 2991 1335 3034 Florentinus
1367 2995 1409 3034 et
1438 2990 1634 3046 impressi
