<?xml version="1.0" encoding="UTF-8"?>
<!DOCTYPE html PUBLIC "-//W3C//DTD XHTML 1.0 Transitional//EN"
    "http://www.w3.org/TR/xhtml1/DTD/xhtml1-transitional.dtd">
<html xmlns="http://www.w3.org/1999/xhtml" xml:lang="en" lang="en">
 <head>
  <title>
</title>
<meta http-equiv="Content-Type" content="text/html;charset=utf-8" />
  <meta name='ocr-system' content='tesseract 3.04.00' />
  <meta name='ocr-capabilities' content='ocr_page ocr_carea ocr_par ocr_line ocrx_word'/>
</head>
<body>
  <div class='ocr_page' id='page_1' title='image "./intlucretiicarid00lachuoft_0211.png"; bbox 0 0 2040 3328; ppageno 0'>
   <div class='ocr_carea' id='block_1_1' title="bbox 910 251 1679 296">
    <p class='ocr_par' dir='ltr' id='par_1_1' title="bbox 910 251 1679 296">
     <span class='ocr_line' id='line_1_1' title="bbox 910 251 1679 296; baseline -0.005 0"><span class='ocrx_word' id='word_1_1' title='bbox 910 253 975 296; x_wconf 94' lang='lat' dir='ltr'><strong>III</strong></span> <span class='ocrx_word' id='word_1_2' title='bbox 1599 251 1679 294; x_wconf 81' lang='lat'><strong>207</strong></span> 
     </span>
    </p>
   </div>
   <div class='ocr_carea' id='block_1_2' title="bbox 194 363 1685 904">
    <p class='ocr_par' dir='ltr' id='par_1_2' title="bbox 194 363 1685 904">
     <span class='ocr_line' id='line_1_2' title="bbox 200 363 1682 426; baseline -0.007 -11"><span class='ocrx_word' id='word_1_3' title='bbox 200 384 254 415; x_wconf 86' lang='lat' dir='ltr'><strong>ea</strong></span> <span class='ocrx_word' id='word_1_4' title='bbox 275 382 454 426; x_wconf 87' lang='lat' dir='ltr'><strong>operose</strong></span> <span class='ocrx_word' id='word_1_5' title='bbox 474 380 681 423; x_wconf 81' lang='lat' dir='ltr'>quaerere</span> <span class='ocrx_word' id='word_1_6' title='bbox 703 368 896 422; x_wconf 84' lang='lat' dir='ltr'><strong>cogimur</strong></span> <span class='ocrx_word' id='word_1_7' title='bbox 917 379 1031 421; x_wconf 89' lang='lat' dir='ltr'><strong>quae</strong></span> <span class='ocrx_word' id='word_1_8' title='bbox 1052 366 1176 408; x_wconf 91' lang='lat' dir='ltr'><strong>nobis</strong></span> <span class='ocrx_word' id='word_1_9' title='bbox 1198 365 1395 420; x_wconf 78' lang='lat' dir='ltr'>magistri</span> <span class='ocrx_word' id='word_1_10' title='bbox 1423 364 1557 406; x_wconf 86' lang='lat' dir='ltr'><strong>nostri</strong></span> <span class='ocrx_word' id='word_1_11' title='bbox 1580 363 1682 404; x_wconf 88' lang='lat' dir='ltr'><strong>olim</strong></span> 
     </span>
     <span class='ocr_line' id='line_1_3' title="bbox 199 432 1684 492; baseline -0.006 -10"><span class='ocrx_word' id='word_1_12' title='bbox 199 439 371 483; x_wconf 80' lang='lat' dir='ltr'><strong>tradere</strong></span> <span class='ocrx_word' id='word_1_13' title='bbox 391 437 633 480; x_wconf 82' lang='lat' dir='ltr'><strong>debebant.</strong></span> <span class='ocrx_word' id='word_1_14' title='bbox 658 437 800 492; x_wconf 88' lang='lat' dir='ltr'><strong>itaque</strong></span> <span class='ocrx_word' id='word_1_15' title='bbox 823 442 922 480; x_wconf 90' lang='lat' dir='ltr'><strong>ante</strong></span> <span class='ocrx_word' id='word_1_16' title='bbox 943 436 1087 479; x_wconf 90' lang='lat' dir='ltr'><strong>omnia</strong></span> <span class='ocrx_word' id='word_1_17' title='bbox 1103 433 1321 478; x_wconf 90' lang='lat' dir='ltr'><strong>sciendum</strong></span> <span class='ocrx_word' id='word_1_18' title='bbox 1343 436 1408 475; x_wconf 86' lang='lat' dir='ltr'><strong>est</strong></span> <span class='ocrx_word' id='word_1_19' title='bbox 1427 432 1533 474; x_wconf 88' lang='lat' dir='ltr'><strong>haec</strong></span> <span class='ocrx_word' id='word_1_20' title='bbox 1548 432 1684 474; x_wconf 86' lang='lat' dir='ltr'><strong>verba</strong></span> 
     </span>
     <span class='ocr_line' id='line_1_4' title="bbox 198 500 1681 563; baseline -0.006 -13"><span class='ocrx_word' id='word_1_21' title='bbox 198 508 250 550; x_wconf 72' lang='lat' dir='ltr'><strong>iit</strong></span> <span class='ocrx_word' id='word_1_22' title='bbox 279 510 321 550; x_wconf 91' lang='lat' dir='ltr'><strong>et</strong></span> <span class='ocrx_word' id='word_1_23' title='bbox 331 507 460 563; x_wconf 77' lang='lat' dir='ltr'><strong>petiit</strong></span> <span class='ocrx_word' id='word_1_24' title='bbox 489 517 582 548; x_wconf 89' lang='lat' dir='ltr'><strong>cum</strong></span> <span class='ocrx_word' id='word_1_25' title='bbox 605 506 851 562; x_wconf 88' lang='lat' dir='ltr'><strong>compositis</strong></span> <span class='ocrx_word' id='word_1_26' title='bbox 872 507 893 548; x_wconf 81' lang='lat' dir='ltr'><em>i</em></span> <span class='ocrx_word' id='word_1_27' title='bbox 918 505 1055 548; x_wconf 88' lang='lat' dir='ltr'><strong>altera</strong></span> <span class='ocrx_word' id='word_1_28' title='bbox 1076 507 1250 546; x_wconf 83' lang='lat' dir='ltr'><strong>extenta</strong></span> <span class='ocrx_word' id='word_1_29' title='bbox 1276 500 1538 558; x_wconf 89' lang='lat' dir='ltr'><strong>proferenda</strong></span> <span class='ocrx_word' id='word_1_30' title='bbox 1558 512 1654 542; x_wconf 89' lang='lat' dir='ltr'><strong>esse</strong></span> <span class='ocrx_word' id='word_1_31' title='bbox 1672 532 1681 541; x_wconf 88' lang='lat'><strong>.</strong></span> 
     </span>
     <span class='ocr_line' id='line_1_5' title="bbox 199 568 1682 628; baseline -0.005 -10"><span class='ocrx_word' id='word_1_32' title='bbox 199 575 320 618; x_wconf 88' lang='lat' dir='ltr'><strong>cuius</strong></span> <span class='ocrx_word' id='word_1_33' title='bbox 341 573 404 615; x_wconf 90' lang='lat' dir='ltr'><strong>rei</strong></span> <span class='ocrx_word' id='word_1_34' title='bbox 435 572 723 616; x_wconf 89' lang='lat' dir='ltr'><strong>firmissimum</strong></span> <span class='ocrx_word' id='word_1_35' title='bbox 745 578 1040 628; x_wconf 82' lang='lat' dir='ltr'><strong>argumentum</strong></span> <span class='ocrx_word' id='word_1_36' title='bbox 1074 576 1138 614; x_wconf 90' lang='lat' dir='ltr'><strong>est</strong></span> <span class='ocrx_word' id='word_1_37' title='bbox 1159 570 1276 626; x_wconf 89' lang='lat' dir='ltr'><strong>quod</strong></span> <span class='ocrx_word' id='word_1_38' title='bbox 1304 574 1346 612; x_wconf 92' lang='lat' dir='ltr'><strong>et</strong></span> <span class='ocrx_word' id='word_1_39' title='bbox 1375 569 1419 611; x_wconf 91' lang='lat' dir='ltr'><strong>in</strong></span> <span class='ocrx_word' id='word_1_40' title='bbox 1440 568 1589 611; x_wconf 89' lang='lat' dir='ltr'><strong>tabula</strong></span> <span class='ocrx_word' id='word_1_41' title='bbox 1610 581 1682 611; x_wconf 86' lang='lat' dir='ltr'><strong>vo-</strong></span> 
     </span>
     <span class='ocr_line' id='line_1_6' title="bbox 198 638 1683 698; baseline -0.007 -10"><span class='ocrx_word' id='word_1_42' title='bbox 198 644 289 688; x_wconf 85' lang='lat' dir='ltr'><strong>tiva</strong></span> <span class='ocrx_word' id='word_1_43' title='bbox 318 643 367 686; x_wconf 91' lang='lat' dir='ltr'><strong>L.</strong></span> <span class='ocrx_word' id='word_1_44' title='bbox 394 642 585 684; x_wconf 88' lang='lat' dir='ltr'>Mummii</span> <span class='ocrx_word' id='word_1_45' title='bbox 608 675 618 698; x_wconf 92' lang='lat'>,</span> <span class='ocrx_word' id='word_1_46' title='bbox 640 642 684 684; x_wconf 89' lang='lat' dir='ltr'><strong>in</strong></span> <span class='ocrx_word' id='word_1_47' title='bbox 708 642 940 685; x_wconf 87' lang='lat' dir='ltr'><strong>Arvalibus</strong></span> <span class='ocrx_word' id='word_1_48' title='bbox 971 640 1124 683; x_wconf 89' lang='lat' dir='ltr'><strong>Marini</strong></span> <span class='ocrx_word' id='word_1_49' title='bbox 1157 654 1197 695; x_wconf 93' lang='lat' dir='ltr'><strong>p.</strong></span> <span class='ocrx_word' id='word_1_50' title='bbox 1215 639 1296 692; x_wconf 85' lang='lat'><strong>30,</strong></span> <span class='ocrx_word' id='word_1_51' title='bbox 1319 638 1475 691; x_wconf 89' lang='lat' dir='ltr'><strong>legitur</strong></span> <span class='ocrx_word' id='word_1_52' title='bbox 1505 638 1683 679; x_wconf 82' lang='lat' dir='ltr'><em>Romam</em></span> 
     </span>
     <span class='ocr_line' id='line_1_7' title="bbox 197 705 1684 766; baseline -0.006 -12"><span class='ocrx_word' id='word_1_53' title='bbox 197 711 348 756; x_wconf 77' lang='lat' dir='ltr'><strong>redieit</strong></span> <span class='ocrx_word' id='word_1_54' title='bbox 369 711 635 766; x_wconf 70' lang='lat' dir='ltr'><strong>triumphans</strong></span> <span class='ocrx_word' id='word_1_55' title='bbox 649 743 660 765; x_wconf 85' lang='lat'>,</span> <span class='ocrx_word' id='word_1_56' title='bbox 684 715 726 752; x_wconf 91' lang='lat' dir='ltr'><strong>et</strong></span> <span class='ocrx_word' id='word_1_57' title='bbox 746 710 790 752; x_wconf 90' lang='lat' dir='ltr'><strong>in</strong></span> <span class='ocrx_word' id='word_1_58' title='bbox 812 711 909 763; x_wconf 88' lang='lat' dir='ltr'><strong>lege</strong></span> <span class='ocrx_word' id='word_1_59' title='bbox 926 708 1088 751; x_wconf 89' lang='lat' dir='ltr'><strong>Thoria</strong></span> <span class='ocrx_word' id='word_1_60' title='bbox 1107 708 1258 750; x_wconf 80' lang='lat' dir='ltr'><strong>vem‘ez&#39;t</strong></span> <span class='ocrx_word' id='word_1_61' title='bbox 1273 706 1531 760; x_wconf 85' lang='lat' dir='ltr'><strong>quinquiens</strong></span> <span class='ocrx_word' id='word_1_62' title='bbox 1553 705 1684 760; x_wconf 89' lang='lat' dir='ltr'><strong>scrip-</strong></span> 
     </span>
     <span class='ocr_line' id='line_1_8' title="bbox 198 773 1685 834; baseline -0.006 -11"><span class='ocrx_word' id='word_1_63' title='bbox 198 784 286 823; x_wconf 86' lang='lat' dir='ltr'><strong>tum</strong></span> <span class='ocrx_word' id='word_1_64' title='bbox 319 782 462 832; x_wconf 84' lang='lat' dir='ltr'><strong>extat,</strong></span> <span class='ocrx_word' id='word_1_65' title='bbox 484 778 540 820; x_wconf 86' lang='lat'><strong>58</strong></span> <span class='ocrx_word' id='word_1_66' title='bbox 573 779 674 834; x_wconf 81' lang='lat' dir='ltr'><strong>quei</strong></span> <span class='ocrx_word' id='word_1_67' title='bbox 700 794 802 834; x_wconf 69' lang='lat' dir='ltr'><strong>ayer</strong></span> <span class='ocrx_word' id='word_1_68' title='bbox 818 778 985 834; x_wconf 80' lang='lat' dir='ltr'><strong>publice</strong></span> <span class='ocrx_word' id='word_1_69' title='bbox 1004 792 1086 819; x_wconf 75' lang='lat' dir='ltr'><strong>non</strong></span> <span class='ocrx_word' id='word_1_70' title='bbox 1107 776 1283 829; x_wconf 74' lang='lat' dir='ltr'><strong>venieit,</strong></span> <span class='ocrx_word' id='word_1_71' title='bbox 1306 774 1361 817; x_wconf 99' lang='lat'>65</span> <span class='ocrx_word' id='word_1_72' title='bbox 1378 774 1430 816; x_wconf 83' lang='lat'>67</span> <span class='ocrx_word' id='word_1_73' title='bbox 1464 773 1577 830; x_wconf 81' lang='lat' dir='ltr'><strong>quod</strong></span> <span class='ocrx_word' id='word_1_74' title='bbox 1596 774 1685 815; x_wconf 79' lang='lat' dir='ltr'><strong>eius</strong></span> 
     </span>
     <span class='ocr_line' id='line_1_9' title="bbox 194 843 1684 904; baseline -0.006 -13"><span class='ocrx_word' id='word_1_75' title='bbox 194 848 365 904; x_wconf 79' lang='lat' dir='ltr'><strong>publice</strong></span> <span class='ocrx_word' id='word_1_76' title='bbox 384 863 467 889; x_wconf 75' lang='lat' dir='ltr'><strong>non</strong></span> <span class='ocrx_word' id='word_1_77' title='bbox 497 846 648 889; x_wconf 80' lang='lat' dir='ltr'><strong>vem‘eit</strong></span> <span class='ocrx_word' id='word_1_78' title='bbox 664 877 676 899; x_wconf 82' lang='lat'><em>‚</em></span> <span class='ocrx_word' id='word_1_79' title='bbox 699 844 752 887; x_wconf 87' lang='lat'><strong>75</strong></span> <span class='ocrx_word' id='word_1_80' title='bbox 785 846 887 901; x_wconf 78' lang='lat' dir='ltr'><strong>quei</strong></span> <span class='ocrx_word' id='word_1_81' title='bbox 902 846 1061 887; x_wconf 85' lang='lat' dir='ltr'><strong>Romae</strong></span> <span class='ocrx_word' id='word_1_82' title='bbox 1074 844 1244 901; x_wconf 78' lang='lat' dir='ltr'><strong>publice</strong></span> <span class='ocrx_word' id='word_1_83' title='bbox 1265 843 1415 885; x_wconf 79' lang='lat' dir='ltr'><strong>verziez’t</strong></span> <span class='ocrx_word' id='word_1_84' title='bbox 1435 843 1658 884; x_wconf 77' lang='lat' dir='ltr'><strong>vem&#39;erz&#39;tve</strong></span> <span class='ocrx_word' id='word_1_85' title='bbox 1673 874 1684 894; x_wconf 84' lang='lat'>,</span> 
     </span>
    </p>
   </div>
   <div class='ocr_carea' id='block_1_3' title="bbox 198 909 1761 972">
    <p class='ocr_par' dir='ltr' id='par_1_3' title="bbox 198 909 1761 972">
     <span class='ocr_line' id='line_1_10' title="bbox 198 909 1761 972; baseline -0.006 -14"><span class='ocrx_word' id='word_1_86' title='bbox 198 915 251 958; x_wconf 90' lang='lat'><strong>91</strong></span> <span class='ocrx_word' id='word_1_87' title='bbox 279 915 447 972; x_wconf 75' lang='lat' dir='ltr'><strong>publice</strong></span> <span class='ocrx_word' id='word_1_88' title='bbox 483 914 670 968; x_wconf 72' lang='lat' dir='ltr'><strong>vem&#39;eit5</strong></span> <span class='ocrx_word' id='word_1_89' title='bbox 699 913 742 954; x_wconf 90' lang='lat' dir='ltr'><strong>in</strong></span> <span class='ocrx_word' id='word_1_90' title='bbox 784 913 937 956; x_wconf 89' lang='lat' dir='ltr'><strong>eadem</strong></span> <span class='ocrx_word' id='word_1_91' title='bbox 973 912 1105 955; x_wconf 85' lang='lat' dir='ltr'><strong>semel</strong></span> <span class='ocrx_word' id='word_1_92' title='bbox 1133 912 1187 955; x_wconf 85' lang='lat'><strong>65</strong></span> <span class='ocrx_word' id='word_1_93' title='bbox 1226 912 1390 964; x_wconf 73' lang='lat' dir='ltr'><strong>veniet,</strong></span> <span class='ocrx_word' id='word_1_94' title='bbox 1422 910 1490 951; x_wconf 85' lang='lat' dir='ltr'><strong>cui</strong></span> <span class='ocrx_word' id='word_1_95' title='bbox 1527 909 1686 952; x_wconf 84' lang='lat' dir='ltr'><strong>similia</strong></span> <span class='ocrx_word' id='word_1_96' title='bbox 1757 921 1761 924; x_wconf 63' lang='grc'><em>“</em></span> 
     </span>
    </p>
   </div>
   <div class='ocr_carea' id='block_1_4' title="bbox 193 977 1685 1651">
    <p class='ocr_par' dir='ltr' id='par_1_4' title="bbox 193 977 1685 1651">
     <span class='ocr_line' id='line_1_11' title="bbox 197 977 1684 1026; baseline -0.005 0"><span class='ocrx_word' id='word_1_97' title='bbox 197 987 298 1026; x_wconf 82' lang='lat' dir='ltr'><strong>sunt</strong></span> <span class='ocrx_word' id='word_1_98' title='bbox 326 982 468 1026; x_wconf 75' lang='lat' dir='ltr'><strong>adiese</strong></span> <span class='ocrx_word' id='word_1_99' title='bbox 497 981 686 1024; x_wconf 74' lang='lat' dir='ltr'><strong>adiesent</strong></span> <span class='ocrx_word' id='word_1_100' title='bbox 715 980 874 1023; x_wconf 75' lang='lat' dir='ltr'><strong>adieset</strong></span> <span class='ocrx_word' id='word_1_101' title='bbox 902 981 946 1022; x_wconf 92' lang='lat' dir='ltr'><strong>in</strong></span> <span class='ocrx_word' id='word_1_102' title='bbox 978 993 1012 1023; x_wconf 84' lang='lat' dir='ltr'><strong>s.</strong></span> <span class='ocrx_word' id='word_1_103' title='bbox 1034 992 1069 1023; x_wconf 92' lang='lat' dir='ltr'><strong>c.</strong></span> <span class='ocrx_word' id='word_1_104' title='bbox 1102 979 1157 1022; x_wconf 87' lang='lat' dir='ltr'><strong>de</strong></span> <span class='ocrx_word' id='word_1_105' title='bbox 1187 978 1530 1021; x_wconf 82' lang='lat' dir='ltr'><strong>Bacchanalibus</strong></span> <span class='ocrx_word' id='word_1_106' title='bbox 1550 1010 1558 1019; x_wconf 94' lang='lat'>.</span> <span class='ocrx_word' id='word_1_107' title='bbox 1581 977 1684 1020; x_wconf 89' lang='lat' dir='ltr'><strong>alte-</strong></span> 
     </span>
     <span class='ocr_line' id='line_1_12' title="bbox 197 1045 1684 1106; baseline -0.005 -12"><span class='ocrx_word' id='word_1_108' title='bbox 197 1065 290 1094; x_wconf 88' lang='lat' dir='ltr'><strong>rum</strong></span> <span class='ocrx_word' id='word_1_109' title='bbox 313 1053 610 1106; x_wconf 84' lang='lat' dir='ltr'><strong>argumentum</strong></span> <span class='ocrx_word' id='word_1_110' title='bbox 637 1062 690 1092; x_wconf 90' lang='lat' dir='ltr'><strong>ex</strong></span> <span class='ocrx_word' id='word_1_111' title='bbox 711 1048 867 1092; x_wconf 85' lang='lat' dir='ltr'><strong>Ovidio</strong></span> <span class='ocrx_word' id='word_1_112' title='bbox 898 1048 996 1091; x_wconf 92' lang='lat' dir='ltr'><strong>duci</strong></span> <span class='ocrx_word' id='word_1_113' title='bbox 1028 1051 1194 1104; x_wconf 89' lang='lat' dir='ltr'><strong>potest,</strong></span> <span class='ocrx_word' id='word_1_114' title='bbox 1218 1047 1288 1102; x_wconf 89' lang='lat' dir='ltr'><strong>qui</strong></span> <span class='ocrx_word' id='word_1_115' title='bbox 1321 1060 1406 1089; x_wconf 92' lang='lat' dir='ltr'><strong>non</strong></span> <span class='ocrx_word' id='word_1_116' title='bbox 1432 1045 1560 1089; x_wconf 93' lang='lat' dir='ltr'><strong>modo</strong></span> <span class='ocrx_word' id='word_1_117' title='bbox 1591 1046 1684 1087; x_wconf 81' lang='lat' dir='ltr'><strong>sub-</strong></span> 
     </span>
     <span class='ocr_line' id='line_1_13' title="bbox 197 1114 1684 1172; baseline -0.004 -10"><span class='ocrx_word' id='word_1_118' title='bbox 197 1121 249 1162; x_wconf 73' lang='lat' dir='ltr'><strong>iit</strong></span> <span class='ocrx_word' id='word_1_119' title='bbox 277 1120 383 1162; x_wconf 78' lang='lat' dir='ltr'><strong>abiit</strong></span> <span class='ocrx_word' id='word_1_120' title='bbox 418 1121 561 1161; x_wconf 86' lang='lat' dir='ltr'><strong>cetera</strong></span> <span class='ocrx_word' id='word_1_121' title='bbox 589 1116 818 1172; x_wconf 89' lang='lat' dir='ltr'><strong>produxit,</strong></span> <span class='ocrx_word' id='word_1_122' title='bbox 849 1116 925 1159; x_wconf 91' lang='lat' dir='ltr'><strong>sed</strong></span> <span class='ocrx_word' id='word_1_123' title='bbox 964 1117 1092 1159; x_wconf 87' lang='lat' dir='ltr'><strong>etiam</strong></span> <span class='ocrx_word' id='word_1_124' title='bbox 1120 1117 1268 1172; x_wconf 75' lang='lat' dir='ltr'><strong>petiit,</strong></span> <span class='ocrx_word' id='word_1_125' title='bbox 1296 1120 1338 1158; x_wconf 88' lang='lat' dir='ltr'><strong>et</strong></span> <span class='ocrx_word' id='word_1_126' title='bbox 1375 1115 1550 1170; x_wconf 91' lang='lat' dir='ltr'><strong>quidem</strong></span> <span class='ocrx_word' id='word_1_127' title='bbox 1587 1114 1684 1156; x_wconf 87' lang='lat' dir='ltr'><strong>aliis</strong></span> 
     </span>
     <span class='ocr_line' id='line_1_14' title="bbox 198 1182 1685 1240; baseline -0.004 -10"><span class='ocrx_word' id='word_1_128' title='bbox 198 1186 521 1230; x_wconf 76' lang='lat' dir='ltr'><strong>condicionibus</strong></span> <span class='ocrx_word' id='word_1_129' title='bbox 552 1199 679 1240; x_wconf 93' lang='lat' dir='ltr'><strong>quam</strong></span> <span class='ocrx_word' id='word_1_130' title='bbox 712 1185 866 1240; x_wconf 89' lang='lat' dir='ltr'><strong>quibus</strong></span> <span class='ocrx_word' id='word_1_131' title='bbox 897 1199 993 1227; x_wconf 92' lang='lat' dir='ltr'><strong>eum</strong></span> <span class='ocrx_word' id='word_1_132' title='bbox 1014 1197 1220 1227; x_wconf 82' lang='lat' dir='ltr'><strong>caesurae</strong></span> <span class='ocrx_word' id='word_1_133' title='bbox 1253 1184 1418 1238; x_wconf 89' lang='lat' dir='ltr'><strong>aliquid</strong></span> <span class='ocrx_word' id='word_1_134' title='bbox 1450 1182 1685 1226; x_wconf 84' lang='lat' dir='ltr'><strong>concedere</strong></span> 
     </span>
     <span class='ocr_line' id='line_1_15' title="bbox 200 1252 1684 1298; baseline -0.004 0"><span class='ocrx_word' id='word_1_135' title='bbox 200 1268 314 1298; x_wconf 83' lang='lat' dir='ltr'><strong>anno</strong></span> <span class='ocrx_word' id='word_1_136' title='bbox 350 1254 457 1297; x_wconf 89' lang='lat'>1848</span> <span class='ocrx_word' id='word_1_137' title='bbox 488 1254 532 1296; x_wconf 88' lang='lat' dir='ltr'><strong>in</strong></span> <span class='ocrx_word' id='word_1_138' title='bbox 562 1254 706 1296; x_wconf 92' lang='lat' dir='ltr'><strong>libello</strong></span> <span class='ocrx_word' id='word_1_139' title='bbox 738 1253 985 1296; x_wconf 87' lang='lat' dir='ltr'><strong>academico</strong></span> <span class='ocrx_word' id='word_1_140' title='bbox 1008 1253 1204 1295; x_wconf 88' lang='lat' dir='ltr'><strong>subtilius</strong></span> <span class='ocrx_word' id='word_1_141' title='bbox 1235 1252 1432 1295; x_wconf 15' lang='lat' dir='ltr'><strong>ostendii.</strong></span> <span class='ocrx_word' id='word_1_142' title='bbox 1454 1253 1583 1294; x_wconf 75' lang='lat' dir='ltr'><strong>subiit</strong></span> <span class='ocrx_word' id='word_1_143' title='bbox 1614 1268 1684 1293; x_wconf 85' lang='lat' dir='ltr'><strong>ar-</strong></span> 
     </span>
     <span class='ocr_line' id='line_1_16' title="bbox 193 1319 1684 1380; baseline -0.003 -14"><span class='ocrx_word' id='word_1_144' title='bbox 193 1332 345 1380; x_wconf 68' lang='lat' dir='ltr'><strong>qentea</strong></span> <span class='ocrx_word' id='word_1_145' title='bbox 365 1323 512 1380; x_wconf 78' lang='lat' dir='ltr'><strong>proles</strong></span> <span class='ocrx_word' id='word_1_146' title='bbox 532 1327 702 1365; x_wconf 86' lang='lat' dir='ltr'><strong>metam.</strong></span> <span class='ocrx_word' id='word_1_147' title='bbox 724 1337 751 1378; x_wconf 93' lang='lat'><strong>1,</strong></span> <span class='ocrx_word' id='word_1_148' title='bbox 772 1322 854 1363; x_wconf 89' lang='grc'><strong>114</strong></span> <span class='ocrx_word' id='word_1_149' title='bbox 871 1355 879 1363; x_wconf 95' lang='grc'><strong>.</strong></span> <span class='ocrx_word' id='word_1_150' title='bbox 902 1323 978 1364; x_wconf 83' lang='lat' dir='ltr'><strong>Me.</strong></span> <span class='ocrx_word' id='word_1_151' title='bbox 990 1323 1112 1378; x_wconf 68' lang='lat' dir='ltr'><strong>petiit</strong></span> <span class='ocrx_word' id='word_1_152' title='bbox 1128 1338 1141 1364; x_wconf 89' lang='lat'><em>:</em></span> <span class='ocrx_word' id='word_1_153' title='bbox 1167 1323 1262 1378; x_wconf 79' lang='lat' dir='ltr'><strong>ipsa</strong></span> <span class='ocrx_word' id='word_1_154' title='bbox 1285 1321 1378 1363; x_wconf 75' lang='lat' dir='ltr'><strong>licet</strong></span> <span class='ocrx_word' id='word_1_155' title='bbox 1399 1321 1473 1362; x_wconf 75' lang='lat' dir='ltr'><strong>hoc</strong></span> <span class='ocrx_word' id='word_1_156' title='bbox 1493 1334 1553 1374; x_wconf 94' lang='lat'>111,</span> <span class='ocrx_word' id='word_1_157' title='bbox 1570 1319 1652 1362; x_wconf 82' lang='grc'>567</span> <span class='ocrx_word' id='word_1_158' title='bbox 1674 1352 1684 1361; x_wconf 93' lang='grc'><strong>.</strong></span> 
     </span>
     <span class='ocr_line' id='line_1_17' title="bbox 197 1388 1685 1446; baseline -0.003 -12"><span class='ocrx_word' id='word_1_159' title='bbox 197 1392 368 1434; x_wconf 75' lang='lat' dir='ltr'><strong>Interiit</strong></span> <span class='ocrx_word' id='word_1_160' title='bbox 382 1407 396 1433; x_wconf 90' lang='grc'><strong>.·</strong></span> <span class='ocrx_word' id='word_1_161' title='bbox 417 1399 463 1433; x_wconf 87' lang='lat' dir='ltr'><strong>at</strong></span> <span class='ocrx_word' id='word_1_162' title='bbox 477 1406 548 1433; x_wconf 75' lang='lat' dir='ltr'><strong>vos</strong></span> <span class='ocrx_word' id='word_1_163' title='bbox 564 1405 624 1445; x_wconf 90' lang='lat'>111,</span> <span class='ocrx_word' id='word_1_164' title='bbox 641 1389 726 1433; x_wconf 93' lang='lat'><strong>546</strong></span> <span class='ocrx_word' id='word_1_165' title='bbox 744 1422 753 1431; x_wconf 83' lang='lat'><strong><em>.</em></strong></span> <span class='ocrx_word' id='word_1_166' title='bbox 775 1391 1022 1446; x_wconf 67' lang='lat' dir='ltr'><strong>Elusus-que</strong></span> <span class='ocrx_word' id='word_1_167' title='bbox 1034 1391 1138 1432; x_wconf 70' lang='lat' dir='ltr'><strong>abiit</strong></span> <span class='ocrx_word' id='word_1_168' title='bbox 1154 1405 1166 1431; x_wconf 94' lang='lat'><strong>.·</strong></span> <span class='ocrx_word' id='word_1_169' title='bbox 1183 1390 1255 1431; x_wconf 75' lang='lat' dir='ltr'><strong>illi</strong></span> <span class='ocrx_word' id='word_1_170' title='bbox 1267 1406 1345 1431; x_wconf 82' lang='lat' dir='ltr'><strong>sua</strong></span> <span class='ocrx_word' id='word_1_171' title='bbox 1360 1388 1529 1431; x_wconf 74' lang='lat' dir='ltr'><strong>reddita</strong></span> <span class='ocrx_word' id='word_1_172' title='bbox 1535 1388 1685 1444; x_wconf 86' lang='lat' dir='ltr'><strong>forma</strong></span> 
     </span>
     <span class='ocr_line' id='line_1_18' title="bbox 196 1457 1683 1517; baseline -0.003 -15"><span class='ocrx_word' id='word_1_173' title='bbox 196 1468 256 1502; x_wconf 74' lang='lat' dir='ltr'><strong>est</strong></span> <span class='ocrx_word' id='word_1_174' title='bbox 269 1473 360 1513; x_wconf 85' lang='lat' dir='ltr'><strong>vm,</strong></span> <span class='ocrx_word' id='word_1_175' title='bbox 379 1459 464 1502; x_wconf 83' lang='lat'><strong>870</strong></span> <span class='ocrx_word' id='word_1_176' title='bbox 480 1491 490 1501; x_wconf 84' lang='lat'><strong>.</strong></span> <span class='ocrx_word' id='word_1_177' title='bbox 508 1459 606 1501; x_wconf 82' lang='lat' dir='ltr'><strong>Non</strong></span> <span class='ocrx_word' id='word_1_178' title='bbox 623 1458 734 1501; x_wconf 76' lang='lat' dir='ltr'><strong>adiit</strong></span> <span class='ocrx_word' id='word_1_179' title='bbox 748 1467 842 1515; x_wconf 79' lang='lat' dir='ltr'><strong>apte</strong></span> <span class='ocrx_word' id='word_1_180' title='bbox 859 1491 869 1514; x_wconf 88' lang='lat'>,</span> <span class='ocrx_word' id='word_1_181' title='bbox 886 1474 968 1501; x_wconf 75' lang='lat' dir='ltr'><strong>non</strong></span> <span class='ocrx_word' id='word_1_182' title='bbox 986 1459 1086 1517; x_wconf 70' lang='lat' dir='ltr'><strong>leyit</strong></span> <span class='ocrx_word' id='word_1_183' title='bbox 1100 1458 1271 1512; x_wconf 75' lang='lat' dir='ltr'><strong>idonea,</strong></span> <span class='ocrx_word' id='word_1_184' title='bbox 1289 1457 1412 1500; x_wconf 81' lang='lat' dir='ltr'><strong>credo</strong></span> <span class='ocrx_word' id='word_1_185' title='bbox 1423 1490 1434 1511; x_wconf 88' lang='lat'>,</span> <span class='ocrx_word' id='word_1_186' title='bbox 1456 1457 1660 1512; x_wconf 79' lang='lat' dir='ltr'><strong>Tempora</strong></span> <span class='ocrx_word' id='word_1_187' title='bbox 1672 1488 1683 1510; x_wconf 90' lang='lat'><em>‚</em></span> 
     </span>
     <span class='ocr_line' id='line_1_19' title="bbox 195 1525 1682 1584; baseline -0.003 -14"><span class='ocrx_word' id='word_1_188' title='bbox 195 1543 270 1570; x_wconf 78' lang='lat' dir='ltr'><strong>nee</strong></span> <span class='ocrx_word' id='word_1_189' title='bbox 285 1528 410 1584; x_wconf 76' lang='lat' dir='ltr'><strong>petiit</strong></span> <span class='ocrx_word' id='word_1_190' title='bbox 430 1528 657 1584; x_wconf 78' lang='lat' dir='ltr'><strong>horamque</strong></span> <span class='ocrx_word' id='word_1_191' title='bbox 677 1527 946 1584; x_wconf 75' lang='lat' dir='ltr'><strong>animumque</strong></span> <span class='ocrx_word' id='word_1_192' title='bbox 965 1535 1181 1569; x_wconf 78' lang='lat' dir='ltr'><strong>vacantem</strong></span> <span class='ocrx_word' id='word_1_193' title='bbox 1202 1541 1261 1582; x_wconf 79' lang='lat' dir='ltr'><strong>1X,</strong></span> <span class='ocrx_word' id='word_1_194' title='bbox 1279 1526 1364 1568; x_wconf 90' lang='lat'><strong>610</strong></span> <span class='ocrx_word' id='word_1_195' title='bbox 1386 1558 1395 1567; x_wconf 87' lang='lat'><em>.</em></span> <span class='ocrx_word' id='word_1_196' title='bbox 1427 1526 1473 1567; x_wconf 78' lang='lat' dir='ltr'><strong>in</strong></span> <span class='ocrx_word' id='word_1_197' title='bbox 1494 1525 1682 1567; x_wconf 74' lang='lat' dir='ltr'><strong>iuvenem</strong></span> 
     </span>
     <span class='ocr_line' id='line_1_20' title="bbox 195 1592 1679 1651; baseline -0.003 -13"><span class='ocrx_word' id='word_1_198' title='bbox 195 1595 347 1651; x_wconf 78' lang='lat' dir='ltr'><strong>rediit,</strong></span> <span class='ocrx_word' id='word_1_199' title='bbox 377 1604 414 1638; x_wconf 79' lang='lat' dir='ltr'><strong>et</strong></span> <span class='ocrx_word' id='word_1_200' title='bbox 433 1595 571 1638; x_wconf 74' lang='lat' dir='ltr'><strong>anilia</strong></span> <span class='ocrx_word' id='word_1_201' title='bbox 592 1594 719 1638; x_wconf 80' lang='lat' dir='ltr'><strong>demit</strong></span> <span class='ocrx_word' id='word_1_202' title='bbox 738 1609 825 1650; x_wconf 71' lang='grc' dir='ltr'><strong>ΧΠ,</strong></span> <span class='ocrx_word' id='word_1_203' title='bbox 844 1595 927 1638; x_wconf 83' lang='lat'><strong>766</strong></span> <span class='ocrx_word' id='word_1_204' title='bbox 946 1625 955 1636; x_wconf 89' lang='lat'><strong>.</strong></span> <span class='ocrx_word' id='word_1_205' title='bbox 991 1595 1044 1637; x_wconf 74' lang='lat' dir='ltr'><strong>Ut</strong></span> <span class='ocrx_word' id='word_1_206' title='bbox 1063 1595 1191 1638; x_wconf 75' lang='lat' dir='ltr'><strong>rediit</strong></span> <span class='ocrx_word' id='word_1_207' title='bbox 1213 1595 1382 1636; x_wconf 75' lang='lat' dir='ltr'><strong>animus</strong></span> <span class='ocrx_word' id='word_1_208' title='bbox 1408 1593 1531 1649; x_wconf 83' lang='lat' dir='ltr'><strong>epist.</strong></span> <span class='ocrx_word' id='word_1_209' title='bbox 1555 1606 1609 1647; x_wconf 90' lang='lat' dir='ltr'><strong>v1,</strong></span> <span class='ocrx_word' id='word_1_210' title='bbox 1627 1592 1679 1634; x_wconf 88' lang='lat'><strong>31</strong></span> 
     </span>
    </p>
   </div>
   <div class='ocr_carea' id='block_1_5' title="bbox 119 1661 1683 1719">
    <p class='ocr_par' dir='ltr' id='par_1_5' title="bbox 119 1661 1683 1719">
     <span class='ocr_line' id='line_1_21' title="bbox 119 1661 1683 1719; baseline -0.001 -14"><span class='ocrx_word' id='word_1_211' title='bbox 119 1698 122 1700; x_wconf 55' lang='grc'>,</span> <span class='ocrx_word' id='word_1_212' title='bbox 196 1666 239 1706; x_wconf 81' lang='lat' dir='ltr'><strong>et</strong></span> <span class='ocrx_word' id='word_1_213' title='bbox 267 1662 311 1705; x_wconf 90' lang='lat' dir='ltr'><strong>in</strong></span> <span class='ocrx_word' id='word_1_214' title='bbox 340 1667 432 1706; x_wconf 82' lang='lat' dir='ltr'><strong>arte</strong></span> <span class='ocrx_word' id='word_1_215' title='bbox 461 1678 521 1718; x_wconf 89' lang='lat'>111,</span> <span class='ocrx_word' id='word_1_216' title='bbox 539 1663 620 1706; x_wconf 82' lang='lat'><strong>707</strong></span> <span class='ocrx_word' id='word_1_217' title='bbox 654 1663 755 1706; x_wconf 88' lang='lat' dir='ltr'><strong>item</strong></span> <span class='ocrx_word' id='word_1_218' title='bbox 786 1662 884 1706; x_wconf 89' lang='lat' dir='ltr'><strong>fast.</strong></span> <span class='ocrx_word' id='word_1_219' title='bbox 914 1677 975 1719; x_wconf 88' lang='lat'>111,</span> <span class='ocrx_word' id='word_1_220' title='bbox 993 1663 1078 1706; x_wconf 83' lang='lat'><strong>333</strong></span> <span class='ocrx_word' id='word_1_221' title='bbox 1107 1677 1147 1718; x_wconf 83' lang='lat' dir='ltr'><strong>V,</strong></span> <span class='ocrx_word' id='word_1_222' title='bbox 1164 1663 1248 1706; x_wconf 88' lang='lat'><strong>515</strong></span> <span class='ocrx_word' id='word_1_223' title='bbox 1268 1695 1277 1704; x_wconf 93' lang='lat'><strong>.</strong></span> <span class='ocrx_word' id='word_1_224' title='bbox 1299 1662 1357 1704; x_wconf 87' lang='lat' dir='ltr'><strong>Et</strong></span> <span class='ocrx_word' id='word_1_225' title='bbox 1377 1663 1504 1718; x_wconf 76' lang='lat' dir='ltr'><strong>petiit</strong></span> <span class='ocrx_word' id='word_1_226' title='bbox 1533 1661 1683 1704; x_wconf 77' lang='lat' dir='ltr'><strong>herbae</strong></span> 
     </span>
    </p>
   </div>
   <div class='ocr_carea' id='block_1_6' title="bbox 190 1730 1683 3081">
    <p class='ocr_par' dir='ltr' id='par_1_6' title="bbox 190 1730 1683 3081">
     <span class='ocr_line' id='line_1_22' title="bbox 195 1730 1681 1788; baseline -0.001 -14"><span class='ocrx_word' id='word_1_227' title='bbox 195 1743 330 1774; x_wconf 84' lang='lat' dir='ltr'><strong>amor.</strong></span> <span class='ocrx_word' id='word_1_228' title='bbox 361 1746 422 1787; x_wconf 86' lang='lat'>111,</span> <span class='ocrx_word' id='word_1_229' title='bbox 438 1731 479 1787; x_wconf 89' lang='lat'><strong>5,</strong></span> <span class='ocrx_word' id='word_1_230' title='bbox 497 1732 554 1775; x_wconf 87' lang='lat'><strong>30</strong></span> <span class='ocrx_word' id='word_1_231' title='bbox 569 1763 579 1773; x_wconf 94' lang='lat'><strong><em>.</em></strong></span> <span class='ocrx_word' id='word_1_232' title='bbox 602 1732 696 1784; x_wconf 75' lang='lat' dir='ltr'><strong>Qua</strong></span> <span class='ocrx_word' id='word_1_233' title='bbox 720 1733 852 1788; x_wconf 77' lang='lat' dir='ltr'><strong>periit</strong></span> <span class='ocrx_word' id='word_1_234' title='bbox 881 1732 1041 1788; x_wconf 54' lang='lat' dir='ltr'><strong>aliqua</strong></span> <span class='ocrx_word' id='word_1_235' title='bbox 1071 1744 1203 1774; x_wconf 89' lang='lat' dir='ltr'><strong>amor.</strong></span> <span class='ocrx_word' id='word_1_236' title='bbox 1225 1745 1286 1783; x_wconf 90' lang='lat'>111,</span> <span class='ocrx_word' id='word_1_237' title='bbox 1304 1731 1343 1785; x_wconf 92' lang='lat'><strong>8,</strong></span> <span class='ocrx_word' id='word_1_238' title='bbox 1366 1731 1414 1772; x_wconf 82' lang='lat'><strong>17</strong></span> <span class='ocrx_word' id='word_1_239' title='bbox 1434 1762 1444 1772; x_wconf 91' lang='lat'><strong>.</strong></span> <span class='ocrx_word' id='word_1_240' title='bbox 1474 1731 1532 1772; x_wconf 84' lang='lat' dir='ltr'><strong>Et</strong></span> <span class='ocrx_word' id='word_1_241' title='bbox 1561 1730 1681 1786; x_wconf 71' lang='lat' dir='ltr'><strong>Zonqo</strong></span> 
     </span>
     <span class='ocr_line' id='line_1_23' title="bbox 190 1797 1682 1856; baseline -0.001 -15"><span class='ocrx_word' id='word_1_242' title='bbox 190 1800 323 1856; x_wconf 75' lang='lat' dir='ltr'><strong>periit</strong></span> <span class='ocrx_word' id='word_1_243' title='bbox 336 1799 464 1842; x_wconf 77' lang='lat' dir='ltr'><strong>arida</strong></span> <span class='ocrx_word' id='word_1_244' title='bbox 466 1801 597 1856; x_wconf 81' lang='lat' dir='ltr'><strong>facta</strong></span> <span class='ocrx_word' id='word_1_245' title='bbox 613 1801 697 1842; x_wconf 75' lang='lat' dir='ltr'><strong>sita</strong></span> <span class='ocrx_word' id='word_1_246' title='bbox 712 1800 894 1843; x_wconf 82' lang='lat' dir='ltr'><strong>tristium</strong></span> <span class='ocrx_word' id='word_1_247' title='bbox 911 1800 1020 1843; x_wconf 89' lang='lat' dir='ltr'><strong>libro</strong></span> <span class='ocrx_word' id='word_1_248' title='bbox 1036 1815 1097 1855; x_wconf 94' lang='lat'>111,</span> <span class='ocrx_word' id='word_1_249' title='bbox 1110 1800 1174 1855; x_wconf 87' lang='lat'><strong>14,</strong></span> <span class='ocrx_word' id='word_1_250' title='bbox 1184 1800 1240 1842; x_wconf 86' lang='lat'><strong>36</strong></span> <span class='ocrx_word' id='word_1_251' title='bbox 1258 1833 1268 1841; x_wconf 90' lang='lat'><strong>.</strong></span> <span class='ocrx_word' id='word_1_252' title='bbox 1286 1799 1368 1841; x_wconf 81' lang='lat' dir='ltr'><strong>Ille</strong></span> <span class='ocrx_word' id='word_1_253' title='bbox 1384 1799 1489 1841; x_wconf 75' lang='lat' dir='ltr'><strong>abiit</strong></span> <span class='ocrx_word' id='word_1_254' title='bbox 1504 1814 1517 1840; x_wconf 91' lang='lat'><strong>.·</strong></span> <span class='ocrx_word' id='word_1_255' title='bbox 1539 1797 1682 1840; x_wconf 81' lang='lat' dir='ltr'><strong>eadem</strong></span> 
     </span>
     <span class='ocr_line' id='line_1_24' title="bbox 196 1866 1682 1923; baseline -0.001 -13"><span class='ocrx_word' id='word_1_256' title='bbox 196 1868 377 1910; x_wconf 76' lang='lat' dir='ltr'><strong>crimina</strong></span> <span class='ocrx_word' id='word_1_257' title='bbox 391 1869 587 1910; x_wconf 79' lang='lat' dir='ltr'><strong>Bacchus</strong></span> <span class='ocrx_word' id='word_1_258' title='bbox 603 1869 722 1910; x_wconf 76' lang='lat' dir='ltr'><strong>habet</strong></span> <span class='ocrx_word' id='word_1_259' title='bbox 743 1867 952 1910; x_wconf 86' lang='lat' dir='ltr'><strong>fastorum</strong></span> <span class='ocrx_word' id='word_1_260' title='bbox 968 1882 1029 1923; x_wconf 85' lang='lat'>111,</span> <span class='ocrx_word' id='word_1_261' title='bbox 1046 1868 1131 1910; x_wconf 84' lang='lat'><strong>474</strong></span> <span class='ocrx_word' id='word_1_262' title='bbox 1148 1899 1158 1909; x_wconf 88' lang='lat'><strong><em>.</em></strong></span> <span class='ocrx_word' id='word_1_263' title='bbox 1180 1868 1284 1910; x_wconf 92' lang='lat' dir='ltr'><strong>item</strong></span> <span class='ocrx_word' id='word_1_264' title='bbox 1302 1867 1469 1909; x_wconf 88' lang='lat' dir='ltr'><strong>Seneca</strong></span> <span class='ocrx_word' id='word_1_265' title='bbox 1489 1870 1531 1909; x_wconf 91' lang='lat' dir='ltr'><strong>et</strong></span> <span class='ocrx_word' id='word_1_266' title='bbox 1547 1866 1682 1908; x_wconf 88' lang='lat' dir='ltr'><strong>Phae-</strong></span> 
     </span>
     <span class='ocr_line' id='line_1_25' title="bbox 197 1935 1681 1992; baseline -0.001 -14"><span class='ocrx_word' id='word_1_267' title='bbox 197 1935 299 1978; x_wconf 88' lang='lat' dir='ltr'><strong>drus</strong></span> <span class='ocrx_word' id='word_1_268' title='bbox 320 1935 428 1978; x_wconf 90' lang='lat' dir='ltr'><strong>haec</strong></span> <span class='ocrx_word' id='word_1_269' title='bbox 446 1936 638 1991; x_wconf 87' lang='lat' dir='ltr'><strong>perfecta</strong></span> <span class='ocrx_word' id='word_1_270' title='bbox 659 1949 751 1978; x_wconf 92' lang='lat' dir='ltr'><strong>cum</strong></span> <span class='ocrx_word' id='word_1_271' title='bbox 775 1940 872 1978; x_wconf 88' lang='lat' dir='ltr'><strong>ante</strong></span> <span class='ocrx_word' id='word_1_272' title='bbox 903 1937 1078 1979; x_wconf 87' lang='lat' dir='ltr'><strong>vocales</strong></span> <span class='ocrx_word' id='word_1_273' title='bbox 1099 1940 1290 1992; x_wconf 90' lang='lat' dir='ltr'><strong>ponunt,</strong></span> <span class='ocrx_word' id='word_1_274' title='bbox 1320 1936 1513 1977; x_wconf 87' lang='lat' dir='ltr'><strong>ultimam</strong></span> <span class='ocrx_word' id='word_1_275' title='bbox 1533 1938 1681 1990; x_wconf 88' lang='lat' dir='ltr'><strong>aperte</strong></span> 
     </span>
     <span class='ocr_line' id='line_1_26' title="bbox 197 2003 1683 2059; baseline -0.001 -14"><span class='ocrx_word' id='word_1_276' title='bbox 197 2003 462 2058; x_wconf 90' lang='lat' dir='ltr'><strong>producunt.</strong></span> <span class='ocrx_word' id='word_1_277' title='bbox 487 2003 708 2047; x_wconf 82' lang='lat' dir='ltr'><strong>Phaedrus</strong></span> <span class='ocrx_word' id='word_1_278' title='bbox 725 2018 781 2059; x_wconf 81' lang='grc' dir='ltr'><strong>ιν,</strong></span> <span class='ocrx_word' id='word_1_279' title='bbox 798 2004 839 2058; x_wconf 92' lang='grc'><strong>4,</strong></span> <span class='ocrx_word' id='word_1_280' title='bbox 855 2004 883 2047; x_wconf 87' lang='lat'>5</span> <span class='ocrx_word' id='word_1_281' title='bbox 904 2004 1049 2047; x_wconf 74' lang='lat' dir='ltr'><strong>Rediit</strong></span> <span class='ocrx_word' id='word_1_282' title='bbox 1078 2005 1139 2046; x_wconf 84' lang='lat' dir='ltr'><strong>ad</strong></span> <span class='ocrx_word' id='word_1_283' title='bbox 1163 2005 1316 2047; x_wconf 71' lang='lat' dir='ltr'><strong>hostem</strong></span> <span class='ocrx_word' id='word_1_284' title='bbox 1332 2036 1343 2058; x_wconf 86' lang='lat'>,</span> <span class='ocrx_word' id='word_1_285' title='bbox 1366 2003 1533 2046; x_wconf 88' lang='lat' dir='ltr'><strong>Seneca</strong></span> <span class='ocrx_word' id='word_1_286' title='bbox 1553 2003 1683 2045; x_wconf 75' lang='lat' dir='ltr'><strong>Petiz&#39;c</strong></span> 
     </span>
     <span class='ocr_line' id='line_1_27' title="bbox 197 2071 1678 2129; baseline -0.001 -16"><span class='ocrx_word' id='word_1_287' title='bbox 197 2072 250 2114; x_wconf 84' lang='lat' dir='ltr'><strong>ab</strong></span> <span class='ocrx_word' id='word_1_288' title='bbox 277 2073 386 2129; x_wconf 73' lang='lat' dir='ltr'><strong>ipsis</strong></span> <span class='ocrx_word' id='word_1_289' title='bbox 401 2105 412 2126; x_wconf 89' lang='lat'>,</span> <span class='ocrx_word' id='word_1_290' title='bbox 441 2073 560 2114; x_wconf 74' lang='lat' dir='ltr'><strong>Abiit</strong></span> <span class='ocrx_word' id='word_1_291' title='bbox 595 2089 776 2127; x_wconf 76' lang='lat' dir='ltr'><strong>arenas,</strong></span> <span class='ocrx_word' id='word_1_292' title='bbox 804 2072 949 2115; x_wconf 70' lang='lat' dir='ltr'><strong>Rediit</strong></span> <span class='ocrx_word' id='word_1_293' title='bbox 990 2073 1205 2127; x_wconf 75' lang='lat' dir='ltr'><strong>Achilles,</strong></span> <span class='ocrx_word' id='word_1_294' title='bbox 1233 2072 1358 2115; x_wconf 90' lang='lat' dir='ltr'><strong>Herc.</strong></span> <span class='ocrx_word' id='word_1_295' title='bbox 1395 2071 1476 2114; x_wconf 84' lang='lat' dir='ltr'><strong>fur.</strong></span> <span class='ocrx_word' id='word_1_296' title='bbox 1494 2071 1578 2113; x_wconf 82' lang='lat'><strong>244</strong></span> <span class='ocrx_word' id='word_1_297' title='bbox 1598 2071 1678 2113; x_wconf 81' lang='grc'><strong>321</strong></span> 
     </span>
     <span class='ocr_line' id='line_1_28' title="bbox 197 2139 1681 2196; baseline 0 -14"><span class='ocrx_word' id='word_1_298' title='bbox 197 2142 297 2182; x_wconf 87' lang='lat' dir='ltr'><strong>Tro.</strong></span> <span class='ocrx_word' id='word_1_299' title='bbox 314 2140 398 2183; x_wconf 88' lang='lat'><strong>806</strong></span> <span class='ocrx_word' id='word_1_300' title='bbox 415 2172 425 2182; x_wconf 95' lang='lat'><em>.</em></span> <span class='ocrx_word' id='word_1_301' title='bbox 447 2140 595 2195; x_wconf 90' lang='lat' dir='ltr'><strong>itaque</strong></span> <span class='ocrx_word' id='word_1_302' title='bbox 625 2140 666 2182; x_wconf 87' lang='lat' dir='ltr'><strong>hi</strong></span> <span class='ocrx_word' id='word_1_303' title='bbox 698 2144 852 2196; x_wconf 72' lang='lat' dir='ltr'><strong>poetae</strong></span> <span class='ocrx_word' id='word_1_304' title='bbox 883 2153 968 2194; x_wconf 92' lang='lat' dir='ltr'><strong>quo</strong></span> <span class='ocrx_word' id='word_1_305' title='bbox 990 2140 1130 2183; x_wconf 90' lang='lat' dir='ltr'><strong>minus</strong></span> <span class='ocrx_word' id='word_1_306' title='bbox 1163 2145 1425 2183; x_wconf 84' lang='lat' dir='ltr'><strong>consonante</strong></span> <span class='ocrx_word' id='word_1_307' title='bbox 1446 2140 1590 2182; x_wconf 88' lang='lat' dir='ltr'><strong>littera</strong></span> <span class='ocrx_word' id='word_1_308' title='bbox 1619 2139 1681 2182; x_wconf 91' lang='lat' dir='ltr'><strong>in-</strong></span> 
     </span>
     <span class='ocr_line' id='line_1_29' title="bbox 198 2208 1680 2264; baseline 0 -14"><span class='ocrx_word' id='word_1_309' title='bbox 198 2212 404 2262; x_wconf 83' lang='lat' dir='ltr'><strong>sequente</strong></span> <span class='ocrx_word' id='word_1_310' title='bbox 434 2208 567 2263; x_wconf 88' lang='lat' dir='ltr'><strong>haec,</strong></span> <span class='ocrx_word' id='word_1_311' title='bbox 589 2208 664 2250; x_wconf 91' lang='lat' dir='ltr'><strong>ubi</strong></span> <span class='ocrx_word' id='word_1_312' title='bbox 695 2209 827 2252; x_wconf 90' lang='lat' dir='ltr'><strong>ternis</strong></span> <span class='ocrx_word' id='word_1_313' title='bbox 855 2209 1036 2264; x_wconf 87' lang='lat' dir='ltr'><strong>syllabis</strong></span> <span class='ocrx_word' id='word_1_314' title='bbox 1068 2222 1177 2264; x_wconf 89' lang='lat' dir='ltr'><strong>opus</strong></span> <span class='ocrx_word' id='word_1_315' title='bbox 1200 2214 1291 2264; x_wconf 91' lang='lat' dir='ltr'><strong>est,</strong></span> <span class='ocrx_word' id='word_1_316' title='bbox 1313 2213 1358 2251; x_wconf 91' lang='lat' dir='ltr'><strong>ut</strong></span> <span class='ocrx_word' id='word_1_317' title='bbox 1388 2209 1433 2251; x_wconf 86' lang='lat' dir='ltr'><strong>in</strong></span> <span class='ocrx_word' id='word_1_318' title='bbox 1454 2211 1680 2263; x_wconf 84' lang='lat' dir='ltr'><strong>Agamem-</strong></span> 
     </span>
     <span class='ocr_line' id='line_1_30' title="bbox 198 2276 1683 2333; baseline 0 -15"><span class='ocrx_word' id='word_1_319' title='bbox 198 2289 310 2319; x_wconf 90' lang='lat' dir='ltr'><strong>none</strong></span> <span class='ocrx_word' id='word_1_320' title='bbox 326 2276 437 2332; x_wconf 90' lang='lat'>944,</span> <span class='ocrx_word' id='word_1_321' title='bbox 459 2277 504 2319; x_wconf 92' lang='lat' dir='ltr'><strong>in</strong></span> <span class='ocrx_word' id='word_1_322' title='bbox 520 2277 755 2332; x_wconf 87' lang='lat' dir='ltr'><strong>Hippolyto</strong></span> <span class='ocrx_word' id='word_1_323' title='bbox 781 2278 888 2333; x_wconf 84' lang='lat'>135,</span> <span class='ocrx_word' id='word_1_324' title='bbox 912 2277 1108 2320; x_wconf 87' lang='lat' dir='ltr'><strong>similiter</strong></span> <span class='ocrx_word' id='word_1_325' title='bbox 1125 2278 1328 2321; x_wconf 84' lang='lat' dir='ltr'><strong>extulisse</strong></span> <span class='ocrx_word' id='word_1_326' title='bbox 1349 2281 1547 2333; x_wconf 89' lang='lat' dir='ltr'><strong>putentur</strong></span> <span class='ocrx_word' id='word_1_327' title='bbox 1563 2277 1683 2318; x_wconf 88' lang='lat' dir='ltr'><strong>nulla</strong></span> 
     </span>
     <span class='ocr_line' id='line_1_31' title="bbox 198 2344 1683 2402; baseline -0.001 -15"><span class='ocrx_word' id='word_1_328' title='bbox 198 2357 330 2387; x_wconf 86' lang='lat' dir='ltr'><strong>causa</strong></span> <span class='ocrx_word' id='word_1_329' title='bbox 359 2349 456 2387; x_wconf 90' lang='lat' dir='ltr'><strong>est.</strong></span> <span class='ocrx_word' id='word_1_330' title='bbox 488 2344 644 2387; x_wconf 89' lang='lat' dir='ltr'><strong>deinde</strong></span> <span class='ocrx_word' id='word_1_331' title='bbox 674 2346 846 2388; x_wconf 89' lang='lat' dir='ltr'><strong>tertium</strong></span> <span class='ocrx_word' id='word_1_332' title='bbox 877 2350 941 2389; x_wconf 88' lang='lat' dir='ltr'><strong>est</strong></span> <span class='ocrx_word' id='word_1_333' title='bbox 970 2351 1267 2400; x_wconf 85' lang='lat' dir='ltr'><strong>argumentum</strong></span> <span class='ocrx_word' id='word_1_334' title='bbox 1297 2360 1371 2389; x_wconf 88' lang='lat' dir='ltr'><strong>cur</strong></span> <span class='ocrx_word' id='word_1_335' title='bbox 1401 2346 1592 2402; x_wconf 88' lang='lat' dir='ltr'><strong>plerique</strong></span> <span class='ocrx_word' id='word_1_336' title='bbox 1623 2346 1683 2387; x_wconf 88' lang='lat' dir='ltr'><strong>ita</strong></span> 
     </span>
     <span class='ocr_line' id='line_1_32' title="bbox 198 2411 1681 2470; baseline 0 -16"><span class='ocrx_word' id='word_1_337' title='bbox 198 2411 409 2468; x_wconf 85' lang='lat' dir='ltr'><strong>dixerint,</strong></span> <span class='ocrx_word' id='word_1_338' title='bbox 432 2413 549 2468; x_wconf 91' lang='lat' dir='ltr'><strong>quod</strong></span> <span class='ocrx_word' id='word_1_339' title='bbox 579 2414 720 2456; x_wconf 90' lang='lat' dir='ltr'><strong>nullus</strong></span> <span class='ocrx_word' id='word_1_340' title='bbox 751 2418 975 2470; x_wconf 73' lang='lat' dir='ltr'><strong>poetarum</strong></span> <span class='ocrx_word' id='word_1_341' title='bbox 1013 2414 1122 2457; x_wconf 90' lang='lat' dir='ltr'><strong>haec</strong></span> <span class='ocrx_word' id='word_1_342' title='bbox 1151 2415 1284 2457; x_wconf 89' lang='lat' dir='ltr'><strong>verba</strong></span> <span class='ocrx_word' id='word_1_343' title='bbox 1315 2414 1553 2470; x_wconf 90' lang='lat' dir='ltr'><strong>corripuit.</strong></span> <span class='ocrx_word' id='word_1_344' title='bbox 1583 2427 1681 2455; x_wconf 88' lang='lat' dir='ltr'><strong>nam</strong></span> 
     </span>
     <span class='ocr_line' id='line_1_33' title="bbox 199 2480 1681 2538; baseline 0.001 -16"><span class='ocrx_word' id='word_1_345' title='bbox 199 2480 316 2536; x_wconf 83' lang='lat' dir='ltr'><strong>apud</strong></span> <span class='ocrx_word' id='word_1_346' title='bbox 332 2480 485 2524; x_wconf 89' lang='lat' dir='ltr'><strong>Silium</strong></span> <span class='ocrx_word' id='word_1_347' title='bbox 501 2496 591 2538; x_wconf 86' lang='lat' dir='ltr'><strong>xm,</strong></span> <span class='ocrx_word' id='word_1_348' title='bbox 609 2482 689 2525; x_wconf 84' lang='lat'><strong>166</strong></span> <span class='ocrx_word' id='word_1_349' title='bbox 706 2482 974 2526; x_wconf 89' lang='lat' dir='ltr'><strong>Coloniensis</strong></span> <span class='ocrx_word' id='word_1_350' title='bbox 992 2483 1091 2525; x_wconf 93' lang='lat' dir='ltr'><strong>libri</strong></span> <span class='ocrx_word' id='word_1_351' title='bbox 1109 2483 1340 2525; x_wconf 88' lang='lat' dir='ltr'><strong>auctoritas</strong></span> <span class='ocrx_word' id='word_1_352' title='bbox 1358 2487 1520 2525; x_wconf 90' lang='lat' dir='ltr'><strong>tantum</strong></span> <span class='ocrx_word' id='word_1_353' title='bbox 1537 2482 1681 2524; x_wconf 86' lang='lat' dir='ltr'><strong>valere</strong></span> 
     </span>
     <span class='ocr_line' id='line_1_34' title="bbox 199 2547 1679 2603; baseline 0.001 -13"><span class='ocrx_word' id='word_1_354' title='bbox 199 2560 286 2590; x_wconf 87' lang='grc'>11011</span> <span class='ocrx_word' id='word_1_355' title='bbox 306 2548 453 2591; x_wconf 84' lang='lat' dir='ltr'><strong>debuit</strong></span> <span class='ocrx_word' id='word_1_356' title='bbox 472 2554 519 2592; x_wconf 85' lang='lat' dir='ltr'><strong>ut</strong></span> <span class='ocrx_word' id='word_1_357' title='bbox 538 2550 797 2592; x_wconf 82' lang='lat' dir='ltr'><strong>scriberetur</strong></span> <span class='ocrx_word' id='word_1_358' title='bbox 822 2547 1004 2593; x_wconf 66' lang='lat' dir='ltr'><strong>mediam</strong></span> <span class='ocrx_word' id='word_1_359' title='bbox 1025 2560 1121 2594; x_wconf 74' lang='lat' dir='ltr'><strong>tunc</strong></span> <span class='ocrx_word' id='word_1_360' title='bbox 1152 2552 1324 2593; x_wconf 72' lang='lat' dir='ltr'><strong>transiit</strong></span> <span class='ocrx_word' id='word_1_361' title='bbox 1343 2552 1428 2593; x_wconf 72' lang='lat' dir='ltr'><strong>icta</strong></span> <span class='ocrx_word' id='word_1_362' title='bbox 1450 2552 1653 2592; x_wconf 79' lang='lat' dir='ltr'><strong>Parmam</strong></span> <span class='ocrx_word' id='word_1_363' title='bbox 1668 2583 1679 2603; x_wconf 87' lang='lat'><em>‚</em></span> 
     </span>
     <span class='ocr_line' id='line_1_35' title="bbox 198 2618 1682 2674; baseline 0 -16"><span class='ocrx_word' id='word_1_364' title='bbox 198 2629 278 2672; x_wconf 87' lang='lat' dir='ltr'><strong>pro</strong></span> <span class='ocrx_word' id='word_1_365' title='bbox 310 2619 508 2674; x_wconf 40' lang='lat' dir='ltr'><strong>transi-9223</strong></span> <span class='ocrx_word' id='word_1_366' title='bbox 525 2651 534 2659; x_wconf 92' lang='lat'><strong><em>.</em></strong></span> <span class='ocrx_word' id='word_1_367' title='bbox 556 2631 694 2673; x_wconf 92' lang='lat' dir='ltr'><strong>neque</strong></span> <span class='ocrx_word' id='word_1_368' title='bbox 715 2618 833 2674; x_wconf 90' lang='lat' dir='ltr'><strong>apud</strong></span> <span class='ocrx_word' id='word_1_369' title='bbox 854 2619 1073 2661; x_wconf 89' lang='lat' dir='ltr'><strong>Tibullum</strong></span> <span class='ocrx_word' id='word_1_370' title='bbox 1094 2619 1139 2661; x_wconf 92' lang='lat' dir='ltr'><strong>in</strong></span> <span class='ocrx_word' id='word_1_371' title='bbox 1161 2634 1187 2672; x_wconf 91' lang='lat'><strong>1,</strong></span> <span class='ocrx_word' id='word_1_372' title='bbox 1205 2620 1245 2674; x_wconf 89' lang='lat'><strong>4,</strong></span> <span class='ocrx_word' id='word_1_373' title='bbox 1264 2619 1316 2661; x_wconf 80' lang='lat'><strong>27</strong></span> <span class='ocrx_word' id='word_1_374' title='bbox 1340 2618 1514 2673; x_wconf 89' lang='lat' dir='ltr'><strong>probari</strong></span> <span class='ocrx_word' id='word_1_375' title='bbox 1542 2622 1682 2672; x_wconf 88' lang='lat' dir='ltr'><strong>potest</strong></span> 
     </span>
     <span class='ocr_line' id='line_1_36' title="bbox 200 2682 1680 2741; baseline 0 -15"><span class='ocrx_word' id='word_1_376' title='bbox 200 2682 316 2738; x_wconf 84' lang='lat' dir='ltr'><strong>quod</strong></span> <span class='ocrx_word' id='word_1_377' title='bbox 350 2685 565 2740; x_wconf 85' lang='lat' dir='ltr'><strong>plerisque</strong></span> <span class='ocrx_word' id='word_1_378' title='bbox 599 2686 791 2741; x_wconf 87' lang='lat' dir='ltr'><strong>placuit,</strong></span> <span class='ocrx_word' id='word_1_379' title='bbox 820 2688 990 2729; x_wconf 73' lang='lat' dir='ltr'><strong>transiit</strong></span> <span class='ocrx_word' id='word_1_380' title='bbox 1026 2696 1141 2730; x_wconf 80' lang='lat' dir='ltr'><strong>aetas</strong></span> <span class='ocrx_word' id='word_1_381' title='bbox 1171 2688 1308 2739; x_wconf 72' lang='lat' dir='ltr'><strong>Quam</strong></span> <span class='ocrx_word' id='word_1_382' title='bbox 1343 2688 1422 2729; x_wconf 75' lang='lat' dir='ltr'><strong>cito</strong></span> <span class='ocrx_word' id='word_1_383' title='bbox 1437 2720 1448 2740; x_wconf 86' lang='lat'>,</span> <span class='ocrx_word' id='word_1_384' title='bbox 1477 2685 1680 2739; x_wconf 85' lang='lat' dir='ltr'><strong>quoniam</strong></span> 
     </span>
     <span class='ocr_line' id='line_1_37' title="bbox 201 2751 1680 2809; baseline 0 -15"><span class='ocrx_word' id='word_1_385' title='bbox 201 2751 336 2803; x_wconf 68' lang='lat' dir='ltr'><strong>Quam</strong></span> <span class='ocrx_word' id='word_1_386' title='bbox 356 2753 436 2795; x_wconf 79' lang='lat' dir='ltr'><strong>cito</strong></span> <span class='ocrx_word' id='word_1_387' title='bbox 457 2753 501 2794; x_wconf 91' lang='lat' dir='ltr'><strong>in</strong></span> <span class='ocrx_word' id='word_1_388' title='bbox 523 2754 690 2796; x_wconf 91' lang='lat' dir='ltr'><strong>duobus</strong></span> <span class='ocrx_word' id='word_1_389' title='bbox 710 2755 916 2809; x_wconf 81' lang='lat' dir='ltr'><strong>proximis</strong></span> <span class='ocrx_word' id='word_1_390' title='bbox 935 2755 1130 2798; x_wconf 86' lang='lat' dir='ltr'><strong>versibus</strong></span> <span class='ocrx_word' id='word_1_391' title='bbox 1154 2755 1208 2796; x_wconf 90' lang='lat' dir='ltr'><strong>ab</strong></span> <span class='ocrx_word' id='word_1_392' title='bbox 1230 2754 1351 2796; x_wconf 88' lang='lat' dir='ltr'><strong>initio</strong></span> <span class='ocrx_word' id='word_1_393' title='bbox 1374 2753 1680 2796; x_wconf 86' lang='lat' dir='ltr'><strong>sententiarum</strong></span> 
     </span>
     <span class='ocr_line' id='line_1_38' title="bbox 201 2820 1679 2875; baseline 0 -13"><span class='ocrx_word' id='word_1_394' title='bbox 201 2820 386 2875; x_wconf 89' lang='lat' dir='ltr'><strong>positum</strong></span> <span class='ocrx_word' id='word_1_395' title='bbox 407 2822 612 2863; x_wconf 88' lang='lat' dir='ltr'><strong>recurrit.</strong></span> <span class='ocrx_word' id='word_1_396' title='bbox 635 2825 749 2863; x_wconf 89' lang='lat' dir='ltr'><strong>recte</strong></span> <span class='ocrx_word' id='word_1_397' title='bbox 779 2822 879 2863; x_wconf 92' lang='lat' dir='ltr'><strong>libri</strong></span> <span class='ocrx_word' id='word_1_398' title='bbox 901 2835 1048 2865; x_wconf 89' lang='lat' dir='ltr'><strong>omnes</strong></span> <span class='ocrx_word' id='word_1_399' title='bbox 1070 2823 1273 2864; x_wconf 73' lang='lat' dir='ltr'><strong>transiet:</strong></span> <span class='ocrx_word' id='word_1_400' title='bbox 1295 2822 1356 2863; x_wconf 88' lang='lat' dir='ltr'><strong>ita</strong></span> <span class='ocrx_word' id='word_1_401' title='bbox 1386 2823 1523 2863; x_wconf 70' lang='lat' dir='ltr'><strong>eaez&#39;ent</strong></span> <span class='ocrx_word' id='word_1_402' title='bbox 1544 2821 1679 2863; x_wconf 91' lang='lat' dir='ltr'><strong>Iulius</strong></span> 
     </span>
     <span class='ocr_line' id='line_1_39' title="bbox 201 2887 1679 2944; baseline 0.001 -15"><span class='ocrx_word' id='word_1_403' title='bbox 201 2887 420 2930; x_wconf 90' lang='lat' dir='ltr'><strong>Modestus</strong></span> <span class='ocrx_word' id='word_1_404' title='bbox 451 2888 566 2943; x_wconf 88' lang='lat' dir='ltr'><strong>apud</strong></span> <span class='ocrx_word' id='word_1_405' title='bbox 597 2888 835 2932; x_wconf 88' lang='lat' dir='ltr'><strong>Charisium</strong></span> <span class='ocrx_word' id='word_1_406' title='bbox 870 2903 912 2944; x_wconf 72' lang='lat' dir='ltr'><strong>p,</strong></span> <span class='ocrx_word' id='word_1_407' title='bbox 938 2890 1046 2932; x_wconf 90' lang='lat'>100:</span> <span class='ocrx_word' id='word_1_408' title='bbox 1068 2891 1128 2931; x_wconf 84' lang='lat' dir='ltr'><strong>At</strong></span> <span class='ocrx_word' id='word_1_409' title='bbox 1161 2891 1205 2931; x_wconf 80' lang='lat' dir='ltr'><strong>si</strong></span> <span class='ocrx_word' id='word_1_410' title='bbox 1230 2888 1379 2930; x_wconf 79' lang='lat' dir='ltr'><strong>tardus</strong></span> <span class='ocrx_word' id='word_1_411' title='bbox 1417 2890 1500 2930; x_wconf 74' lang='lat' dir='ltr'><strong>eris</strong></span> <span class='ocrx_word' id='word_1_412' title='bbox 1531 2889 1679 2944; x_wconf 89' lang='lat' dir='ltr'><strong>(immo</strong></span> 
     </span>
     <span class='ocr_line' id='line_1_40' title="bbox 201 2957 1680 3014; baseline -0.001 -14"><span class='ocrx_word' id='word_1_413' title='bbox 201 2957 432 3011; x_wconf 68' lang='lat' dir='ltr'><strong>tardum-is)</strong></span> <span class='ocrx_word' id='word_1_414' title='bbox 450 2990 461 3011; x_wconf 74' lang='lat'><em>7</em></span> <span class='ocrx_word' id='word_1_415' title='bbox 501 2958 662 3000; x_wconf 76' lang='lat' dir='ltr'><strong>errabis</strong></span> <span class='ocrx_word' id='word_1_416' title='bbox 683 2973 696 2999; x_wconf 92' lang='grc'><strong>.·</strong></span> <span class='ocrx_word' id='word_1_417' title='bbox 726 2958 902 2999; x_wconf 70' lang='lat' dir='ltr'><strong>transiet</strong></span> <span class='ocrx_word' id='word_1_418' title='bbox 940 2966 1055 2999; x_wconf 83' lang='lat' dir='ltr'><strong>aetas</strong></span> <span class='ocrx_word' id='word_1_419' title='bbox 1073 2989 1081 2998; x_wconf 94' lang='lat'><em>.</em></span> <span class='ocrx_word' id='word_1_420' title='bbox 1123 2957 1259 3008; x_wconf 70' lang='lat' dir='ltr'><strong>Quam</strong></span> <span class='ocrx_word' id='word_1_421' title='bbox 1295 2958 1374 2998; x_wconf 76' lang='lat' dir='ltr'><strong>cito</strong></span> <span class='ocrx_word' id='word_1_422' title='bbox 1414 2973 1495 2999; x_wconf 68' lang='lat' dir='ltr'><strong>ozon</strong></span> <span class='ocrx_word' id='word_1_423' title='bbox 1539 2959 1680 3014; x_wconf 69' lang='lat' dir='ltr'><strong>scynis</strong></span> 
     </span>
     <span class='ocr_line' id='line_1_41' title="bbox 200 3025 1678 3081; baseline -0.001 -13"><span class='ocrx_word' id='word_1_424' title='bbox 200 3035 284 3069; x_wconf 79' lang='lat' dir='ltr'><strong>stat</strong></span> <span class='ocrx_word' id='word_1_425' title='bbox 325 3034 559 3081; x_wconf 71' lang='lat' dir='ltr'><strong>remeatque</strong></span> <span class='ocrx_word' id='word_1_426' title='bbox 603 3025 694 3068; x_wconf 73' lang='lat' dir='ltr'><strong>dies</strong></span> <span class='ocrx_word' id='word_1_427' title='bbox 716 3025 732 3067; x_wconf 79' lang='lat' dir='ltr'><em>l</em></span> <span class='ocrx_word' id='word_1_428' title='bbox 767 3038 895 3079; x_wconf 89' lang='lat' dir='ltr'><strong>quam</strong></span> <span class='ocrx_word' id='word_1_429' title='bbox 942 3025 1024 3067; x_wconf 80' lang='lat' dir='ltr'><strong>cito</strong></span> <span class='ocrx_word' id='word_1_430' title='bbox 1047 3058 1057 3080; x_wconf 91' lang='lat'>‚</span> <span class='ocrx_word' id='word_1_431' title='bbox 1097 3025 1234 3079; x_wconf 83' lang='lat' dir='ltr'><strong>inquit</strong></span> <span class='ocrx_word' id='word_1_432' title='bbox 1254 3058 1264 3080; x_wconf 87' lang='lat'>,</span> <span class='ocrx_word' id='word_1_433' title='bbox 1303 3025 1398 3068; x_wconf 81' lang='lat' dir='ltr'><strong>dies</strong></span> <span class='ocrx_word' id='word_1_434' title='bbox 1444 3038 1530 3067; x_wconf 88' lang='lat' dir='ltr'><strong>non</strong></span> <span class='ocrx_word' id='word_1_435' title='bbox 1566 3029 1650 3067; x_wconf 84' lang='lat' dir='ltr'><strong>stat</strong></span> <span class='ocrx_word' id='word_1_436' title='bbox 1668 3058 1678 3081; x_wconf 90' lang='lat'>,</span> 
     </span>
    </p>
   </div>
  </div>
 </body>
</html>
