2040 3328
359 268 408 309 16
1070 266 1116 310 I>

355 393 449 421 nem
471 380 622 421 fecisse
642 379 774 421 fertur
792 411 799 420 .
822 392 946 433 porro
970 379 1116 421 eadem
1139 379 1377 422 differentia
1397 385 1460 423 est
1480 382 1522 422 in
1552 383 1736 434 institore
1758 387 1798 425 et

355 448 562 488 obstetrice
577 479 587 499 ,
610 447 651 487 in
673 447 882 488 meritorio
905 450 944 487 et
964 446 1172 487 meretrice
1190 477 1200 500 ,
1223 445 1275 487 de
1295 446 1446 499 quibus
1467 460 1587 490 nemo
1609 449 1796 504 dubitat,

356 526 613 567 quamquam
634 517 754 555 vetus
777 513 908 554 codex
931 512 1066 553 Plauti
1087 513 1130 552 in
1153 511 1389 554 Cistellaria
1407 528 1463 567 11,
1496 515 1521 555 3
1539 547 1547 568 ,
1580 515 1633 556 22
1653 515 1707 557 23
1726 516 1797 558 ha-

355 581 424 621 bet
451 581 642 622 meritrioe
658 612 666 620 .
688 579 836 621 eodem
865 578 1090 620 referenda
1120 583 1183 620 est
1211 581 1378 621 anetina
1386 581 1569 635 fortuna
1589 581 1725 624 Plauti
1756 582 1799 624 in

355 646 545 688 Rudente
564 660 621 699 11,
644 647 668 687 6
686 678 695 700 ,
717 646 795 699 49,
817 645 888 686 ubi
911 645 1072 687 Nonius
1093 659 1132 699 p,
1153 645 1235 687 406
1253 678 1262 699 ,
1293 646 1319 688 5
1341 662 1411 701 eqo
1432 649 1671 689 anutinam:
1701 662 1799 690 nam

355 729 459 754 anas
473 745 484 765 ,
516 713 616 765 quia
640 714 825 768 μονῆρες
854 716 942 766 est,
974 712 1050 753 sub
1074 712 1378 753 simillimorum
1399 714 1602 756 rationem
1625 715 1800 757 succidit

355 785 395 821 et
415 780 516 821 facit
537 781 667 821 anites
682 813 692 833 ,
723 779 835 833 quod
858 782 920 820 est
940 780 981 819 in
1004 779 1190 832 Captivis
1212 793 1262 832 V,
1284 779 1336 832 4,
1360 780 1384 821 6
1405 781 1469 833 (et
1489 782 1645 822 anitum
1665 782 1799 836 prima

353 860 480 888 manu
515 845 853 888 vindobonensis
889 846 1044 887 saeculi
1082 845 1231 887 decimi
1270 846 1401 888 codex
1432 848 1474 888 in
1505 847 1717 889 Ciceronis
1746 849 1800 890 de

354 918 504 955 natura
533 913 705 954 deorum
743 912 847 954 libro
878 927 934 966 11,
976 912 1080 965 124,
1118 911 1229 954 idem
1265 926 1292 954 a
1321 917 1552 956 correctore
1580 927 1663 956 non
1693 915 1799 957 bene

354 989 514 1022 anetum
518 981 561 1035 ):
592 992 693 1032 ergo
723 993 800 1033 pro
830 980 1014 1031 anitino,
1045 982 1215 1033 propter
1244 980 1265 1020 i
1288 979 1460 1033 longum
1491 981 1602 1034 quod
1632 982 1676 1023 in
1705 995 1799 1037 pro-

354 1048 468 1088 xima
488 1046 655 1099 syllaba
676 1050 739 1087 est
760 1078 768 1099 ,
801 1045 951 1087 dicitur
982 1046 1190 1086 anetinum
1209 1076 1217 1084 .
1241 1045 1315 1087 sed
1336 1046 1390 1087 ab
1422 1047 1570 1089 eodem
1591 1048 1798 1090 vocabulo

354 1114 480 1155 etiam
513 1116 703 1166 correpto
733 1114 755 1153 i
780 1112 1062 1164 subsequente
1082 1112 1329 1152 aneticulam
1359 1113 1495 1165 prima
1524 1127 1650 1155 manu
1681 1118 1799 1157 vetus

354 1179 585 1222 Camerarii
606 1179 649 1219 in
672 1178 870 1220 Asinaria
888 1192 961 1231 111,
984 1178 1010 1219 3
1028 1210 1037 1231 ,
1067 1178 1172 1231 103,
1201 1190 1227 1219 a
1247 1182 1479 1221 correctore
1498 1180 1610 1222 idem
1632 1181 1802 1222 anitien—

354 1247 436 1287 Zam
454 1278 463 1288 .
485 1259 535 1287 ac
564 1258 618 1287 ne
648 1245 690 1286 in
711 1245 763 1287 iis
793 1244 962 1299 quidem
992 1258 1100 1298 quae
1129 1246 1151 1286 i
1176 1244 1420 1298 productum
1451 1246 1631 1301 habent,
1661 1247 1799 1300 legem

353 1313 475 1354 certis
496 1311 648 1354 finibus
670 1311 923 1366 descriptam
953 1311 1123 1353 invenio
1143 1326 1151 1352 :
1174 1315 1236 1353 est
1258 1312 1367 1353 enim
1388 1313 1683 1355 interneciuum
1711 1313 1799 1367 qui-

353 1379 448 1420 dem
463 1379 554 1421 sive
568 1380 860 1421 internecivum
875 1411 885 1431 ‚
907 1378 983 1419 sed
999 1378 1208 1420 veteribus
1225 1379 1359 1432 magis
1375 1379 1535 1433 placuit
1554 1381 1800 1422 subsicivum

354 1459 479 1499 quam
499 1446 750 1487 subsecivum
767 1478 777 1500 ,
798 1457 935 1498 neque
954 1448 1114 1487 mutant
1139 1446 1329 1488 asininus
1345 1479 1354 1495 ‚
1386 1446 1681 1488 hirundininus
1696 1479 1706 1500 ‚
1737 1462 1799 1488 re-

353 1513 534 1565 cidivus,
556 1512 762 1554 abditivus
774 1545 785 1566 ,
803 1511 1032 1554 conditivus
1042 1544 1053 1565 ,
1074 1513 1287 1566 insitivus,
1305 1513 1563 1568 primitivus,
1580 1514 1799 1566 monitrix,

348 1579 562 1635 proditrioe
577 1611 587 1632 ,
620 1578 801 1620 debitricc
816 1611 826 1631 ,
858 1579 1060 1620 ianitrioe.
1084 1578 1188 1620 haee
1218 1579 1344 1632 igitur
1373 1580 1658 1633 grammaticis
1689 1580 1799 1622 evol·
1838 1607 1844 1612 -

353 1645 493 1688 venda
514 1645 923 1698 commendabimus,
955 1645 1025 1698 qui
1052 1644 1188 1686 adhuc
1205 1647 1383 1702 {senitivo
1415 1646 1698 1688 delectantur.
1721 1647 1799 1687 Lu-

354 1713 469 1755 cretii
491 1714 632 1768 primo
662 1729 782 1754 versu
810 1712 896 1764 (ita
927 1711 1050 1765 dicit)
1073 1711 1312 1755 Priscianus
1333 1726 1433 1755 usus
1455 1716 1517 1755 est
1536 1727 1577 1767 p.
1601 1714 1708 1767 733,
1737 1726 1800 1755 se-

354 1780 478 1822 cundi
499 1783 619 1834 parte
641 1779 809 1822 Servius
831 1778 887 1820 ad
907 1778 1122 1820 Aeneidos
1152 1793 1192 1833 1,
1228 1780 1305 1823 198
1323 1813 1332 1833 ,
1365 1784 1406 1823 et
1425 1779 1492 1822 hic
1521 1779 1689 1833 quidem
1711 1779 1800 1822 sine

349 1847 522 1889 nomine
546 1850 725 1902 poetae,
756 1850 802 1887 ut
829 1845 1024 1888 videatur
1053 1858 1194 1887 errore
1221 1847 1447 1889 memoriae
1468 1846 1648 1888 Lucretii
1671 1846 1802 1889 verba

354 1914 605 1969 apposuisse
635 1927 711 1968 pro
733 1913 990 1967 Vergilianis
1021 1926 1131 1966 quae
1161 1918 1257 1955 sunt
1287 1915 1329 1955 in
1357 1913 1585 1968 georgicon
1603 1927 1660 1968 11,
1694 1913 1771 1955 157
1789 1945 1800 1966 ,

353 1982 544 2036 antiquos
579 1990 718 2037 supter
758 1981 939 2022 labentia
975 1995 1113 2022 muros
1129 1996 1141 2020 :
1179 1980 1278 2022 dicit
1316 1981 1424 2022 enim
1454 1981 1562 2022 Ante
1599 1980 1803 2022 malorum

351 2043 424 2103 ὑφ’
456 2043 503 2090 ’ἓν
533 2056 615 2102 est,
647 2057 691 2090 ut
719 2048 828 2090 alibi
852 2047 961 2089 caeli
985 2047 1122 2088 subter
1153 2047 1329 2090 labentia
1360 2049 1508 2103 siqna.
1530 2058 1696 2089 versum
1723 2050 1802 2088 ter-

353 2115 455 2156 tium
486 2127 579 2156 cum
609 2118 727 2168 parte
757 2114 894 2167 quarti
923 2113 1050 2155 habet
1079 2114 1242 2155 Nonius
1272 2129 1314 2169 p.
1336 2115 1444 2169 274,
1474 2116 1540 2158 32.

466 2182 518 2224 5.
549 2195 733 2222 LUMINA
764 2195 924 2222 sons.
967 2182 1005 2222 7.
1037 2181 1417 2227 ADVENTUMQUE
1449 2195 1602 2224 TUUM.
1636 2180 1713 2222 Hie
1740 2191 1802 2221 se-

353 2248 435 2290 mel
466 2247 604 2290 dicam
634 2248 747 2302 quod
777 2249 974 2290 lectorem
1004 2259 1170 2301 semper
1200 2248 1441 2290 meminisse
1460 2250 1648 2303 oportet,
1678 2258 1802 2300 quem

354 2314 580 2357 admodum
602 2315 893 2369 Havercampo
915 2313 1018 2355 nihil
1039 2313 1294 2356 credendum
1315 2315 1369 2356 sit
1386 2347 1395 2369 ,
1426 2314 1486 2355 ita
1507 2327 1600 2356 eum
1621 2312 1803 2354 omnium

354 2382 526 2424 minime
547 2381 805 2424 audiendum
827 2393 944 2434 esse,
977 2392 1068 2422 cum
1091 2380 1298 2423 Vossiano
1329 2381 1516 2435 utrique,
1551 2392 1655 2435 quos
1686 2382 1803 2420 notat

353 2449 391 2489 Y
422 2449 480 2503 Z,
512 2461 564 2491 ea
595 2448 807 2490 adscribat
837 2460 945 2501 quae
975 2459 1002 2488 a
1031 2460 1097 2489 me
1128 2461 1212 2489 non
1239 2448 1499 2490 referantur.
1522 2447 1589 2489 hic
1617 2447 1661 2488 in·
1691 2450 1799 2488 utro-

354 2528 435 2569 que
456 2515 559 2557 dicit
579 2528 671 2557 esse
693 2515 845 2557 lumine
861 2548 871 2568 ,
903 2514 946 2555 in
967 2517 1144 2567 utroque
1165 2515 1435 2570 Adventuque
1465 2524 1560 2557 tuo:
1590 2513 1716 2555 habet
1742 2513 1803 2555 Zu-

353 2584 469 2624 mina
490 2583 726 2636 oblongus,
759 2582 911 2624 lumine
931 2581 1162 2634 quadratus
1192 2586 1232 2624 et
1253 2581 1460 2635 schedae,
1494 2580 1804 2635 Adventumque

355 2658 468 2691 tuum
489 2649 696 2702 oblongus
717 2649 948 2703 quadratus
976 2648 1157 2691 schedae
1174 2680 1183 2690 .
1206 2648 1386 2691 daedala
1408 2647 1526 2690 tellus
1545 2660 1568 2689 e
1584 2646 1803 2699 Lucretio,

355 2717 426 2769 qui
456 2716 606 2758 iterum
640 2717 701 2758 ita
739 2716 846 2758 dixit
874 2728 999 2758 versu
1029 2715 1138 2769 228,
1175 2715 1412 2757 Macrobius
1450 2715 1492 2755 in
1523 2713 1805 2757 Saturnalium

354 2797 424 2837 ιν,
454 2784 510 2824 4.
541 2783 760 2826 daedalum
787 2792 940 2825 terram
967 2796 1018 2825 ex
1045 2782 1192 2824 eodem
1223 2783 1384 2836 profert
1413 2795 1496 2824 non
1517 2781 1620 2823 satis
1642 2780 1804 2823 curiose

355 2862 487 2903 agens
509 2850 666 2892 Paulus
688 2850 889 2893 diaconus
910 2863 933 2892 e
954 2850 1078 2891 Festo
1100 2849 1207 2891 libro
1230 2863 1332 2904 1v1p.
1350 2850 1405 2892 52
1422 2847 1701 2891 Lindemanni
1718 2879 1727 2887 .
1748 2845 1804 2888 ad

354 2916 568 2970 proximos
604 2930 751 2960 versus
786 2917 957 2972 respicit
986 2917 1183 2971 Servius,
1223 2930 1314 2958 cum
1351 2916 1450 2959 dicit
1485 2915 1540 2958 ad
1576 2913 1804 2968 georgicon

355 2997 410 3036 11,
442 2984 523 3025 329
541 3017 550 3038 ,
573 2985 626 3024 Et
656 2985 847 3026 Venerem
868 2986 990 3026 certis
1010 2993 1195 3039 repetunt
1215 2993 1402 3026 armenta
1422 2983 1564 3025 diebus
1580 3013 1589 3021 .
1611 2980 1775 3022 statutis
1791 3010 1803 3031 ‚
