2040 3328
391 247 445 290 26
1103 252 1123 292 Ι

382 367 556 414 propter
572 359 757 414 plurima
777 368 871 415 teme
892 369 950 401 est
967 359 1130 402 Idcirco
1145 393 1155 413 ,
1179 360 1256 401 hoe
1276 364 1339 403 est
1354 370 1447 403 tunc
1464 371 1500 404 et
1512 363 1674 406 Idcz'rco
1687 397 1698 418 ,
1721 365 1834 419 quod

391 438 418 466 a
447 425 648 467 Iuvenale
678 426 875 480 scriptum
905 438 998 468 esse
1028 438 1131 468 sane
1161 426 1380 481 probabile
1411 433 1498 471 est.

506 492 595 534 134.
629 492 861 534 ommam:
891 506 973 532 ur1
1002 506 1278 534 vmmmun.
1300 493 1421 535 Hunc
1441 507 1608 538 versum
1630 509 1722 539 cum
1741 511 1833 553 pro-

390 559 501 600 ximo
523 559 761 601 Macrobius
783 558 1116 600 Saturnaliorum
1146 559 1252 602 libro
1274 574 1341 615 VI,
1376 561 1395 601 1
1421 573 1443 603 e
1462 561 1569 604 libro
1599 564 1733 618 primo
1755 565 1833 607 Lu-

391 625 507 667 cretii
537 625 709 680 protulit
739 638 829 666 cum
859 625 1104 678 Vergiliano
1136 627 1358 668 collatum.

505 693 595 735 141.
628 705 844 738 QUEMVIS
866 706 1086 733 EFFERRE
1107 706 1334 734 LABOREM
1355 727 1362 735 .
1385 695 1546 750 Effer-re
1567 697 1743 740 laborem
1764 699 1835 752 qui

392 759 546 802 dixerit
575 759 783 801 neminem
820 759 943 813 novi,
974 759 1054 801 nisi
1087 773 1209 813 quem
1230 761 1448 804 Turnebus
1476 762 1560 804 iam
1583 763 1833 820 advocavit,

390 828 433 868 in
454 826 711 868 adversariis
732 841 803 866 xm
821 858 829 880 ,
866 826 942 881 15,
974 826 1129 867 Attium
1151 859 1159 880 ,
1193 827 1307 869 cuius
1329 840 1452 869 versu
1475 828 1621 871 Cicero
1642 843 1742 873 usus
1773 835 1836 873 est

390 895 432 935 in
454 893 649 936 Sestiana
673 894 750 935 102
767 926 776 948 ,
808 894 850 935 si
866 894 1043 934 laborem
1063 909 1221 934 summa
1242 899 1332 936 cum
1351 910 1453 936 cura
1473 896 1618 950 efferas
1639 897 1833 938 Nullum.

390 960 579 1002 similiter
608 963 747 1002 tamen
777 961 869 1014 ipse
900 960 1044 1002 Cicero
1075 959 1117 1000 in
1147 960 1477 1002 Tusculanarum
1507 960 1836 1016 disputationum

388 1028 493 1069 libro
516 1041 557 1067 1v
575 1059 584 1081 ,
619 1027 672 1068 62
694 1039 716 1068 e
738 1027 912 1069 Graecis
933 1025 1156 1079 Euripides
1174 1059 1183 1079 ,
1214 1027 1410 1082 Necfors
1425 1059 1436 1079 ‚
1466 1043 1538 1069 nec
1557 1029 1627 1069 ira
1646 1030 1836 1071 caelitum

389 1096 589 1136 inmotum
611 1094 765 1134 malum
780 1125 791 1145 ,
823 1092 943 1143 Quod
959 1107 1040 1134 non
1059 1101 1213 1133 ‘natura
1232 1093 1412 1134 humana
1432 1093 1628 1147 patiendo
1659 1095 1811 1150 ecferat
1827 1126 1836 1135 .

389 1160 465 1202 sed
486 1160 529 1200 hi
547 1192 556 1214 ,
589 1159 669 1201 nisi
691 1159 816 1200 fallor
834 1191 843 1213 ,
875 1159 919 1199 id
942 1160 1083 1215 efferri
1101 1158 1244 1200 dicunt
1265 1159 1376 1212 quod
1397 1163 1636 1214 susceptum
1665 1160 1836 1202 amolia-

389 1241 507 1269 mur.
530 1226 644 1280 quod
665 1225 954 1268 Wakefieldus
984 1238 1075 1267 cum
1106 1239 1187 1267 non
1218 1225 1507 1281 intellegeret,
1538 1230 1713 1280 utroque
1743 1239 1836 1269 auc-

390 1298 480 1335 tore
510 1294 599 1336 sine
629 1292 786 1335 iudicio
813 1305 912 1334 usus
932 1292 1184 1347 improbavit
1202 1293 1423 1348 perferre,
1454 1293 1567 1346 quod
1597 1297 1643 1334 ut
1673 1294 1835 1348 aptissi-

388 1375 500 1402 mum
535 1360 741 1402 dederunt
773 1359 978 1400 Antonius
1010 1359 1158 1414 Marii,
1199 1359 1381 1401 Venetus
1413 1359 1547 1401 editor
1575 1360 1835 1414 (Brixiensis

389 1429 498 1469 enim
520 1431 560 1469 et
581 1427 834 1469 Veronensis
863 1427 1005 1482 efferre
1029 1426 1232 1480 habent),
1263 1426 1466 1467 Marullus
1483 1457 1492 1468 .
1513 1427 1589 1468 sed
1618 1427 1836 1469 verissime
1888 1465 1898 1475 ,

389 1495 600 1548 Tanaquil
647 1494 766 1535 faber
808 1494 989 1548 quemvis
1029 1507 1270 1534 SUFFERRE
1308 1493 1485 1534 laborem
1531 1506 1583 1535 ex
1630 1493 1836 1535 constanti

388 1575 466 1604 usu
503 1561 713 1603 Lucretii.
736 1559 803 1601 hic
838 1560 967 1612 igitur
1005 1576 1025 1601 s
1054 1560 1194 1601 littera
1233 1559 1418 1602 cumbis
1448 1559 1670 1602 scribenda
1699 1563 1835 1614 esset,

389 1629 549 1671 librarii
580 1630 831 1682 peccarunt:
854 1639 877 1668 e
906 1626 1113 1668 contrario
1144 1624 1241 1668 mcx
1275 1626 1351 1668 147
1375 1626 1606 1680 quadratus
1638 1631 1678 1670 et
1707 1627 1750 1668 in
1772 1639 1837 1668 eo-

389 1696 483 1738 dem
504 1707 648 1748 versu,
670 1693 741 1735 ubi
760 1698 822 1734 est
839 1693 880 1734 in
899 1707 940 1732 V1
957 1726 966 1747 ,
987 1693 1060 1747 40,
1079 1693 1284 1747 oblongus
1300 1694 1396 1734 Non
1412 1692 1546 1735 radiis
1566 1694 1666 1735 solis
1680 1709 1694 1747 ‚-
1713 1705 1838 1747 quem

388 1776 556 1805 versum
591 1761 799 1803 Maximus
831 1759 1067 1802 Victorinus
1106 1774 1145 1814 p.
1171 1760 1276 1802 1908
1315 1759 1474 1814 profert
1503 1763 1672 1814 propter
1701 1761 1838 1814 ipsum

389 1829 491 1871 illud
522 1832 542 1871 i
567 1829 608 1870 in
640 1828 722 1870 fine
752 1825 946 1869 vocabuli
976 1839 1059 1868 non
1090 1827 1265 1881 elisum,
1299 1826 1412 1881 quod
1444 1830 1588 1868 contra
1609 1826 1764 1868 factum
1784 1827 1838 1868 sit

388 1897 431 1937 in
463 1896 638 1949 Vergilii
668 1908 793 1937 versu
823 1906 969 1947 georg.
991 1908 1031 1947 1,
1062 1893 1171 1948 446,
1207 1894 1381 1935 Diversi
1406 1902 1595 1949 rumpent
1623 1894 1743 1936 radii
1767 1903 1839 1935 aut

387 1965 462 2005 ubi
490 1963 657 2019 pallida
692 1971 855 2017 sur-yet.
884 1959 959 2001 scd
999 1960 1057 2001 ibi
1095 1960 1409 2002 Lindemannus
1445 1960 1630 2002 Maronis
1669 1974 1838 2003 versum

388 2030 653 2072 dimidiatum
674 2027 923 2084 apposuisse
946 2027 1047 2068 satis
1068 2026 1237 2080 habuit,
1269 2026 1529 2079 grammatici
1555 2027 1686 2069 verba
1714 2031 1760 2068 ut
1779 2027 1838 2068 in-

389 2098 531 2151 tellegi
563 2102 734 2152 possent
764 2095 866 2136 nihil
897 2106 1047 2136 curans
1065 2125 1074 2135 .
1733 2130 1736 2134 Δ

504 2165 595 2207 149.
627 2165 927 2205 Pssmmpmm
965 2172 1111 2202 omns
1141 2175 1256 2200 nme
1287 2174 1459 2202 NOBIS.
1481 2160 1684 2203 Marullus
1711 2162 1837 2203 Prin-

388 2233 543 2287 cipium
573 2232 666 2281 ltine
697 2232 840 2281 cuius,
875 2229 1080 2270 Avantius
1103 2227 1230 2269 Cuius
1253 2228 1512 2283 principium
1543 2228 1636 2268 hinc
1651 2260 1662 2281 ,
1693 2232 1838 2270 neuter

389 2299 492 2340 satis
523 2298 654 2352 perite
673 2330 680 2338 .
704 2296 888 2338 Lucilius
910 2295 1023 2350 apud
1042 2294 1225 2337 Nonium
1247 2307 1286 2348 p.
1309 2295 1392 2336 320
1412 2297 1452 2336 et
1472 2295 1554 2336 366
1577 2294 1704 2336 Cuius
1724 2295 1839 2336 vultu

389 2367 562 2422 acfacz'e
570 2398 581 2418 7
601 2364 697 2406 ludo
714 2365 762 2405 'ac
778 2364 1019 2405 sarmonzhe
1036 2363 1186 2403 nostris
1195 2393 1205 2414 ,
1234 2362 1418 2417 Vz'ryz’nis
1432 2361 1698 2416 lcocprebz'um
1718 2369 1839 2417 atque

388 2435 494 2474 hunc
531 2431 799 2473 reddebamus
836 2431 1024 2471 honorem
1043 2460 1051 2469 .
1073 2427 1151 2469 hoe
1188 2428 1323 2481 ipsum
1355 2427 1472 2469 cuius
1502 2428 1839 2482 monosyllabum

389 2499 565 2541 reddam
586 2498 777 2549 Lucretio
799 2498 842 2538 in
862 2497 968 2538 libro
991 2509 1059 2550 ιν,
1095 2494 1199 2538 1089
1217 2527 1226 2536 .
1249 2494 1393 2536 Cicero
1415 2493 1457 2534 in
1479 2494 1644 2536 Arateis
1664 2527 1673 2550 ,
1696 2494 1747 2536 de
1768 2508 1838 2537 na-

390 2572 484 2609 tura
505 2560 675 2608 deorum
697 2579 727 2605 11
744 2597 753 2619 ,
790 2565 866 2606 109
884 2596 892 2617 ,
910 2562 1060 2618 ‘Atque
1081 2563 1168 2603 eius
1188 2563 1276 2616 ‘epse
1295 2569 1430 2602 manet
1450 2561 1652 2615 relzjqatus
1673 2577 1840 2618 corpore

390 2644 490 2677 torto
507 2651 520 2687 ,-
551 2633 603 2674 de
626 2645 709 2687 quo
731 2643 854 2672 versu
877 2630 964 2683 egit
986 2629 1190 2683 Hauptius
1222 2628 1265 2668 in
1296 2628 1658 2670 observationibus
1686 2627 1840 2669 criticis

390 2716 431 2756 p.
459 2701 513 2743 46
531 2732 538 2740 .
563 2699 710 2742 eadem
756 2697 926 2739 licentia
961 2702 1125 2738 veteres
1159 2695 1256 2737 Itali
1297 2694 1490 2737 dixerunt
1524 2696 1631 2737 Ecco
1669 2695 1746 2737 Cin
1785 2694 1840 2735 da

392 2769 575 2819 Pz'stoz'a,
609 2766 777 2807 Gcn'tton
798 2764 984 2806 dArezzo
999 2780 1013 2817 7·
1044 2764 1202 2814 Quanto
1224 2763 1272 2804 di
1289 2779 1371 2818 qua
1397 2779 1474 2818 per
1503 2779 1558 2803 un
1588 2762 1777 2818 miqlz'az’o
1803 2761 1845 2802 si

390 2843 507 2877 conta
523 2850 536 2885 ,-
563 2845 672 2885 quae
694 2831 794 2873 mihi
816 2831 1012 2874 videntur
1034 2830 1093 2871 ita
1113 2830 1338 2884 protulisse
1356 2861 1365 2882 ,
1388 2835 1432 2870 ut
1452 2831 1473 2871 i
1488 2830 1628 2870 littera
1648 2829 1755 2870 inter
1776 2840 1839 2868 ce-

391 2906 503 2944 teras
534 2899 671 2951 magis
703 2902 901 2940 sonantes
933 2898 1225 2939 delitesceret:
1249 2909 1346 2938 nam
1373 2898 1480 2953 quaj
1506 2908 1598 2938 cum
1629 2893 1836 2947 monosyl-

392 2970 531 3011 labum
556 2965 792 3019 faciebant,
826 2965 1022 3007 dicebant
1044 2977 1066 3006 e
1088 2963 1251 3005 duabus
1273 2958 1293 3004 ἱ
1310 2965 1448 3017 priore
1470 2963 1576 3004 elisa
1593 2962 1722 3016 quai,
1744 2960 1838 3000 Non
