2040 3328
942 237 987 280 II
1648 242 1702 284 83

223 351 340 408 apud
360 351 624 394 Macrobium
645 351 688 393 in
710 351 881 395 Saturn.
904 365 960 406 VI,
983 352 1003 392 1
1028 352 1131 395 O'um
1145 353 1336 408 primum
1357 369 1516 396 aurora
1538 371 1701 410 respar-

221 421 288 478 9²⁰⁶
316 420 473 462 lumine
504 428 641 462 terras
662 452 671 462 .

341 487 437 531 147.
470 501 624 529 somn
656 502 743 530 son
770 520 779 529 .
801 486 1000 530 Sonam
1032 489 1319 544 antiquissimi
1351 494 1638 533 correctores.

340 556 434 599 152.
465 570 646 597 AERIAS
678 570 776 602 Quo
810 571 854 598 SI
880 572 983 599 DUM
1003 571 1321 599 mvmzvmm'r
1342 572 1503 599 UNDAS
1522 591 1531 600 .
1549 560 1702 601 Ponta—

222 638 302 667 nus
337 624 547 666 Lambino
587 628 696 667 teste
734 639 884 671 QUASI
920 625 1019 668 dum
1042 658 1052 668 .
1084 625 1318 668 Lambinus
1355 626 1540 681 pessime
1580 628 1707 682 quasi

223 693 322 736 dum
344 692 608 735 diverberat:
629 705 729 734 nam
751 692 850 735 dum
871 693 1210 747 intellegendum
1232 698 1296 736 est
1328 694 1455 736 donec
1473 726 1482 735 .
1511 694 1703 737 Isidorus

223 760 436 815 originum
457 760 567 803 libro
588 774 678 814 xm,
702 760 758 803 20
788 774 842 803 θΧ
862 761 1058 803 Lucretio
1091 762 1232 804 adfert
1261 764 1404 804 aerias
1433 762 1572 804 undas
1587 779 1600 804 .·
1630 777 1702 818 po-

222 832 334 871 terat
363 828 525 872 addere
556 830 686 886 quasi
709 861 718 871 .
748 829 794 872 in
822 842 952 872 versu
981 830 1176 885 proximo
1208 829 1503 872 Wakefieldus
1533 831 1704 886 ineptis-

223 897 329 940 sime
359 897 561 952 probavit
590 913 770 954 vapores
790 931 800 951 ,
839 897 955 951 quod
985 897 1145 941 habent
1175 898 1414 952 oblongus,
1447 899 1572 953 Itali,
1604 900 1702 941 olim

221 965 447 1021 impressi,
471 965 676 1008 Marullus
696 981 705 1008 ε
732 967 906 1022 vaporis
926 965 1188 1021 quadratus,
1213 966 1425 1020 schedae,
1449 967 1702 1009 Lambinus.

340 1035 434 1078 155.
466 1048 616 1075 INTER
645 1046 698 1076 ss
729 1048 1030 1076 Tannum-nn
1052 1067 1062 1078 .
1094 1034 1222 1090 Apud
1254 1035 1521 1078 Priscianum
1550 1049 1591 1091 p.
1620 1036 1703 1078 802

223 1117 624 1146 nurnAncnrun.

341 1171 434 1216 158.
473 1185 794 1213 NECRESCERE
823 1185 1047 1213 Μοῐιᾼνιτ
1079 1171 1215 1215 Πιιᾼ
1245 1186 1386 1214 roms
1416 1206 1425 1215 .
1458 1173 1702 1225 Quadratus

221 1257 364 1284 necros
383 1235 578 1283 semoravZ
594 1272 604 1293 ‚
626 1239 708 1282 hoc
724 1244 789 1282 est
803 1242 1026 1283 semoravz't
1041 1257 1054 1282 .·
1075 1240 1287 1296 schedae,
1310 1244 1354 1282 ut
1368 1241 1702 1285 Henrichsenius

222 1313 403 1352 testatur
419 1341 429 1359 ‚
465 1323 600 1351 semor
640 1317 776 1350 autem
796 1340 805 1349 .
839 1309 1050 1351 Antonius
1081 1309 1205 1351 Marii
1242 1325 1316 1352 nec
1353 1326 1421 1352 res
1451 1313 1675 1353 remor-avit
1691 1345 1700 1364 ,

223 1377 324 1420 olim
362 1376 562 1432 impressi
596 1392 648 1419 ne
679 1392 862 1419 crescere
891 1386 1079 1419 morast.
1112 1377 1269 1433 optime
1298 1377 1504 1421 Marullus
1533 1395 1606 1422 nec
1636 1396 1703 1422 vres

221 1459 531 1488 nnMoRATUR
569 1445 671 1487 Ulla
688 1445 836 1502 foris.

340 1515 434 1558 160.
474 1528 523 1554 m
563 1527 701 1559 QUEM
732 1526 954 1554 courum:
986 1527 1156 1556 LOCUM
1187 1528 1383 1556 conum
1414 1529 1700 1558 FERUNTUR.

222 1583 485 1627 Veronensis
516 1581 647 1625 editio
679 1586 721 1624 et
751 1582 995 1636 Naugerius
1026 1585 1208 1626 conm'aea
1223 1600 1238 1638 ‚·
1274 1583 1388 1639 quod
1420 1584 1574 1626 rectius
1605 1585 1703 1627 scri-

222 1652 339 1695 bitur
370 1664 552 1693 comxA
576 1683 585 1693 .
617 1651 748 1707 paulo
779 1655 879 1692 ante
909 1651 999 1692 suis
1029 1667 1049 1693 e
1076 1652 1299 1707 partibus,
1337 1652 1380 1693 in
1411 1665 1495 1706 quo
1526 1652 1704 1695 haerent

222 1721 503 1776 interpreteS,
526 1719 588 1762 ita
614 1718 910 1774 accipiendum
932 1722 1023 1774 est,
1055 1736 1107 1762 ea:
1136 1721 1192 1762 iis
1212 1721 1341 1762 vacui
1352 1722 1548 1776 partibus
1563 1754 1574 1775 ,
1597 1738 1702 1778 quas

222 1796 482 1846 occuparunt
503 1819 511 1828 .

341 1856 435 1899 163.
466 1855 865 1903 Mnmnmnsoun
885 1890 894 1898 .
925 1856 975 1898 In
1006 1857 1117 1900 libro
1148 1870 1205 1911 1v,
1222 1856 1304 1900 207
1338 1857 1604 1911 exemplaria
1633 1871 1702 1900 ve-

222 1929 318 1969 tera
346 1925 749 1971 Mumffmxous
766 1957 776 1966 .

339 1993 433 2035 166.
464 1993 537 2035 ΠΤ
567 2007 730 2033 DEANT
761 2006 860 2039 QUA
892 2007 1115 2039 QulcQUE
1138 2024 1148 2034 .
1170 1993 1270 2035 Itali
1291 1996 1456 2035 veteres
1486 1994 1538 2036 Ue
1559 2007 1700 2035 vmss-

223 2074 318 2102 Aur
341 2093 351 2102 .
373 2059 451 2103 sed
482 2059 550 2102 hic
579 2073 730 2103 versus
761 2065 804 2104 et
833 2062 905 2116 qui
927 2074 1024 2104 eum
1045 2061 1266 2117 praecedit
1286 2061 1403 2103 nullo
1426 2074 1520 2103 cum
1542 2063 1701 2118 superi-

224 2128 368 2171 oribus
400 2129 706 2171 sententiarum
736 2129 907 2171 vinculo
939 2129 1200 2175 cohaerent.
1230 2129 1375 2184 itaque
1408 2130 1611 2173 Marullus
1642 2131 1703 2172 in-

223 2196 443 2252 eptissimo
474 2196 660 2251 iudicio,
693 2196 770 2240 sed
800 2198 989 2240 maxima
1019 2198 1298 2252 auctoritate,
1330 2198 1397 2240 his
1427 2199 1702 2252 praemitten-

223 2264 326 2307 dum
355 2266 521 2308 censuit
549 2265 663 2307 Nam
693 2281 825 2322 neque
855 2266 1028 2309 consilio
1050 2265 1194 2309 debent
1216 2265 1389 2308 tardata
1408 2268 1574 2309 ‘morari
1590 2300 1599 2309 .
1631 2269 1702 2321 qui

222 2346 374 2376 sanam
403 2338 588 2376 mentem
617 2334 804 2389 malent,
837 2348 864 2377 a
893 2347 1022 2377 versu
1048 2333 1128 2377 164
1149 2333 1206 2376 ad
1231 2334 1311 2376 184
1331 2333 1598 2389 transibunt,
1631 2349 1702 2378 ne-

223 2415 308 2457 que
343 2401 400 2444 ad
436 2402 726 2456 integritatem
764 2402 1066 2459 disputationis
1108 2402 1336 2458 quicquam
1372 2401 1701 2445 desiderabunt.

221 2469 357 2512 nihilo
379 2470 519 2513 minus
541 2470 824 2513 certissimum
854 2476 918 2514 est
949 2483 1002 2513 ea
1033 2483 1144 2525 quae
1172 2470 1237 2512 his
1260 2469 1484 2512 interiecta
1505 2475 1603 2512 sunt
1622 2472 1703 2513 Lu-

223 2539 415 2581 cretiana
434 2551 560 2594 esse,
593 2538 696 2594 sed,
730 2539 847 2594 quod
875 2539 1132 2595 interpretes
1154 2537 1303 2581 videre
1323 2538 1586 2592 debuerunt,
1618 2552 1702 2580 non

222 2606 375 2661 paucis
405 2608 602 2650 versibus
632 2611 830 2650 truncata
852 2639 861 2649 .
892 2607 1092 2650 videntur
1123 2610 1264 2649 autem
1295 2619 1348 2648 ea
1378 2605 1528 2648 deesse
1545 2639 1555 2659 ‚
1593 2619 1703 2660 quae

224 2673 431 2728 Epicurus
452 2674 508 2717 ad
530 2674 794 2718 Herodotum
812 2676 919 2729 §.44
935 2675 1000 2718 his
1017 2677 1161 2719 verbis
1179 2675 1312 2728 dixit,
1336 2670 1443 2731 ἆρχῆ
1468 2673 1518 2716 δὲ
1538 2671 1703 2716 τούτων

224 2737 304 2784 οὐκ
325 2737 457 2793 ἔστιν,
480 2739 635 2786 αἰτίων
654 2744 742 2786 τῶν
762 2740 942 2797 ἀτόμων
963 2740 1110 2787 οὐσῶν
1130 2742 1203 2786 καὶ
1223 2744 1303 2786 τοῦ
1323 2742 1451 2784 κενοῦ
1473 2774 1480 2782 .
1504 2742 1569 2784 his
1590 2743 1703 2784 enim

223 2813 339 2851 recte
356 2809 491 2852 subici
507 2815 736 2866 potuerunt
752 2825 862 2866 quae
878 2812 1028 2867 primis
1045 2812 1110 2855 his
1128 2812 1320 2854 versibus
1337 2809 1570 2864 significari
1586 2814 1702 2865 puto,

226 2874 398 2932 [multos
430 2877 711 2934 philosophos
742 2880 945 2922 mundum
986 2885 1028 2923 et
1064 2894 1132 2923 res
1162 2880 1388 2922 universas
1419 2878 1588 2933 opinari
1619 2891 1704 2920 non

224 2957 278 2987 ex
307 2943 474 2988 infinito
502 2960 626 3003 esse,
658 2947 736 2990 sed
756 2947 934 2990 deorum
955 2948 1175 2991 voluntate
1195 2949 1471 3003 procreatas:
1503 2946 1580 2988 hos
1603 2959 1703 2988 vero

223 3026 313 3056 rem
351 3013 471 3056 nulla
515 3015 682 3057 ratione
726 3015 873 3058 nixam
912 3029 1101 3072 ponere3
1147 3015 1308 3070 quippe
1345 3013 1496 3068 quibus
1538 3013 1704 3056 facilius

1376 3082 1441 3124 6*
