2040 3328
420 251 503 293 342
1131 252 1164 293 V

419 361 577 417 n1‚478
607 362 814 403 Describit
839 352 1116 416 pestilentiam
1153 362 1354 404 Venetiae*
1371 363 1538 406 Galliae
1557 363 1750 420 Illyrici.
1771 382 1867 408 nam

421 429 599 484 quodam
621 437 796 483 tempore
816 443 906 468 cum
928 427 1054 468 Nilus
1080 427 1179 482 plus
1197 444 1326 484 aequo
1347 431 1589 473 eaecrevisset
1608 440 1645 473 et
1673 431 1748 474 diu
1773 448 1866 488 per-

420 496 637 536 mansisset
657 495 701 534 in
722 494 878 548 campis
894 525 904 546 ,
927 509 978 534 ex
998 494 1311 548 aquafluminis
1332 504 1367 536 et
1396 496 1531 538 calore
1545 494 1784 552 provinciae
1804 498 1866 541 di-

421 577 540 602 versa
557 570 592 602 et
599 561 791 616 plurima
805 561 850 601 in
867 560 963 601 limo
979 561 1182 601 animalia
1197 570 1291 602 sunt
1305 570 1444 603 creata
1453 594 1464 615 ‚
1483 578 1587 617 quae
1600 564 1807 608 recedente
1822 566 1867 607 in

422 628 558 669 alveos
573 642 668 668 suos
685 627 784 668 Nilo
801 635 836 668 et
852 627 1013 681 inteqra
1029 635 1065 667 et
1086 642 1192 681 quae
1213 628 1437 683 semiplena
1443 628 1623 683 fuerant
1630 631 1867 686 putrefacta

419 703 542 735 sunt:
563 692 712 735 excinde
741 702 930 748 corrupto
961 700 1054 735 a‘e‘re
1083 701 1182 734 nata
1208 694 1443 748 pestilentia
1473 703 1555 748 est,
1577 711 1700 750 quam
1729 706 1868 740 auster

406 762 524 815 flans
536 761 674 815 primo
687 776 737 802 eas
746 759 932 816 Aeyypto
949 759 1008 800 ad
1015 760 1194 800 Atticam
1204 761 1464 815 provinciam
1471 761 1632 816 pepulit
1641 793 1652 814 ‚
1667 777 1763 804 ‘mom
1772 763 1868 805 inde

420 828 465 868 in
485 835 619 868 tracta
648 827 835 868 Venetiae
859 834 894 867 et
915 826 1087 881 Illyrici
1102 841 1231 880 usque
1251 841 1413 880 quaque
1441 827 1636 868 universa
1665 830 1866 871 vastavit.

420 894 524 935 hanc
540 901 675 934 autem
688 892 968 948 pestilentiam
992 891 1137 933 ordine
1158 907 1236 946 quo
1257 891 1441 933 diximus
1457 886 1696 947 plenissime
1715 895 1867 938 Lucre-

420 961 502 1001 tius
533 967 591 1001 est
621 967 811 1000 essecutus
830 987 839 998 .
861 970 969 1011 quae
1001 971 1024 1000 e
1054 957 1364 999 commentariis
1389 959 1567 1001 aliorum
1597 959 1723 1003 dueta
1743 961 1867 1004 oredo

420 1039 446 1067 a
476 1025 652 1078 Servio,
674 1025 745 1078 qui
776 1036 828 1066 ea
858 1037 966 1078 quae
1002 1037 1025 1065 e
1056 1024 1254 1066 Sallustio
1285 1025 1536 1077 consignata
1565 1017 1705 1068 ess'ent
1733 1039 1761 1069 a
1789 1028 1867 1070 Lu-

420 1092 617 1133 cretianis
647 1103 730 1132 non
760 1090 863 1132 satis
893 1094 1004 1132 recte
1035 1089 1320 1132 distinxisset:
1343 1090 1531 1133 Sallustii
1562 1093 1672 1135 enim
1697 1094 1868 1137 mentio-

419 1171 514 1200 nem
544 1157 647 1199 facit
676 1157 732 1199 ad
761 1169 929 1199 versum
958 1156 1041 1198 475
1060 1156 1247 1198 481482
1264 1188 1273 1197 .

411 1241 414 1243 ·
535 1225 655 1267 1278.
687 1237 743 1264 m·
780 1236 1151 1264 com-nuruum
1187 1236 1298 1263 mxu*
1315 1255 1324 1265 .
1347 1224 1412 1267 De
1447 1224 1527 1267 hoo
1563 1225 1652 1268 dixi
1687 1225 1743 1268 ad
1778 1240 1869 1270 ver-

420 1305 514 1334 sum
544 1291 627 1333 833
645 1323 654 1333 .

534 1359 654 1400 1280.
687 1357 968 1400 Omoemus
986 1389 995 1399 .
1018 1357 1237 1400 Correetor
1265 1356 1460 1410 quadrati
1487 1370 1580 1400 eum
1599 1359 1720 1402 Italis
1739 1360 1867 1402 Liu-

419 1441 563 1467 Dmus
582 1458 590 1466 .
612 1425 656 1466 in
687 1424 835 1467 eodem
855 1437 980 1467 versu
1010 1425 1197 1466 mortalis
1217 1424 1450 1478 oblongus,
1472 1424 1700 1478 quadratus
1719 1435 1866 1469 morta-

422 1495 494 1535 leis
510 1510 524 1546 ,-
544 1505 721 1546 quorum
752 1491 831 1533 hoc
860 1492 1062 1545 alterum,
1086 1490 1121 1532 si
1150 1490 1193 1531 in
1224 1494 1400 1544 utroque
1430 1495 1565 1544 esset,
1587 1492 1868 1546 praeferrem:

420 1572 530 1601 nune
560 1559 671 1600 malo
703 1558 875 1600 eredere
903 1557 945 1598 in
967 1556 1194 1611 archetypo
1227 1557 1358 1599 fuisse
1382 1558 1570 1599 mortalis
1599 1575 1620 1600 e
1647 1571 1777 1613 supra
1795 1559 1868 1602 ad—

421 1627 576 1680 scripto
597 1657 606 1667 .
629 1628 739 1666 certe
759 1623 883 1665 huius
903 1623 1132 1665 accusativi
1155 1623 1314 1665 formae
1334 1624 1492 1665 nullum
1513 1624 1555 1665 in
1577 1624 1694 1667 libris
1714 1627 1869 1668 nostris

421 1692 658 1746 exemplum
687 1695 902 1745 superest,
924 1691 1003 1732 nisi
1034 1690 1142 1731 forte
1169 1690 1247 1731 hue
1277 1691 1496 1733 referimus
1526 1690 1639 1745 quod
1660 1692 1868 1746 oblongus

420 1760 461 1800 in
483 1773 542 1813 111,
560 1758 639 1800 311
663 1757 789 1799 habet
808 1757 946 1811 prima
966 1769 1090 1798 manu
1107 1789 1116 1810 ,
1139 1758 1227 1798 iras
1248 1756 1429 1798 decurrit
1455 1757 1514 1798 ad
1530 1773 1653 1799 acras
1668 1790 1679 1811 ,
1701 1763 1743 1800 et
1761 1763 1869 1801 uter-

422 1838 503 1879 que
511 1825 673 1881 faueas
692 1824 735 1865 in
758 1837 811 1876 vx,
827 1823 909 1865 639
926 1855 935 1876 ‚
957 1823 1054 1864 item
1077 1838 1206 1865 auras
1226 1823 1268 1863 in
1289 1836 1343 1877 w,
1362 1824 1440 1865 777
1459 1855 1469 1878 ‚
1490 1839 1633 1866 omnus
1652 1825 1696 1866 in
1716 1838 1744 1879 1,
1761 1826 1865 1879 966,

413 1892 553 1948 pellas
568 1889 611 1933 in
627 1905 666 1943 V,
688 1890 792 1932 1011
810 1922 819 1932 .
837 1893 1011 1943 uterque
1019 1890 1178 1945 partiis
1192 1889 1236 1930 in
1251 1903 1310 1943 111,
1327 1889 1408 1932 809
1425 1921 1434 1944 ,
1456 1891 1646 1946 quodviis
1660 1891 1705 1932 in
1719 1892 1866 1946 1x,371‚

421 1959 577 2015 opsoniis
606 1958 650 1998 in
679 1971 739 2011 111,
758 1957 781 1998 7
801 1989 810 1998 .

535 2024 654 2066 1285.
685 2023 751 2065 ΕΤ
799 2036 1134 2068 FLAMMATQUE
1182 2036 1321 2063 muns
1343 2054 1352 2062 .
1384 2023 1622 2074 Quadratus
1669 2037 1867 2067 sununs

421 2100 542 2147 atque
562 2103 589 2132 a
610 2094 842 2133 correctore
862 2089 1157 2143 antiquissimo
1178 2101 1228 2131 ae
1257 2089 1438 2132 fortasse
1459 2089 1513 2132 ab
1541 2090 1634 2145 ipso
1664 2091 1836 2134 librario
1853 2126 1863 2136 .

406 2159 605 2212 flammae
635 2170 708 2199 eur
737 2156 978 2210 Naugerius
1008 2155 1202 2198 maluerit
1230 2157 1371 2198 nescio
1389 2187 1398 2197 .

479 2261 481 2264 .
533 2224 652 2266 1288.
682 2237 738 2264 m·
794 2236 940 2264 coms
995 2234 1177 2263 marona
1209 2254 1218 2263 .
1264 2222 1528 2266 correctores
1586 2224 1867 2279 antiquissimi

418 2303 600 2333 MAIOR.

535 2356 655 2398 1294.
688 2356 950 2402 VERSAQUE
986 2370 1033 2396 m
1079 2369 1390 2397 onrnoanM
1435 2370 1659 2397 spacrnsr
1693 2370 1866 2398 FALCIS

418 2435 647 2463 ΑΤΗΕΝΑΕ
664 2454 673 2463 .
695 2422 937 2472 Quadratus
964 2423 1107 2464 athene
1121 2455 1131 2475 ,
1153 2421 1267 2476 apud
1287 2423 1547 2464 Maerobium
1567 2421 1719 2465 Saturn
1738 2455 1746 2464 .
1767 2426 1828 2477 vr‚'
1844 2425 1864 2465 1

419 2504 598 2531 aeneae:
618 2501 813 2529 ΑΗΕΝΑΕ
844 2489 939 2530 Itali
956 2521 965 2531 .
987 2490 1141 2544 species
1176 2498 1234 2530 est
1249 2489 1404 2544 facilis
1439 2488 1553 2543 apud
1582 2489 1865 2544 Macrobium‚

420 2558 630 2597 corrector
660 2555 853 2608 quadrati
889 2556 1206 2610 antiquissimus
1237 2569 1432 2596 spncms
1461 2569 1545 2596 Esi-
1561 2555 1726 2610 falcis.
1748 2557 1865 2599 deni-

419 2634 500 2676 que
530 2621 644 2676 apud
675 2622 932 2664 Macrobium
972 2623 1179 2677 Versaque
1207 2623 1252 2663 in
1281 2622 1494 2664 obscurum
1511 2654 1521 2673 ,
1542 2635 1595 2664 ex
1625 2635 1707 2676 quo
1738 2621 1867 2664 edito-

418 2701 485 2730 res
520 2687 723 2730 Macrobii
758 2702 842 2731 non
877 2689 1063 2743 inspecto
1101 2688 1294 2730 Lucretio
1331 2688 1518 2730 fecerunt
1550 2690 1596 2730 in
1629 2690 1842 2731 obscenam
1854 2721 1867 2743 ‚

418 2755 546 2808 idque
582 2755 845 2797 Wakefieldo
881 2756 1018 2803 visum
1055 2758 1118 2797 est
1152 2754 1303 2796 ‘minus
1341 2755 1528 2809 resipere
1563 2755 1865 2809 glossatorem’.

417 2834 543 2863 versu
572 2821 626 2863 ab
657 2822 735 2863 hoe
763 2822 897 2864 altero
927 2822 1091 2864 Nonius
1121 2821 1248 2863 utitur
1277 2835 1318 2876 p.
1340 2822 1402 2873 13,
1423 2822 1500 2863 19.

532 2888 651 2930 1300.
682 2889 748 2930 ΕΤ
777 2903 944 2930 mmoo
981 2902 1120 2930 rmus
1157 2902 1241 2928 EST
1280 2902 1414 2933 QUAM
1449 2902 1524 2928 ms
1555 2900 1863 2928 comurmmut

417 2967 559 2995 amos
578 2985 587 2995 .
613 2955 904 2999 Wakefieldus
941 2957 1120 3014 biiuyom
1134 2988 1146 3011 ,
1167 2955 1325 2998 seilicet
1360 2967 1524 2999 currum
1564 2954 1750 3010 biiugum
1784 2953 1866 3011 (ita
