2040 3328
407 233 486 274 174
1095 235 1159 277 III

402 344 503 386 mihi
532 344 684 386 rectius
704 344 869 386 videtur
890 343 1052 386 duabus
1073 349 1233 386 tantum
1253 346 1444 388 litterulis
1465 347 1631 389 mutatis
1661 347 1843 389 scribere

401 412 446 452 in
473 427 605 465 parvo
635 424 912 451 mucun'run
942 418 1117 465 tempore
1148 425 1260 452 ΤΑΒΙ
1292 446 1300 455 .
1331 412 1391 454 ita
1420 413 1629 466 Vergilius
1660 414 1843 455 Alicibus

402 478 587 532 linquere
603 478 720 532 feris
747 507 757 530 ‚
787 480 828 517 et
858 475 1035 518 Ovidius
1066 477 1142 519 leco
1167 493 1401 532 poenaeque
1429 480 1596 521 relictus
1617 511 1626 521 .
1654 492 1731 522 nec
1759 480 1849 521 tabi

402 543 533 584 dandi
565 555 665 584 casu
694 543 931 584 Lucretium
967 556 1087 585 usum
1122 556 1215 585 esse
1245 543 1488 586 incredibile
1518 549 1606 599 est,
1637 558 1730 587 cum
1758 558 1842 588 non

400 610 529 650 multo
558 614 655 663 post
686 609 775 651 eius
805 609 964 651 obitum
984 610 1158 652 Helvius
1180 610 1312 652 Cinna
1332 611 1526 663 genetivo
1557 612 1661 653 tabis
1690 611 1845 653 dixerit

401 679 440 717 et
463 675 663 717 Messalla
684 674 887 718 Corvinus
919 679 1047 719 tabem
1077 677 1316 719 accusativo
1339 709 1348 718 .
1370 690 1467 718 nam
1484 676 1641 719 Cinnae
1660 677 1844 732 Zmyrna

400 755 551 783 novem
581 742 702 783 annis
724 742 910 796 perfecta
931 742 1094 784 Catullo
1116 743 1284 785 vivente
1304 743 1418 785 edita
1438 747 1526 797 est,
1549 743 1627 784 hoc
1656 748 1719 786 est
1747 749 1842 786 ante

400 820 555 849 annum
586 809 638 850 ab
660 809 763 851 urbe
783 809 953 851 condita
973 809 1278 851 Varronianum
1309 810 1387 853 708
1405 824 1414 850 ε
1437 809 1534 851 vide
1555 809 1780 864 Hauptium
1799 810 1844 851 in

401 874 646 916 Catullianis
663 875 979 928 quaestionibus
995 888 1036 928 p.
1057 875 1106 917 15
1126 890 1134 916 :
1151 880 1192 917 et
1209 876 1450 918 Messallam
1465 876 1578 917 circa
1593 888 1747 917 annum
1761 876 1843 918 675

398 946 541 981 natum
578 953 671 982 esse
708 941 831 982 docui
867 941 910 982 in
946 941 1106 982 diurnis
1146 941 1360 983 litterariis
1390 942 1670 996 Halensibus,
1700 954 1843 984 mense

400 1007 519 1047 Iunio
551 1007 650 1048 anni
683 1007 789 1049 1836
819 1020 858 1061 p.
881 1007 963 1049 255
983 1039 991 1047 .
1014 1012 1196 1049 ceterum
1217 1021 1301 1050 non
1323 1008 1528 1050 dissimile
1548 1012 1611 1050 est
1631 1008 1745 1062 quod
1764 1009 1842 1050 Te-

399 1074 554 1114 rentius
585 1077 784 1126 quantum
814 1073 901 1115 scio
933 1074 1047 1115 solus
1075 1073 1181 1115 dixit
1206 1076 1328 1129 preci
1352 1075 1395 1115 in
1417 1073 1579 1116 Andria
1598 1088 1658 1129 111,
1673 1074 1713 1128 4,
1729 1074 1783 1116 22
1803 1077 1846 1116 et

399 1139 443 1179 in
475 1139 726 1181 Phormione
746 1153 806 1193 111,
824 1140 862 1193 3,
883 1139 935 1180 14
950 1171 960 1180 .
982 1139 1057 1181 sed
1088 1142 1228 1195 sponte·
1253 1141 1484 1182 Varronem
1513 1153 1598 1182 non
1627 1140 1844 1195 scripsisse

400 1204 564 1246 ostendi
594 1205 636 1246 in
669 1218 814 1247 museo
845 1205 1045 1248 Rhenano
1077 1220 1131 1259 vr,
1162 1220 1202 1260 p.
1228 1207 1306 1249 115
1329 1238 1339 1248 .

508 1271 604 1314 555.
636 1272 760 1313 Essa
791 1285 1030 1327 nomm-m,
1061 1287 1223 1314 umus
1254 1287 1402 1318 QUASI
1432 1286 1564 1318 Quor>
1595 1286 1742 1313 vsssn
1773 1285 1843 1312 vx-

398 1352 559 1379 DETUR
583 1371 591 1379 .
615 1338 852 1389 Quadratus
882 1355 978 1381 vase
1007 1339 1167 1380 videtur
1190 1371 1199 1380 .
1222 1339 1319 1380 Itali
1350 1343 1514 1382 veteres
1543 1343 1585 1381 et
1613 1339 1843 1381 Brixiensis

398 1405 526 1447 editio
557 1419 751 1446 nomme
785 1410 825 1447 et
855 1419 943 1446 VAs
972 1419 1116 1446 Esse.

512 1472 608 1514 563.
640 1485 866 1513 Avonsns
895 1486 1160 1513 RAmcmus
1183 1503 1192 1514 .
1214 1472 1453 1514 Lactantius
1482 1472 1589 1514 libro
1618 1485 1689 1526 vn,
1710 1471 1774 1526 12,
1789 1471 1844 1514 20

399 1552 422 1580 e
443 1539 639 1580 Lucretio
670 1539 785 1581 Sicut
813 1539 955 1581 oculus
969 1572 980 1592 ,
1004 1541 1162 1594 inquit,
1181 1540 1350 1581 evulsus
1379 1555 1427 1580 ac
1456 1546 1674 1594 separatus
1702 1554 1730 1579 a
1757 1553 1843 1579 cor-

394 1622 495 1661 pore
524 1605 633 1647 nihil
656 1613 789 1659 potest
816 1605 955 1648 videre
973 1637 982 1647 .
998 1605 1069 1647 ubi
1098 1606 1231 1647 maior
1251 1618 1350 1660 pars
1373 1605 1571 1647 librorum
1591 1603 1718 1646 habet
1737 1603 1844 1646 evul-

398 1688 469 1713 sus
500 1688 526 1713 a
555 1686 726 1726 corpore
755 1687 803 1713 ac
833 1681 1051 1727 separatus
1073 1704 1082 1713 .

508 1738 603 1780 564.
634 1738 902 1778 Dmmcm
934 1752 1120 1779 ocunus
1151 1753 1258 1779 11²sn
1280 1770 1290 1780 .
1314 1738 1533 1791 oblongus
1553 1737 1689 1779 oculos
1709 1735 1844 1790 prima

399 1816 525 1845 manu
548 1835 557 1845 .
582 1803 786 1845 Marullus
813 1818 858 1844 11ἱ
869 1818 920 1844 sn
951 1818 1164 1859 oenum,
1197 1805 1338 1859 itaque
1369 1808 1465 1846 ante
1496 1816 1590 1845 eum
1618 1803 1741 1845 Itali.

508 1871 606 1913 566.
629 1883 745 1915 QUIA
766 1884 918 1911 vmus
938 1885 995 1911 ET
1015 1885 1223 1912 wsemzx
1243 1884 1384 1911 mxu
1402 1902 1410 1911 .
1429 1869 1665 1920 Quadratus
1684 1869 1842 1920 mixta,

398 1936 473 1979 sed
507 1937 645 1991 prima
682 1949 808 1978 manu
845 1936 1000 1979 factum
1030 1938 1181 1979 miaeti.
1210 1935 1305 1978 Itali
1341 1937 1443 1991 quia
1470 1950 1560 1976 rna
1587 1949 1741 1977 venas:
1767 1949 1845 1989 per

397 2020 521 2046 venas
551 2007 592 2045 et
619 2017 801 2043 MIXTIM
833 2003 932 2044 olim
962 2003 1185 2058 impressi.

508 2070 604 2112 571.
634 2070 787 2111 Anius
814 2083 942 2111 HAUT
963 2083 1178 2110 Possmwr
1205 2083 1322 2111 Pos‘r
1343 2082 1541 2111 MORTEM
1561 2081 1738 2108 macrii
1757 2080 1844 2107 uo-

398 2150 520 2176 vmu:
545 2170 553 2179 .
581 2136 711 2178 Heris
741 2136 947 2190 oblongus
976 2136 1115 2190 prima
1143 2149 1270 2178 manu
1291 2168 1300 2178 .
1323 2140 1419 2178 tunc
1448 2135 1560 2177 idem
1589 2134 1712 2187 haut,
1744 2145 1844 2187 qua-

398 2203 543 2244 dratus
573 2211 618 2244 ut
638 2234 647 2243 .
668 2216 860 2244 movmu
890 2202 1121 2244 Lambinus
1151 2207 1262 2244 recte
1281 2234 1291 2255 ,
1311 2201 1413 2256 sed,
1437 2202 1474 2243 si
1495 2201 1724 2253 Forbigero
1754 2211 1843 2241 cre-

398 2269 555 2321 dimus,
587 2274 733 2310 contra
762 2269 1032 2311 ‘constantem
1063 2269 1151 2311 fere
1182 2268 1366 2310 Lucretii
1396 2266 1737 2309 consuetudinem
1749 2266 1783 2306 .”

507 2336 603 2378 573.
627 2335 822 2378 Comus
842 2349 958 2375 ΕΝΙΜ
978 2349 1139 2380 ATQUE
1160 2347 1350 2375 ANIMAM
1371 2347 1516 2374 smum·
1537 2347 1655 2386 AER,
1687 2345 1729 2372 sx
1761 2343 1843 2371 co-

398 2416 578 2442 mnena
599 2403 722 2444 SESE
743 2415 899 2442 11111111
919 2415 1079 2447 Arous
1101 2415 1149 2442 IN
1170 2414 1258 2441 Eos
1287 2413 1496 2440 sornam·
1523 2411 1843 2439 concnunnan

397 2482 560 2510 Morus
582 2500 592 2509 .
625 2467 844 2520 oblongus
874 2469 933 2510 sic
959 2469 1167 2522 cohibere,
1199 2467 1429 2520 quadratus
1459 2466 1562 2507 Esse
1592 2465 1733 2506 anima
1762 2495 1772 2504 .
1801 2463 1845 2505 in

398 2536 538 2590 priore
567 2534 752 2577 membro
784 2534 965 2576 futurum
994 2538 1159 2588 tempus
1180 2533 1334 2586 requiri
1355 2531 1596 2585 Naugerius
1617 2529 1750 2584 vidit,
1772 2529 1845 2584 qui

397 2602 566 2656 scripsit
596 2615 741 2655 mur,
772 2606 1001 2643 ceterorum
1031 2604 1170 2642 autem
1201 2599 1308 2640 nihil
1337 2598 1544 2640 intellexit
1575 2629 1583 2638 .
1615 2596 1845 2639 Lambinus

397 2669 503 2710 bene
533 2668 691 2723 Corpus
721 2668 827 2709 enim
858 2676 979 2722 atque
1008 2680 1226 2707 ANIMANS
1255 2666 1332 2707 erit
1361 2671 1433 2706 ae‘r
1465 2696 1474 2705 .
1505 2664 1682 2705 alterum
1718 2674 1844 2704 mem-

398 2736 545 2788 brum,
576 2747 832 2788 quamquam
861 2747 929 2776 res
959 2738 1109 2788 aperta
1129 2737 1222 2787 est,
1245 2729 1533 2774 Wakefieldus
1554 2729 1734 2771 correxit
1762 2727 1844 2783 pri·

397 2815 489 2843 mus
519 2801 598 2843 hoc
626 2801 750 2843 modo
768 2832 779 2854 ,
809 2801 852 2842 si
875 2801 1058 2842 cohibere
1086 2801 1140 2842 IN
1170 2815 1212 2841 se
1240 2811 1429 2839 ANIMAM
1457 2805 1579 2852 atque
1607 2798 1652 2838 in
1682 2810 1747 2838 eos
1771 2808 1844 2850 po-

398 2869 490 2909 terit
509 2867 748 2909 concludere
767 2875 898 2909 motu-s·
914 2898 925 2919 ‚
947 2866 1056 2917 Quos
1076 2874 1170 2907 ame
1189 2867 1234 2907 in
1253 2865 1391 2907 nervis
1422 2872 1458 2905 et
1485 2864 1530 2904 in
1557 2863 1648 2917 ipso
1677 2874 1844 2915 corpore

397 2934 576 2988 aqebat:
613 2946 708 2974 mox
747 2926 836 2986 ipse
877 2932 984 2974 mira
1020 2931 1163 2973 iudicii
1193 2929 1407 2972 debilitate
1437 2929 1545 2970 hanc
1573 2925 1838 2969 verissimam
