2040 3328
939 273 997 315 VI
1625 274 1708 316 409

305 441 308 443 q
341 387 437 430 986.
475 401 673 432 Anooun
705 401 957 430 SAPOREM.
1001 387 1224 442 Oblongus
1255 389 1458 445 aloqaae,
1497 392 1709 430 corrector

227 457 318 498 eius
350 459 464 500 recte
483 469 730 502 AmanE.
764 468 863 497 nam
893 455 999 498 nihil
1030 470 1136 511 opus
1169 461 1233 499 est
1263 469 1356 498 cum
1378 456 1587 498 Lambino
1618 457 1710 499 alia

227 524 439 567 scribere:
478 524 660 579 primum
693 528 992 567 enumerantur
1021 538 1133 579 quae
1163 525 1252 567 alia
1282 525 1368 566 alio
1399 529 1623 579 penetrent
1653 523 1708 566 ad

226 593 370 635 varios
385 609 532 634 sensus
549 627 558 648 ‚
577 596 776 635 secuntur
797 605 908 647 quae
928 592 1018 635 alia
1033 592 1206 635 aliunde
1226 593 1403 635 veniant
1419 626 1428 634 .
1447 592 1553 635 haec
1570 597 1709 635 autem

226 660 328 715 quia
359 673 386 702 a
415 674 462 703 se
493 661 677 704 invicem
699 660 891 716 separari
918 673 1004 702 non
1026 661 1208 715 debent,
1230 661 1268 702 is
1291 660 1395 702 ordo
1418 675 1618 703 versuum
1640 674 1709 703 ve-

226 742 299 772 rus
330 733 395 771 est
424 742 551 783 quem
573 728 870 771 Wakefieldus
893 729 992 771 fecit
1011 745 1019 771 ε
1050 742 1129 771 1160
1149 729 1233 770 nisi
1254 729 1478 783 speciebus
1501 729 1710 771 absolutis

226 797 284 840 ad
314 810 488 840 causam
519 797 579 839 ita
598 797 727 841 rediri
750 802 891 853 potest
911 802 958 840 ut
979 801 1108 853 poe‘ta
1127 810 1174 839 se
1196 809 1291 839 eam
1307 797 1440 853 paulo
1462 807 1558 840 ante
1579 807 1708 840 osten-

227 866 339 909 disse
360 866 500 920 dicat,
530 865 644 920 quod
668 866 830 908 fecerat
850 879 976 909 versu
997 866 1078 909 981
1103 870 1144 908 ct
1166 865 1331 908 duobus
1353 866 1559 920 proximis
1577 899 1586 908 .
1616 879 1708 908 ver-

226 947 320 977 sum
342 936 428 978 990
447 935 583 977 solum
605 933 748 976 adfert
767 934 934 977 Nonius
956 949 997 989 p.
1016 934 1111 989 227,
1130 934 1184 976 26
1202 966 1211 975 .

340 1004 436 1048 991.
484 1004 748 1045 PRAETERE
779 1016 1002 1044 MANERE.
1050 1002 1320 1045 Correetores
1351 997 1518 1046 veteres
1551 1003 1708 1044 PRAE-

226 1086 412 1114 TEREA.
444 1072 541 1114 Itali
573 1075 615 1114 et
646 1072 844 1127 impressi
875 1085 1101 1112 MANARE.

339 1141 436 1184 992.
467 1140 640 1187 Amen
671 1154 823 1182 Anum
856 1155 1014 1181 IGNIS.
1046 1139 1259 1182 Antonius
1282 1139 1406 1181 Marii
1438 1143 1480 1182 ct
1501 1139 1709 1182 Marullus

226 1211 381 1268 ciqnis,
411 1209 644 1252 Lambinus
671 1226 750 1266 per
781 1209 925 1266 liqna.
968 1222 1114 1251 verum
1147 1212 1210 1251 est
1240 1207 1355 1262 quod
1387 1208 1710 1263 Havcrcampus

225 1283 383 1321 temere
420 1277 644 1320 Vossianis
684 1277 917 1328 adscribit,
962 1291 1146 1328 melus,
1192 1276 1246 1319 de
1284 1277 1428 1319 resina
1463 1276 1593 1330 lignis
1623 1288 1709 1318 ma-

225 1352 353 1390 nante
384 1345 696 1399 accipiendum.

339 1415 436 1459 997.
468 1428 708 1467 VARIANS,
741 1414 837 1456 989.
871 1428 1118 1455 VAmANT.
1149 1414 1216 1456 Ita
1247 1414 1444 1456 codices.

342 1485 463 1527 1000.
496 1497 552 1523 m·
585 1496 770 1524 OMNES.
805 1482 1051 1526 Coi-rectum
1081 1483 1124 1524 in
1156 1483 1346 1537 oblongo
1378 1496 1552 1524 omms.

343 1553 464 1594 1001.
497 1565 735 1592 ΡΕωοΙΑΤ
757 1566 822 1592 UM
841 1584 849 1592 .
874 1551 1096 1605 oblongus
1108 1552 1389 1608 perliceatum
1407 1584 1416 1594 .
1448 1550 1573 1592 Marii
1597 1550 1708 1592 filius

224 1626 266 1664 et
297 1620 506 1662 Marullus
546 1635 815 1662 Pnnmcmr
848 1634 964 1674 vm,
1010 1624 1151 1662 recte:
1199 1633 1284 1661 non
1319 1621 1455 1675 potuit
1486 1619 1610 1660 aliter
1642 1618 1709 1660 hic

223 1689 411 1731 scribere
433 1689 654 1732 Lucretius
677 1703 804 1744 quam
826 1690 997 1745 scripsit
1028 1689 1071 1730 in
1101 1703 1140 1743 v,
1168 1689 1276 1733 1005
1298 1688 1486 1732 Subdola
1506 1687 1708 1744 pellicere

223 1759 269 1800 in
284 1757 495 1813 fraudem
515 1791 523 1799 .
554 1758 707 1800 Lucilii
730 1771 881 1800 versus
904 1771 931 1799 a
952 1758 1074 1800 Velio
1102 1759 1253 1812 Longo
1274 1772 1315 1813 p.
1334 1757 1443 1799 2227
1467 1755 1627 1798 relatus
1650 1755 1709 1797 vi-

223 1825 346 1869 detur
368 1826 413 1868 in
435 1825 545 1868 hunc
566 1827 739 1869 modum
762 1826 981 1868 emendari
1003 1839 1131 1881 posse
1149 1860 1158 1880 ,
1187 1828 1233 1868 in
1255 1825 1497 1883 praeposito
1514 1840 1593 1879 per
1613 1824 1708 1865 Pel-

223 1894 403 1937 liciendo
418 1928 429 1948 ,
451 1895 524 1937 hoc
546 1904 605 1937 est
625 1894 860 1937 inducendo
876 1928 886 1947 ‚
906 1896 1118 1951 yeminato
1141 1894 1168 1936 l.
1191 1893 1236 1935 id
1258 1898 1348 1948 est,
1372 1894 1416 1934 in
1433 1891 1708 1948 pelliciendo,

224 1963 341 2018 quod
375 1961 421 2004 fit
449 1979 531 2018 per
572 1962 820 2018 praeposito
839 1995 848 2017 ,
889 1963 906 2004 l
939 1962 1122 2004 litteram
1163 1962 1382 2016 geminare
1415 1960 1546 2002 debes
1564 1993 1572 2001 .
1614 1961 1709 2002 Put-

223 2031 366 2073 Schius
388 2030 494 2072 haec
515 2030 661 2085 dedit,
684 2032 772 2073 Nec
793 2031 917 2073 aliter
938 2030 1056 2087 apud
1075 2031 1289 2072 Lucilium
1311 2030 1464 2086 leyitur
1482 2063 1491 2073 .
1519 2032 1563 2072 in
1580 2046 1708 2086 prae-

218 2100 426 2156 positione
452 2115 531 2155 per
555 2113 580 2139 1.
610 2099 791 2141 licienclo
806 2132 817 2153 ,
850 2099 964 2155 quod
988 2108 1046 2141 est
1073 2098 1335 2152 inducendo,
1363 2100 1550 2154 ‚qeminat
1577 2100 1603 2141 l.
1630 2098 1707 2140 sed

224 2180 336 2223 quae
353 2171 574 2220 secuntur,
590 2167 787 2224 pellicere
803 2168 967 2210 malunt
983 2183 1108 2224 quam
1122 2167 1349 2223 perlicere,
1370 2179 1422 2208 ea
1440 2167 1551 2209 Velii
1569 2167 1707 2220 Longi

223 2249 320 2279 esse
341 2269 351 2292 ,
374 2249 458 2278 non
480 2235 656 2291 Lucilii,
686 2235 935 2291 apparebit,
964 2236 1000 2278 si
1029 2248 1142 2289 quae
1164 2239 1491 2290 praecesserunt
1521 2236 1679 2290 legeris
1697 2267 1707 2277 .

340 2304 461 2347 1005.
498 2305 619 2347 1017.
664 2318 793 2345 VAcn
831 2319 909 2344 mr
931 2336 941 2346 .
988 2304 1236 2356 Quadratus
1271 2305 1426 2346 vacesz‘c
1456 2304 1679 2358 utrobique
1697 2337 1706 2345 .

222 2377 407 2415 ceterum
438 2372 542 2414 mihi
573 2372 715 2416 adhuc
747 2373 1038 2428 quaerendum
1070 2372 1241 2415 videtur
1277 2372 1430 2426 quibus
1461 2372 1708 2414 auctoribus

220 2441 353 2495 vulgo
391 2441 434 2482 in
472 2442 666 2484 oratione
702 2442 845 2484 soluta
886 2441 1097 2484 scribatur
1132 2441 1404 2498 vacmffactus
1422 2472 1430 2481 .
1455 2453 1568 2494 ‚nam
1604 2440 1706 2482 mihi

221 2513 336 2551 certo
367 2513 535 2552 constat
572 2509 652 2552 hoc
687 2524 823 2564 genus
854 2509 1093 2563 vocabula,
1131 2508 1185 2551 de
1222 2508 1378 2563 quibus
1409 2508 1498 2550 alia
1529 2508 1619 2550 dixi
1650 2507 1707 2550 ad

219 2576 375 2619 librum
389 2591 452 2632 111,
471 2579 583 2631 906,
618 2591 756 2633 neque
788 2578 1015 2634 trisyllaba
1037 2591 1132 2620 esse
1153 2578 1238 2620 nisi
1263 2577 1500 2632 composita
1521 2576 1634 2631 sint,
1661 2580 1707 2618 ut

220 2645 494 2702 obsolefieri,
517 2659 655 2701 neque
677 2647 980 2704 monosyllaba
1009 2646 1093 2688 nisi
1126 2663 1146 2688 e
1177 2646 1320 2688 littera
1350 2645 1545 2698 abiecta,
1573 2644 1706 2699 calfa-

220 2729 312 2755 cere
341 2714 523 2769 olfacere
541 2748 550 2757 .
586 2719 758 2770 praeter
788 2715 894 2757 haec
924 2718 1068 2756 tamen
1100 2713 1419 2756 concedendum
1456 2716 1520 2754 est
1550 2712 1706 2752 Teren-

220 2781 324 2823 tium
357 2781 525 2825 duabus
555 2783 739 2839 syllabis
771 2784 813 2824 in
845 2796 973 2824 unam
1005 2781 1198 2825 conflatis
1230 2782 1391 2823 dixisse
1421 2780 1464 2821 in
1497 2778 1705 2834 Adelphis

220 2850 374 2905 1,1‚29
393 2850 449 2893 49
470 2865 531 2906 111,
549 2852 589 2907 3,
607 2853 663 2894 60
693 2867 839 2894 consve
856 2851 980 2905 feci,
1013 2866 1158 2892 consve
1176 2850 1356 2904 facere,
1388 2863 1533 2889 con-sve
1550 2848 1705 2903 facio:

220 2930 321 2959 nam
337 2918 595 2961 vocabulum
613 2919 876 2975 dactylicum
893 2931 1093 2960 versuum
1110 2917 1218 2958 ratio
1235 2929 1321 2958 non
1338 2915 1539 2957 admittit.
1557 2920 1705 2959 contra

221 2985 403 3040 syllabis
425 2986 610 3030 diductis
632 2986 889 3029 Prudentius
913 2985 1231 3028 cathemerinon
1252 2983 1409 3039 hymno
1432 2997 1505 3037 vn,
1529 2985 1583 3027 84
1603 2986 1703 3028 Ful-

220 3070 312 3096 men
343 3055 516 3113 beniqni
542 3055 875 3111 mansuiffactum
902 3055 1043 3111 patris
1061 3084 1069 3093 .
1101 3052 1228 3108 plura
1258 3051 1406 3094 horum
1438 3055 1479 3094 et
1500 3053 1704 3095 similium
