2040 3328
414 218 492 260 188
1097 219 1160 260 III

410 332 475 371 est
502 342 717 383 paoem,
740 342 860 382 quem
891 328 1115 370 admodum
1145 328 1187 369 in
1207 328 1315 371 libro
1336 343 1363 379 1,
1377 330 1456 372 977
1478 330 1746 372 membranae
1768 343 1850 372 om-

409 408 485 438 nes
505 395 662 437 habent
674 396 847 450 probeat
861 411 875 448 ,·
894 394 1043 447 quibus
1054 396 1255 450 praebere
1275 400 1316 437 et
1331 396 1475 448 „debere
1496 401 1591 438 sunt
1610 397 1822 439 simillima
1840 430 1850 439 .

406 463 580 517 proiciet
609 461 741 502 tribus
771 460 949 515 syllabis
980 460 1139 502 dixisse
1158 461 1325 503 videtur
1346 463 1505 504 Seneca
1524 463 1602 504 hoc
1621 477 1747 506 versu
1769 496 1778 518 ,
1796 465 1851 506 Et

410 529 518 569 inter
547 528 655 568 acies
680 528 855 582 proiciet
883 536 1047 582 raptam
1067 527 1173 568 duas
1192 527 1236 568 in
1257 528 1497 570 Phoenissis
1515 529 1597 571 426
1619 561 1629 570 .
1649 530 1823 572 Plautus
1840 563 1850 584 ,

410 594 480 647 qui
510 594 636 634 reicz'o
666 605 831 647 semper
860 593 966 634 dixit
995 606 1070 648 per
1099 593 1414 648 diphthongon,
1444 595 1573 637 nihilo
1603 596 1740 638 minus
1768 597 1851 651 pri-

409 672 520 701 mam
559 659 730 712 longam
772 663 1010 702 constanter
1045 661 1196 702 retinet
1223 660 1266 701 in
1296 661 1375 717 qjcz‘
1399 661 1507 717 dejci
1522 663 1688 718 prqjci:
1716 676 1851 716 neque

409 727 530 768 huius
552 739 646 768 esse
671 725 795 767 eredo
817 727 974 768 coicitz's
1000 739 1076 780 per
1102 727 1421 781 diphthongon,
1443 727 1485 768 in
1506 727 1737 770 Mercatore
1757 743 1795 783 V,
1811 730 1850 784 2,

410 794 491 846 91,
525 792 599 834 sed
629 793 841 845 conicitis,
872 805 995 845 quem
1028 793 1255 836 admodum
1287 793 1393 835 dixit
1421 794 1464 834 in
1486 794 1683 836 Asinaria
1701 796 1852 850 1v‚2‚5

411 861 566 902 obicias
579 891 591 913 ‚
612 859 806 913 quamvis
827 859 932 900 alias
952 859 1146 902 maluerit
1174 861 1307 916 cooy'ee
1327 861 1496 915 objez'tur
1527 860 1670 911 (Merc.
1692 874 1736 915 11,
1752 862 1790 915 3,
1806 862 1851 916 5)

410 928 514 983 injce
535 926 714 982 adjceret
728 925 874 979 (Poen.
894 939 932 979 V,
949 926 988 979 4,
1009 927 1051 979 1)
1071 926 1232 968 dissicit
1253 958 1262 968 .
1284 927 1422 968 variat
1451 927 1494 967 in
1513 938 1596 967 uno
1622 926 1852 981 eodemque

413 992 589 1035 Medeae
619 1005 743 1035 versu
763 992 844 1034 527
876 992 1037 1034 Seneca
1057 1024 1067 1046 ,
1098 994 1182 1034 His
1211 993 1328 1034 adice
1350 993 1516 1035 Colchos
1535 1025 1546 1046 ‚
1568 992 1683 1049 acijce
1702 994 1854 1036 Aeeten

413 1060 555 1101 ducem
587 1091 595 1100 .
627 1058 777 1100 Lucilii
809 1058 975 1112 quidem
1006 1061 1270 1112 versiculos,
1302 1059 1372 1112 qui
1402 1059 1598 1112 leguntur
1626 1059 1741 1114 apud
1770 1061 1854 1102 No-

411 1126 524 1167 nium
546 1140 586 1180 p.
605 1126 699 1178 296,
719 1126 799 1179 24,
820 1125 864 1166 in
894 1125 1004 1167 hunc
1032 1126 1202 1168 modum
1223 1125 1389 1178 disponi
1411 1126 1523 1167 malo
1541 1157 1550 1179 ‚
1573 1141 1643 1180 090
1673 1128 1855 1169 ananam

410 1193 621 1248 Prcfjciam
636 1224 646 1245 7
669 1201 713 1233 ut
731 1209 793 1234 one
813 1208 950 1234 amore
971 1193 1222 1249 cot-pediam?
1241 1205 1366 1246 quam
1388 1197 1432 1234 ut
1451 1192 1494 1233 in
1519 1191 1599 1234 fine
1626 1193 1853 1247 septenarii

410 1259 465 1301 sit
493 1275 564 1314 090
594 1259 775 1300 animam
802 1260 1034 1314 pro'z'ciam:
1063 1259 1193 1302 verba
1212 1259 1307 1313 ipsa
1325 1258 1534 1312 quomodo
1565 1258 1854 1301 constituenda

410 1326 493 1367 sint
522 1325 694 1367 dubium
725 1338 818 1367 esse
848 1339 930 1367 non
960 1329 1122 1380 potest,
1145 1338 1236 1366 cum
1262 1325 1356 1366 libri
1378 1325 1561 1367 habeant
1580 1341 1652 1381 090
1672 1327 1779 1368 enim
1798 1342 1853 1368 an

406 1409 488 1448 per
524 1393 668 1434 eiciam
706 1401 750 1433 ut
793 1408 854 1434 me
899 1408 1040 1434 amare
1081 1391 1297 1447 empediam
1317 1409 1332 1446 7·
1365 1392 1556 1446 quamvis
1591 1392 1754 1434 Nonius
1789 1393 1854 1434 his

411 1459 734 1513 praescripsisse
756 1458 1291 1514 feratu1·Eoepedire‚“utiZe
1321 1474 1430 1512 esse,
1460 1459 1582 1511 quasi
1611 1459 1784 1512 legisset
1811 1469 1856 1502 ut

411 1527 473 1568 mi
498 1542 639 1567 amare
670 1526 887 1581 eocpediat.

525 1593 618 1634 867.
650 1607 810 1638 NEQUE
837 1607 989 1633 mmm
1012 1593 1260 1633 Dmrmzm:
1283 1605 1503 1632 ANNULLO
1524 1606 1717 1634 ANULLO
1740 1607 1855 1634 run-

412 1673 492 1700 nu·
521 1673 607 1700 IAM
638 1673 864 1700 TEMPORE
894 1673 1046 1699 NATUS
1064 1692 1073 1702 .
1096 1658 1336 1710 Quadratus
1356 1659 1497 1700 anullo
1518 1659 1660 1701 anullo
1682 1691 1690 1700 .
1714 1659 1856 1702 oblon-

413 1739 492 1780 gus
522 1726 659 1781 prima
688 1739 815 1768 manu
846 1735 1027 1781 tempora
1049 1757 1058 1766 .
1086 1725 1207 1766 huius
1238 1729 1445 1767 corrector
1475 1725 1632 1767 delevit
1660 1727 1855 1780 annullo,

412 1793 609 1846 idemque
641 1793 829 1834 fecerunt
859 1805 908 1834 eo
938 1805 1023 1834 non
1051 1791 1341 1846 prudentiores
1371 1791 1658 1834 Wakefieldus
1689 1796 1729 1834 et
1757 1792 1856 1833 For-

413 1860 560 1914 biger3
583 1873 756 1913 quorum
779 1859 884 1900 alter
904 1858 1070 1912 scripsit
1090 1875 1117 1900 a
1136 1859 1276 1911 nullo,
1298 1858 1410 1911 quod
1431 1859 1680 1900 sententiam
1699 1858 1857 1900 nullam

414 1927 542 1981 facit,
565 1926 672 1967 alter
698 1942 753 1967 an
773 1926 859 1967 ullo
879 1938 957 1966 nec
977 1925 1126 1966 Latine
1147 1938 1224 1967 nec
1250 1925 1358 1966 iusto
1379 1925 1638 1978 syllabarum
1659 1924 1827 1967 modulo
1847 1957 1856 1966 .

414 2007 508 2036 cum
529 1993 708 2034 Marullo
737 1992 928 2046 plerique
954 2007 1010 2033 an
1039 1992 1178 2046 nullo,
1200 1992 1314 2046 quod
1344 1991 1472 2033 nihilo
1504 1991 1649 2033 melius
1681 1995 1770 2033 est:
1797 1991 1858 2033 di-

415 2061 471 2103 cit
502 2060 611 2102 enim
642 2059 895 2101 contrarium
925 2059 1015 2101 eius
1045 2059 1157 2112 quod
1187 2059 1411 2112 requiritur
1441 2090 1451 2100 .
1483 2074 1588 2100 anne
1618 2058 1702 2100 ullo
1718 2058 1874 2115 fuerit·

414 2140 541 2181 quam
578 2130 689 2168 recte
725 2125 888 2168 dicatur
923 2126 1072 2179 ignoro
1092 2140 1101 2167 :
1143 2125 1409 2167 scribendum
1449 2129 1549 2180 puto
1579 2138 1705 2165 ANTE
1734 2138 1858 2166 rinno

401 2195 542 2250 fuerit
570 2195 654 2235 iam
685 2201 860 2248 tempore
888 2201 1035 2245 natus,
1075 2196 1120 2233 ut
1153 2205 1282 2246 supra
1307 2192 1388 2234 852
1424 2201 1517 2233 ante
1555 2192 1641 2242 Qui
1670 2191 1858 2249 fuimus.

414 2273 539 2316 porro
575 2263 702 2314 poeta
738 2258 805 2300 hic
842 2259 932 2300 sine
962 2257 1182 2300 dubitandi
1216 2259 1422 2312 particula
1452 2258 1558 2299 dixit
1586 2258 1696 2299 m’kit
1722 2256 1861 2312 differt

415 2329 498 2369 iam
529 2335 651 2368 natus
667 2325 810 2381 fuerit
823 2357 834 2378 ‚
857 2329 897 2366 et
926 2325 1119 2366 similiter
1147 2325 1190 2366 in
1212 2339 1266 2379 1v,
1292 2325 1398 2367 1259
1418 2326 1565 2379 maqm'
1589 2324 1717 2379 refert
1737 2323 1858 2365 Cras-

415 2410 542 2449 saque
572 2393 812 2434 0072υο0ίοοε
841 2391 1014 2447 liquidis
1044 2400 1080 2433 et
1110 2391 1274 2446 liquida
1302 2393 1455 2432 crassis
1475 2423 1484 2432 .

528 2460 623 2501 871.
654 2472 714 2499 UT
744 2473 838 2500 Aur
867 2473 1017 2499 PUTES
1049 2471 1272 2499 CORPORE
1301 2471 1451 2499 Posro
1474 2489 1483 2498 .
1507 2456 1715 2498 Antonius
1736 2455 1859 2498 Marii

414 2527 550 2580 filius,
571 2526 670 2568 item
691 2525 894 2567 Marullus
917 2530 958 2567 et
979 2525 1184 2568 Avantius
1201 2556 1210 2578 ,
1229 2533 1440 2579 putrescat
1455 2540 1468 2565 .·
1497 2523 1597 2565 Pius
1624 2523 1741 2577 (nam
1763 2523 1861 2575 For-

415 2595 536 2647 biger
577 2605 623 2635 se
653 2592 880 2634 editionem
901 2591 963 2633 Pii
994 2605 1077 2633 non
1107 2590 1262 2632 hahere
1293 2591 1431 2632 sciens
1461 2590 1615 2632 falsum
1637 2589 1754 2642 dicit)
1781 2603 1861 2630 Pn-

418 2674 599 2702 rEscAr
621 2691 630 2701 .
653 2658 802 2700 horum
832 2662 1023 2700 neutrum
1053 2658 1106 2699 ab
1137 2658 1215 2699 hoc
1244 2658 1335 2699 loco
1363 2658 1546 2699 alienum
1567 2660 1659 2698 est.
1681 2656 1723 2697 in
1753 2655 1861 2697 libro

416 2727 599 2771 Lucretii
619 2742 657 2779 V,
677 2726 756 2768 307
774 2733 1008 2780 putrescere
1028 2740 1136 2766 saaca
1157 2729 1197 2766 et
1217 2724 1298 2766 832
1319 2725 1508 2778 Namque
1529 2722 1651 2764 atiud
1664 2722 1863 2778 putrescit

418 2804 454 2837 et
483 2810 580 2837 aevo
610 2793 740 2836 debile
761 2793 928 2848 lanquet
944 2823 955 2844 ,
976 2791 1029 2833 de
1058 2791 1111 2835 iis
1142 2790 1267 2833 rebus
1297 2790 1342 2832 in
1370 2802 1476 2843 quas
1497 2789 1634 2830 malus
1655 2788 1758 2830 odor
1778 2800 1861 2828 non

419 2861 561 2914 cadit,
589 2859 664 2902 sed
694 2858 843 2901 mador
872 2861 913 2900 et
940 2870 1016 2912 per
1045 2870 1140 2899 eum
1169 2856 1378 2912 corruptio
1409 2886 1419 2896 .
1447 2856 1584 2897 minus
1614 2859 1750 2907 recte,
1780 2853 1862 2895 nisi

422 2927 571 2981 fallor,
587 2935 802 2982 patescere
832 2925 989 2967 semina
1018 2924 1061 2966 in
1080 2924 1284 2966 Varronis
1313 2935 1450 2965 rerum
1480 2922 1727 2964 rusticarum
1754 2919 1861 2962 libro
