2040 3328
945 219 987 261 II
1628 218 1706 259 137

225 349 423 391 umquam
454 333 639 391 (notavit
668 345 721 375 ea
751 333 910 375 Paulus
942 332 1148 375 diaconus
1178 346 1220 388 p.
1238 332 1295 375 50
1309 332 1410 386 49),
1452 344 1565 373 nunc
1595 336 1707 373 certe
1771 382 1781 389 β

226 407 515 458 evanuerunt,
553 414 692 457 neque
724 400 944 444 adsentior
974 401 1077 445 viris
1108 400 1366 444 doctissimis
1398 400 1471 454 qui
1503 399 1547 441 in
1579 399 1706 441 Hirtii

225 472 279 515 de
309 471 424 514 bello
458 470 625 513 Gallico
658 470 963 513 commentario
994 484 1071 510 vm
1101 469 1238 525 praef.
1260 470 1287 512 2
1318 467 1581 523 scripserunt
1615 483 1707 510 eon-

224 540 490 583 haerentibus
507 571 516 582 .
535 552 620 581 non
642 539 783 594 magis
807 538 1012 582 credibile
1035 538 1145 580 duco
1167 536 1283 592 quod
1307 535 1595 588 Quintilianus
1618 550 1646 590 1,
1668 535 1708 590 6,

227 609 276 652 17
299 608 516 651 rettulisse
538 608 831 663 existimatur,
856 607 988 650 fuisse
1010 606 1220 661 quosdam
1242 606 1315 661 qui
1330 605 1461 647 nimio
1478 604 1709 658 analogiae

224 677 367 720 studio
388 678 530 720 conire
551 676 770 732 dicerent,
791 689 878 718 non
899 676 1010 718 coire
1027 707 1036 716 .
1054 687 1157 718 vero
1174 674 1352 730 propius
1369 676 1434 716 est
1454 686 1528 716 eos
1546 673 1709 715 dixisse

222 747 382 790 coivere
401 779 412 800 ‚
442 758 528 788 non
560 752 725 788 coiere.
754 745 797 787 in
829 743 1054 799 glossariis
1082 747 1226 786 tamen
1246 742 1439 785 Labbaei
1460 741 1590 785 video
1613 754 1709 784 esse

221 814 518 869 conadunare,
551 814 794 867 conhabz’to,
826 812 1017 855 conhibeo
1035 845 1044 854 .

339 882 463 925 1061.
503 896 563 924 EA
601 896 699 929 Qun
742 895 992 922 CONIECTA
1035 895 1258 922 REPENTE
1294 879 1585 922 MAGNARUM
1624 894 1706 920 RE-

221 965 323 993 RUM
359 965 577 992 mansur
618 965 679 992 Ex
719 964 907 991 omum:
946 949 1441 1002 SEMPER.QuadratuS
1467 949 1649 1006 flerent,
1682 961 1709 990 a

223 1023 462 1063 correctore
486 1021 672 1077 fluerent
695 1051 705 1061 .
726 1018 770 1060 in
799 1018 908 1061 libro
935 1033 976 1075 v,
998 1019 1083 1062 429
1116 1018 1268 1062 eadem
1299 1018 1361 1061 sic
1391 1017 1554 1074 scripta
1582 1022 1708 1071 sunt,

227 1088 411 1132 Tandem
442 1089 688 1131 conveniant
718 1103 766 1130 ea
797 1104 906 1144 quae
935 1096 1135 1130 conventa
1165 1096 1331 1144 repente
1356 1087 1617 1143 rlsaynarum
1646 1103 1709 1129 re-

223 1173 319 1200 rum
345 1157 483 1211 fluunt
514 1156 691 1199 exordia
721 1172 845 1213 saepe
868 1189 877 1198 .
907 1156 1024 1199 unde
1055 1156 1263 1199 Marullus
1293 1159 1407 1199 recte
1438 1155 1538 1198 fecit
1554 1155 1711 1212 fierent

222 1238 447 1266 EXORDIA
467 1257 475 1266 .
498 1229 726 1280 praeterea
756 1225 1028 1268 scribendum
1058 1228 1123 1267 est
1154 1238 1445 1279 cosvnwm,
1479 1223 1594 1279 quod
1626 1237 1710 1267 ser-

222 1297 380 1336 varunt
408 1293 684 1336 membranae
715 1294 759 1336 in
789 1306 918 1336 versu
950 1293 1074 1336 huius
1105 1293 1205 1336 libri
1230 1293 1338 1348 101,
1370 1293 1560 1350 Eoezyuis
1582 1292 1708 1335 inter-

220 1361 347 1404 vallis
368 1370 559 1404 convecta
580 1362 789 1404 resultant
810 1396 818 1406 .
841 1371 1040 1404 conventa
1062 1362 1174 1404 enim
1197 1395 1206 1417 ‚
1241 1362 1285 1404 in
1306 1362 1416 1404 libro
1443 1361 1593 1416 quinto
1615 1373 1711 1416 pro-

219 1429 366 1472 batum
395 1429 692 1487 Wakefieldo,
715 1430 823 1472 nulli
854 1430 1024 1486 placere
1055 1430 1194 1486 potuit
1222 1430 1305 1473 nisi
1327 1429 1577 1473 Eichstadio
1608 1430 1710 1472 For-

220 1498 458 1554 bigeroque
480 1502 520 1541 et
542 1499 726 1542 fortasse
747 1499 800 1541 iis
822 1499 914 1541 iure
935 1498 1144 1541 consultis
1175 1499 1247 1554 qui
1275 1504 1443 1555 patrum
1468 1503 1711 1542 nostrorum

219 1567 428 1610 memoria
458 1567 657 1611 dicebant
676 1584 850 1611 umorem
881 1568 925 1609 in
952 1584 1123 1610 marcum
1154 1577 1424 1623 conventam5
1454 1581 1712 1623 quamquam

219 1644 419 1679 conventa
449 1649 535 1692 pax
573 1635 729 1678 dicitur
759 1635 872 1690 quae>
901 1636 1127 1691 convenit,
1167 1640 1208 1679 et
1238 1641 1410 1692 pactum
1441 1645 1709 1691 conventum,

218 1708 261 1747 et
290 1704 356 1747 sol
387 1721 560 1748 occasus
576 1740 586 1759 ‚
619 1704 696 1748 sed
727 1705 854 1747 homo
892 1706 1053 1748 occisus
1069 1738 1080 1759 ,
1112 1715 1334 1748 conventus
1365 1705 1580 1762 propheta
1610 1707 1709 1747 Am-

219 1772 366 1816 brosio
403 1774 468 1828 (ut
505 1773 818 1817 demonstravit
854 1775 886 1816 Ι.
926 1774 971 1816 F.
1011 1773 1257 1817 Gronovius
1298 1774 1624 1818 observatorum
1663 1775 1708 1817 in

219 1841 522 1885 ecclesiasticis
563 1842 674 1885 libro
713 1856 754 1898 p.
786 1843 895 1897 228)
931 1846 1163 1898 temptatus
1207 1847 1249 1885 et
1286 1848 1522 1887 commotus
1569 1853 1709 1887 tantae

218 1912 414 1954 miseriae
447 1911 712 1968 deformitate
734 1943 743 1952 .
776 1911 961 1954 coniecta
999 1916 1169 1965 autem,
1202 1911 1318 1966 quod
1356 1912 1486 1956 iidem
1517 1912 1587 1955 hic
1617 1913 1711 1955 sine

221 1983 326 2022 nota
355 1981 674 2036 transmittunt,
697 1979 821 2034 quasi
843 1979 1068 2022 Lueretius
1090 1979 1162 2022 hic
1183 1980 1307 2023 aliter
1328 1993 1454 2034 quam
1487 1981 1530 2022 in
1562 1981 1709 2036 quinto

221 2047 367 2091 dicere
396 2049 610 2104 potuerit,
633 2050 891 2092 sententiam
921 2062 1007 2091 non
1039 2048 1184 2104 explet
1214 2048 1299 2091 nisi
1330 2047 1481 2092 addita
1509 2050 1592 2092 loci
1625 2050 1709 2106 sig-

172 2135 176 2138 ·
219 2115 492 2172 nificatione,
532 2122 578 2160 ut
612 2118 742 2174 paulo
779 2122 877 2173 post
914 2117 1111 2160 Conicere
1149 2118 1196 2159 in
1237 2117 1328 2160 loca
1367 2134 1555 2175 quaeque
1585 2129 1710 2176 queat

217 2185 356 2228 simili
379 2186 544 2228 ratione
574 2187 713 2243 Atque
743 2187 822 2228 huc
852 2195 949 2228 sunt
978 2186 1163 2228 coniecta
1180 2218 1190 2228 .

334 2254 456 2297 1070.
505 2254 646 2297 Nunc
692 2269 749 2295 m·
786 2268 1052 2295 snumrnus
1096 2268 1140 2295 SI
1178 2268 1347 2296 TANTA
1395 2269 1482 2297 ns'r
1527 2270 1706 2313 eorm,

220 2321 342 2364 1072.
374 2322 462 2365 V1s
493 2336 665 2363 EADEM
693 2337 891 2365 NATURA
922 2323 1340 2366 MANET.Marullus
1379 2325 1532 2382 Visque
1563 2326 1707 2369 eadem

217 2399 254 2433 et
283 2399 464 2446 natura,
498 2390 793 2434 Wakefieldus
832 2393 963 2448 Vz'que
995 2391 1138 2434 eadem
1171 2401 1327 2434 natura
1357 2403 1526 2437 manet.
1554 2394 1631 2437 sed
1662 2395 1707 2437 in

215 2458 360 2514 priore
391 2459 582 2502 membro
615 2473 709 2502 cum
741 2459 822 2503 fuit
853 2469 890 2502 et
921 2460 1193 2515 coniunctio,
1217 2460 1260 2502 in
1282 2461 1419 2504 altero
1442 2479 1521 2519 que
1545 2476 1707 2519 ponere

217 2531 305 2569 tam
335 2532 484 2572 castae
517 2530 726 2572 orationis
756 2533 908 2585 poe‘tae
938 2541 1024 2571 non
1047 2528 1172 2570 licet.
1195 2530 1470 2573 scribendum
1494 2535 1559 2574 est
1579 2533 1705 2574 Nunc

215 2608 278 2636 Ex
307 2598 560 2652 seminibus,
592 2599 636 2641 si
662 2606 780 2640 tanta
810 2607 869 2641 est
899 2599 1020 2654 copia
1185 2631 1194 2653 ‚
1219 2597 1344 2650 QUIS
1377 2599 1520 2642 eadem
1550 2609 1707 2642 natura

215 2673 353 2707 manet
510 2699 522 2720 ‚
554 2683 718 2710 necesse
749 2675 808 2709 est
838 2666 1058 2723 confiteare
1087 2667 1195 2710 Esse
1225 2667 1334 2710 alios
1363 2668 1464 2710 aliis
1496 2677 1706 2711 terrarum

221 2731 266 2773 in
289 2734 492 2788 partibus
522 2736 635 2778 orbis
658 2767 667 2776 .

335 2800 456 2844 1073.
505 2801 767 2845 Comensi:
807 2818 859 2844 IN
901 2817 1030 2844 LOCA
1071 2819 1311 2851 QUAEQUE
1356 2794 1580 2845 Arsrmm
1620 2820 1705 2847 RA-

216 2881 363 2909 TIONE
381 2902 391 2912 .
410 2868 656 2920 Quadratus
679 2871 875 2913 adsimili
887 2903 896 2912 .
922 2872 1020 2914 Itali
1043 2876 1085 2915 et
1105 2873 1305 2929 impressi
1327 2889 1518 2930 quaeque
1540 2888 1704 2920 QUEAT

215 2936 354 2979 simili
377 2938 540 2980 ratione
559 2972 566 2980 .
