2040 3328
415 210 496 251 280
1117 211 1151 250 V

413 333 512 362 casu
544 322 600 361 uti
634 322 792 373 noluit,
815 333 896 373 quo
922 321 1071 360 oowmln'
1088 318 1307 360 dicendum
1331 326 1444 375 crat,
1467 322 1578 374 quod
1609 322 1763 363 habeut
1784 337 1860 377 per

403 379 433 428 ’ί
460 388 541 428 duo
573 387 770 440 scriptum
802 388 996 427 Lucanus
1018 400 1060 437 11,
1079 386 1162 427 330
1181 385 1262 426 343
1293 390 1334 427 et
1362 386 1518 428 Statius
1538 388 1668 429 Theb.
1691 402 1760 442 vn,
1777 389 1861 436 300

414 469 452 507 x,
466 455 540 507 62,
564 454 637 495 sed
662 453 808 494 maluit
825 453 962 495 dicere
983 453 1086 494 Aen.
1100 466 1155 505 IV,
1170 452 1248 493 168
1266 461 1300 493 ec
1315 454 1498 494 conscius
1515 455 1652 496 aether
1669 455 1860 497 Conubia}

414 521 528 572 sive,
552 523 596 560 ut
627 519 723 559 mihi
755 520 946 573 videtur,
972 520 1148 561 Conubz's
1170 550 1178 558 .
1200 518 1278 558 hoc
1301 522 1457 560 certum
1479 524 1567 574 est,
1591 522 1612 562 z·
1637 521 1793 575 pingue
1820 525 1861 563 et

415 588 457 627 in
480 590 777 627 consonantem
807 585 998 627 duratum
1030 599 1114 626 non
1144 585 1297 626 habere
1327 584 1462 625 locum
1494 586 1537 626 in
1552 587 1717 642 flayitis
1738 587 1860 629 emilis

413 654 613 708 supplicis
642 653 783 694 media
813 656 1031 706 correpta.
1055 653 1096 693 in
1128 651 1300 694 Graecis
1331 655 1468 692 autem
1498 652 1603 693 nihil
1629 653 1717 695 eius
1747 654 1858 695 modi

414 719 699 760 admiserunt:
730 733 863 773 neque
895 719 1036 773 enim,
1061 718 1170 772 quod
1202 718 1353 759 Graeci
1386 718 1426 758 in
1456 730 1532 759 suo
1564 731 1754 762 sermone
1783 721 1860 762 sibi

415 786 642 839 aliquando
658 787 785 828 licere
801 787 1021 828 voluerunt
1038 818 1046 838 ,
1069 786 1166 826 item
1185 785 1422 839 peregrinis
1438 785 1534 826 licet
1551 817 1560 838 ,
1584 799 1676 826 cum
1693 790 1861 829 utuntur

414 853 651 894 nominibus
669 853 863 895 Graecis.
882 854 1022 906 itaque
1038 852 1169 893 tribus
1187 851 1362 905 syllabis
1380 853 1574 893 Paeoniis
1590 852 1747 896 dixisse
1759 854 1860 896 Ver-

415 920 559 972 gilium
579 919 618 960 in
634 934 704 970 v11,
714 921 793 962 769
807 924 847 961 et
858 920 1174 973 epitomatorem
1187 917 1346 959 Iliados
1358 918 1435 959 351
1447 950 1458 971 ‚
1471 919 1656 961 Paeonia
1668 918 1860 962 Ovidium

415 987 455 1028 in
477 991 642 1027 metam.
660 1000 728 1039 xv,
746 986 854 1039 535,
878 986 1023 1027 Silium
1045 985 1087 1025 in
1116 998 1201 1038 xxv,
1221 985 1272 1027 27
1296 985 1524 1037 Paeonios,
1547 984 1736 1027 homines
1766 986 1861 1028 doc-

414 1053 561 1093 tissimi
592 1066 674 1094 non
704 1052 984 1106 persuadent,
1007 1052 1083 1094 sed
1112 1051 1253 1105 potius
1274 1063 1443 1092 causam
1466 1051 1650 1105 aliquam
1671 1053 1862 1096 omnibus

415 1133 673 1161 communem
704 1123 788 1160 tam
811 1122 1072 1160 constantem
1105 1130 1285 1159 errorem
1317 1117 1507 1160 effecisse
1538 1110 1752 1173 suspicori
1775 1120 1863 1162 nul·

414 1188 479 1227 lus
502 1186 609 1227 euim
631 1190 846 1240 poetarum
878 1186 918 1226 in
948 1185 1027 1226 hac
1057 1197 1160 1226 voce
1189 1197 1330 1226 veram
1362 1185 1564 1226 rationem
1586 1190 1751 1228 secutus
1773 1191 1862 1229 est.

414 1267 537 1306 quam
569 1252 622 1293 ob
652 1265 738 1293 rem
771 1252 997 1293 Mauricius
1025 1252 1231 1306 Hauptius
1262 1251 1363 1292 mihi
1393 1255 1504 1294 recte
1533 1251 1721 1295 iudicare
1751 1253 1863 1295 vide-

414 1327 480 1361 tur
501 1320 707 1362 Catullum
739 1332 820 1359 non
854 1319 1075 1372 scripsisse
1095 1319 1223 1360 Doris
1244 1318 1489 1360 celebranda
1509 1320 1665 1361 choreis
1685 1333 1760 1374 pro
1781 1321 1864 1364 Do-

413 1388 492 1428 riis
513 1391 585 1428 aut
604 1387 778 1428 Dorc'sz'n
801 1418 808 1426 .
831 1386 900 1439 qui
932 1399 1023 1426 cum
1054 1385 1269 1427 verissime
1301 1385 1400 1426 dicit
1430 1386 1474 1426 in
1501 1386 1863 1430 observationibus

414 1468 454 1508 p.
473 1455 552 1507 69,
575 1453 609 1494 si
641 1453 709 1506 qui
742 1453 854 1494 Dori
879 1453 1084 1507 fuissent,
1107 1453 1293 1507 potuisse
1323 1453 1447 1494 etiam
1475 1453 1603 1495 Doris
1623 1455 1779 1497 choreis
1807 1455 1865 1496 lo-

416 1533 507 1562 cum
533 1530 631 1562 ‘esse
659 1552 667 1573 ,
699 1523 838 1561 tamen
868 1519 980 1561 idem
1011 1532 1104 1561 cum
1135 1520 1261 1573 vulgo
1298 1523 1408 1560 errat
1434 1552 1443 1572 ,
1475 1519 1586 1573 quod
1624 1520 1705 1562 sibi
1742 1525 1864 1564 notos

417 1601 509 1629 csse
537 1587 680 1628 scribit
711 1587 780 1640 qui
813 1586 1075 1640 appellentur
1104 1587 1237 1628 Dores
1259 1618 1268 1627 .
1294 1588 1427 1628 Dores
1448 1587 1556 1628 enim
1580 1591 1620 1629 ct
1638 1587 1785 1630 Aeoles
1805 1588 1863 1630 di-

416 1658 564 1695 cuntur
594 1667 694 1695 sane
726 1666 752 1694 a
780 1653 996 1694 Prisciano
1022 1686 1031 1706 ,
1059 1654 1193 1695 Dor-es
1220 1653 1263 1694 in
1284 1653 1465 1706 Aquilae
1485 1654 1659 1695 Romani
1681 1655 1864 1709 capitulo

415 1721 466 1761 47
488 1753 496 1774 ,
520 1720 595 1762 sed
617 1720 759 1762 Aeolis
788 1719 877 1762 sive
907 1721 1071 1762 Aeoleis
1090 1720 1268 1762 Varroni
1299 1721 1342 1761 in
1373 1733 1507 1762 rerum
1539 1721 1784 1763 rusticarum
1805 1736 1864 1776 111,

420 1789 454 1840 1,
473 1788 497 1828 6
520 1790 560 1828 et
580 1787 641 1840 12,
660 1788 712 1840 6,
735 1787 852 1828 Eolz‘s
875 1787 926 1828 dc
947 1787 1092 1840 lingua
1111 1787 1264 1828 Latina
1290 1787 1333 1828 in
1355 1802 1378 1827 v
1399 1801 1439 1841 p.
1455 1787 1507 1828 41
1530 1788 1608 1830 104
1638 1788 1865 1830 secundum

418 1853 634 1907 exemplar
665 1853 950 1895 Florentinum
973 1885 982 1907 ,
1010 1854 1053 1895 in
1075 1854 1288 1896 Ciceronis
1320 1853 1372 1896 de
1401 1867 1446 1895 re
1476 1854 1647 1908 publica
1665 1868 1708 1907 11,
1726 1854 1753 1895 4
1781 1855 1864 1896 Do-

415 1922 506 1972 ris,
538 1920 615 1961 hoc
645 1924 707 1962 est
737 1920 913 1961 Dorz’c's.
945 1921 985 1962 in
1017 1920 1202 1962 eiusdem
1232 1933 1307 1974 pro
1339 1921 1488 1963 Flacco
1520 1921 1708 1963 oratione
1728 1920 1794 1976 27,
1812 1922 1866 1964 64

415 1987 659 2041 Zumptius,
682 1987 746 2028 vir
774 1987 1055 2041 clarissimus,
1078 2001 1143 2029 me
1174 1987 1313 2029 docuit
1342 1988 1690 2041 Lagomarsinum
1725 1988 1766 2028 iu
1797 2002 1866 2030 un-

417 2054 551 2095 decim
573 2053 788 2095 codicibus
808 2054 926 2095 Eolz's
953 2055 1154 2109 scriptum
1180 2054 1419 2108 invenisse,
1442 2055 1486 2095 in
1510 2054 1673 2096 duobus
1693 2055 1840 2097 Aeoles
1855 2087 1866 2108 ,

417 2122 545 2162 Doris
569 2121 608 2161 in
631 2125 721 2162 octo
739 2153 748 2174 ,
771 2121 814 2162 in
835 2133 918 2162 uno
940 2122 1086 2163 Dorz'is
1109 2152 1118 2161 .
1146 2121 1259 2175 apud
1280 2122 1449 2163 Festum
1470 2135 1510 2176 p.
1528 2122 1622 2175 317,
1639 2122 1693 2164 33
1715 2121 1872 2164 Graeci

416 2188 563 2228 Doriz's
573 2219 583 2240 ,
601 2187 713 2241 quod
730 2187 888 2241 sprevit
903 2187 1100 2231 Miillerus
1120 2221 1128 2229 .
1150 2189 1427 2230 Terentianus
1443 2189 1614 2230 Maurus
1630 2187 1712 2231 659
1732 2188 1868 2230 Plura

417 2253 582 2308 Sappho
603 2255 876 2309 comprobavit
897 2254 1041 2308 (immo
1058 2255 1347 2310 comprobabit)
1366 2287 1375 2308 ,
1398 2252 1539 2297 Aeblis
1560 2263 1595 2296 et
1616 2256 1742 2296 ceteri
1758 2286 1766 2295 .
1796 2268 1866 2308 op-

418 2320 519 2361 tima
535 2321 796 2374 exemplaria
813 2320 1058 2371 Quintiliani
1076 2322 1218 2364 Aeolis
1238 2322 1280 2363 in
1301 2336 1326 2376 1,
1342 2322 1381 2376 4,
1398 2323 1447 2363 16
1466 2354 1474 2362 .
1498 2323 1684 2376 Δωριεῖς
1700 2326 1741 2364 et
1753 2319 1866 2364 Azo-

418 2386 506 2436 λεῖς
544 2387 655 2441 apud
688 2387 942 2429 Macrobium
975 2387 1026 2430 de
1060 2388 1177 2430 verbi
1209 2388 1456 2430 differentiis
1487 2402 1526 2442 p.
1549 2388 1630 2430 253
1659 2389 1782 2430 Iani.
1815 2402 1865 2430 ex

417 2453 482 2495 his
511 2458 688 2508 apparet
717 2467 852 2508 neque
882 2454 995 2508 apud
1024 2453 1229 2496 Velleium
1256 2469 1283 2508 1,
1300 2455 1383 2509 4,4
1411 2455 1554 2496 Aeolii
1579 2454 1677 2497 ferri
1713 2468 1865 2510 posse,

418 2533 551 2574 neque
573 2520 687 2574 apud
709 2520 890 2562 Gellium
911 2535 954 2575 11,
972 2521 1025 2563 26
1046 2522 1220 2564 Dorici.
1242 2522 1367 2563 Aeoli
1382 2522 1586 2576 appellati
1607 2525 1703 2564 sunt
1723 2534 1750 2563 a
1771 2522 1867 2564 Cor-

417 2591 516 2628 nuto
546 2587 590 2628 in
611 2588 817 2642 excerptis
839 2587 1080 2629 Cassiodori
1103 2588 1218 2643 apud
1240 2588 1481 2630 Putschium
1501 2602 1541 2642 p.
1560 2589 1668 2630 2282
1686 2620 1696 2642 ,
1722 2587 1818 2629 item
1841 2601 1868 2630 a

417 2654 565 2694 Servio
593 2653 649 2694 ad
671 2653 884 2695 Aeneidos
905 2668 964 2708 111,
980 2654 1062 2697 445
1084 2687 1093 2708 ,
1124 2655 1237 2697 Dori
1263 2654 1375 2710 apud
1406 2655 1583 2697 eundem
1613 2654 1670 2696 ad
1697 2656 1803 2698 Aen.
1823 2669 1866 2708 11,

417 2720 492 2773 27,
511 2720 650 2773 itaque
671 2720 817 2762 Festus
839 2734 879 2774 p.
899 2720 992 2775 206,
1009 2721 1035 2762 3
1058 2724 1098 2762 et
1114 2720 1301 2762 Isidorus
1323 2722 1533 2775 originum
1554 2736 1609 2776 lx,
1627 2723 1665 2776 2,
1682 2722 1761 2776 80,
1783 2722 1868 2764 Do-

417 2803 555 2828 renses
576 2786 735 2828 Iustino
757 2801 800 2840 11,
819 2787 856 2840 6,
875 2787 924 2829 16
943 2819 952 2841 ,
977 2788 1195 2830 Αεοῖεηεεε
1216 2788 1364 2841 Sergio
1385 2789 1659 2841 grammatico
1680 2802 1724 2843 p.
1738 2788 1841 2830 1827
1855 2819 1865 2830 .

419 2853 460 2893 in
481 2853 576 2905 lege
597 2854 816 2896 notissima
838 2858 932 2895 sunt
954 2855 994 2894 T
989 2870 1159 2896 ermeses
1179 2854 1270 2896 sive
1291 2855 1330 2896 T
1327 2871 1526 2897 ermen-ses
1545 2856 1720 2897 maiores
1735 2855 1866 2896 Peisi-

420 2919 517 2972 εἶαρ,
539 2921 774 2963 Termenses
790 2921 911 2962 Livio
928 2935 1102 2976 xxxvm,
1117 2920 1168 2963 15
1184 2953 1194 2975 ,
1214 2921 1435 2964 Telmesses
1450 2921 1495 2964 in
1511 2921 1723 2967 Ciceronis
1738 2921 1791 2963 de
1806 2920 1865 2962 di-

933 3006 956 3028 Χ
