2040 3328
461 224 542 265 396
775 219 778 222 ⁴
1155 226 1212 266 VI

462 337 515 377 39
535 335 629 388 52),
660 337 872 389 Romanus
903 339 1042 376 autem
1073 335 1223 377 milites
1250 349 1380 389 parvo
1402 337 1556 390 oppido
1579 338 1755 379 formam
1778 338 1904 380 demi-

462 402 649 442 nutivam
681 401 906 442 convenire
935 404 1046 442 ratos
1068 401 1275 455 syllabam
1306 404 1604 455 paenultimam
1626 405 1902 458 corripuisse:

462 481 558 508 nam
589 467 641 508 de
670 483 698 507 n
729 467 941 509 interiecto
973 481 1054 508 non
1081 468 1291 509 laborabit
1311 470 1383 522 qui
1407 471 1683 511 Ter-mensium
1702 473 1904 512 maiorum

462 533 705 575 Pisidarum
736 537 776 575 et
807 534 1078 575 Chersone-nsi
1104 538 1145 575 et
1173 536 1484 576 thensaurorum
1514 536 1773 584 meminerit,

574 600 667 641 811.
698 613 894 640 AURATA
923 613 1144 641 METULLA
1163 632 1172 642 .
1210 601 1426 643 Con-ector
1456 600 1626 655 oblongi
1655 616 1903 644 METALLA.

576 667 669 708 813.
701 668 871 709 Nomm
901 680 1043 707 vmns
1074 681 1284 709 AUDIRE.
1304 666 1484 721 ,Optime
1513 668 1608 709 Itali
1638 681 1872 710 Aumsvn.

574 733 667 775 815.
700 734 832 784 Quos
863 748 1016 774 OPERE
1046 748 1094 774 IN
1124 747 1233 774 TALI
1264 746 1475 774 comem:
1505 747 1581 774 V1s
1610 747 1790 788 ΜΑοΝΔ,
1825 749 1904 775 ΝΕ-

463 815 691 841 csssnsr.
714 801 930 854 Oblongus
951 801 1086 855 prima
1111 813 1236 842 manu
1258 801 1367 851 Quo.
1398 799 1655 855 quadratus,
1686 804 1731 842 ut
1749 813 1904 855 saepe,

462 883 620 909 neeesse
650 876 732 909 est.
765 867 831 908 hic
866 867 1058 909 mirabile
1094 871 1157 909 est
1193 879 1319 921 quam
1355 879 1499 908 crassa
1528 867 1633 909 vitia
1661 868 1905 922 interpretes

462 933 775 987 praeterierint.
822 934 919 976 vide
956 934 1065 975 enim
1108 946 1217 987 quae
1259 933 1538 986 praecedant.
1582 934 1761 988 primum
1805 934 1905 988 hoe,

463 1002 608 1041 Nonne
637 1000 751 1041 vides
781 1000 951 1041 audisve
971 1001 1115 1055 perire
1144 1002 1188 1041 in
1218 1008 1393 1055 tempore
1414 1015 1550 1056 parvo
1580 1016 1703 1055 quam
1728 1001 1908 1043 soleant?

464 1066 558 1107 huic
587 1066 738 1119 aliquis
770 1065 1084 1118 adiungendum
1114 1070 1230 1120 putet
1259 1067 1370 1120 quod
1401 1060 1612 1121 sequitur,
1644 1074 1680 1108 et
1705 1081 1828 1121 quam
1848 1067 1906 1108 vi-

463 1134 526 1174 tai
552 1135 671 1188 copia
701 1133 830 1174 desit?
860 1132 935 1174 sed
965 1131 1044 1174 hoo
1063 1133 1170 1175 illud
1190 1143 1385 1175 necessest
1406 1133 1448 1174 in
1470 1137 1657 1174 extrema
1677 1133 1907 1174 sententiae

463 1203 582 1253 parte
611 1213 694 1241 non
723 1200 880 1254 patitur
901 1230 910 1240 .
933 1199 1154 1241 dicendum
1184 1213 1285 1253 ergo
1315 1200 1419 1242 haec
1438 1212 1531 1242 esse
1552 1199 1826 1242 exclamando
1847 1199 1907 1241 af-

463 1265 664 1307 firmantis
681 1298 689 1320 ‚
714 1275 749 1308 et
770 1283 892 1322 quam
907 1299 918 1319 ‚
945 1267 1052 1308 vitai
1067 1268 1186 1322 copia
1206 1267 1309 1309 desit
1330 1268 1438 1318 Quos
1459 1282 1578 1322 opere
1597 1267 1642 1307 in
1662 1266 1743 1307 tali
1756 1266 1908 1307 cohibet

462 1333 526 1373 vis
545 1349 698 1388 mayna
712 1366 722 1386 ‚
755 1334 976 1376 necessest!
1007 1333 1068 1374 ita
1093 1337 1204 1375 recte
1230 1334 1424 1387 loquetur
1450 1333 1521 1387 qui
1543 1345 1738 1385 oausam,
1769 1345 1841 1374 cul·
1861 1331 1906 1373 id

464 1399 702 1441 necessario
745 1400 938 1454 eveniat,
982 1399 1248 1454 appositurus
1286 1404 1349 1442 est
1375 1399 1474 1454 (hoc
1503 1403 1639 1441 autem
1668 1402 1795 1453 poeta
1823 1411 1907 1439 non

464 1466 601 1520 facit);
632 1479 715 1507 non
746 1467 781 1508 is
811 1467 882 1520 qui
910 1466 1034 1508 modo
1066 1466 1219 1508 dixerit
1248 1470 1288 1509 te
1315 1467 1412 1509 'visu
1441 1466 1509 1509 vel
1529 1465 1675 1508 auditu
1696 1465 1781 1507 iam
1801 1464 1910 1506 scire

464 1546 588 1586 quam
621 1534 737 1575 brevi
766 1537 953 1586 tempore
983 1533 1043 1574 illi
1070 1534 1208 1588 perire
1229 1534 1418 1576 soleant.
1440 1532 1601 1575 accedit
1619 1532 1731 1586 quod
1751 1533 1827 1574 illa
1845 1533 1908 1574 vis

463 1617 617 1654 onaqna
631 1633 641 1653 ,
671 1613 778 1653 quae
799 1612 871 1641 eos
893 1600 935 1640 in
961 1600 1052 1640 auri
1075 1599 1263 1642 fodiendi
1286 1613 1410 1654 opere
1438 1600 1675 1654 contineat,
1697 1598 1835 1653 qualis
1856 1599 1910 1640 sit

464 1680 548 1708 non
579 1668 682 1708 satis
714 1667 868 1708 diserte
898 1666 1052 1707 dictum
1083 1670 1171 1720 est,
1195 1679 1285 1708 cum
1315 1667 1496 1709 servitus
1526 1666 1812 1719 intellegenda
1832 1665 1907 1706 sit.

464 1734 606 1786 itaque
637 1737 813 1788 apparet
841 1732 969 1787 priori
1000 1733 1185 1774 membro
1216 1745 1368 1775 nocere
1404 1733 1508 1775 illud
1538 1741 1758 1785 necessest,
1787 1732 1907 1774 alteri

465 1800 614 1862 deesse
644 1799 993 1854 significationem
1023 1801 1273 1842 necessitatis
1303 1813 1386 1854 qua
1415 1800 1457 1841 in
1488 1812 1615 1854 opere
1649 1799 1909 1841 metallorum

465 1870 734 1908 coerceantur
749 1898 758 1908 .
795 1867 943 1908 miram
982 1867 1185 1908 rationem
1222 1867 1440 1909 Turnebus
1477 1865 1731 1919 excogitavit
1762 1866 1808 1907 in
1837 1865 1909 1907 ad-

465 1935 745 1977 versariorum
767 1934 873 1975 libro
895 1947 1007 1988 xxv1,
1029 1935 1093 1988 13,
1116 1947 1200 1988 qua
1220 1933 1322 1976 haee
1342 1934 1450 1975 inter
1469 1946 1515 1974 se
1537 1933 1908 1986 coniungerentur,

466 2011 662 2044 necessest
690 2003 752 2043 vis
782 2017 934 2056 malqna
949 2034 960 2054 ‚
991 2000 1035 2042 id
1057 2005 1120 2042 est
1145 2002 1207 2042 vis
1226 2016 1377 2055 mayna
1397 2001 1615 2042 necessitas
1621 2016 1635 2054 ,-
1664 2000 1807 2053 qualia
1827 2012 1909 2041 cer-

465 2074 550 2111 tum
580 2069 717 2111 locum
746 2072 888 2110 tenent
907 2080 1044 2122 neque
1065 2071 1185 2109 extra
1205 2070 1317 2108 artes
1336 2067 1591 2121 procedunt,
1609 2070 1654 2107 ut
1675 2069 1738 2108 est
1757 2066 1800 2107 in
1820 2066 1910 2108 iure

465 2136 728 2189 interdictum
754 2135 862 2177 unde
891 2136 957 2189 vi,
989 2135 1086 2177 item
1117 2134 1168 2175 do
1199 2134 1287 2190 Zeqo
1318 2135 1494 2190 Zeyatum
1508 2166 1519 2187 ,
1550 2137 1591 2175 et
1616 2132 1730 2187 quod
1750 2133 1847 2175 item
1867 2133 1909 2174 in

465 2204 555 2245 iure
577 2203 660 2244 dici
683 2202 914 2256 Agroecius
936 2201 1234 2255 grammaticus
1255 2205 1428 2243 testatur
1448 2214 1488 2255 p.
1506 2200 1613 2241 2271
1637 2200 1810 2242 damnas
1830 2208 1911 2241 esto

467 2271 644 2325 lassatum
658 2302 669 2323 ‚
691 2282 774 2310 non
797 2269 1003 2324 Zeqamen,
1025 2272 1071 2310 ut
1093 2272 1156 2310 est
1177 2268 1291 2322 apud
1311 2268 1551 2310 Putschium
1568 2299 1575 2308 .
1594 2279 1723 2321 quare
1744 2266 1910 2308 omnino

466 2335 732 2386 scribendum
754 2340 840 2390 est,
857 2335 1068 2389 prioribus
1089 2334 1145 2376 ad.
1164 2336 1310 2377 Nonne
1330 2334 1444 2376 vides
1463 2335 1648 2388 reiectis,
1664 2335 1772 2385 Quos
1793 2348 1912 2388 opere

466 2405 509 2445 in
540 2404 620 2444 tali
645 2403 796 2444 cohibet
815 2403 878 2443 vis
897 2418 1052 2456 maqna
1071 2415 1300 2442 NECESSIS
1319 2433 1326 2441 .
1349 2401 1458 2442 hanc
1479 2401 1588 2443 enim
1617 2399 1801 2454 genetivi
1830 2399 1910 2440 for-

468 2483 576 2512 mam
607 2472 647 2511 et
677 2470 864 2510 Donatus
895 2468 1085 2521 agnoscit
1114 2473 1155 2510 et
1183 2471 1354 2509 senatus
1391 2467 1622 2508 consultum
1655 2466 1707 2508 de
1737 2466 1911 2507 baccha-

467 2536 632 2582 nalibus
660 2535 838 2576 factum.
868 2535 1057 2575 Donatus
1085 2534 1140 2575 ad
1168 2533 1352 2575 Terentii
1374 2532 1615 2574 Eunuchum
1640 2547 1676 2586 ν,
1692 2532 1731 2586 5,
1747 2532 1800 2573 28
1831 2533 1910 2573 Ne-

467 2620 573 2645 cesse
601 2601 846 2656 (legendum
870 2601 1084 2653 Necessus)
1113 2610 1169 2642 est
1194 2615 1365 2642 nomen:
1394 2615 1489 2640 nam
1520 2615 1707 2641 necessus
1736 2598 1912 2652 (adden-

467 2670 564 2711 dum
586 2678 622 2711 et
641 2669 820 2722 necesse)
839 2669 1015 2710 necessis
1036 2677 1072 2710 et
1093 2668 1311 2709 necessitas
1327 2675 1363 2708 et
1383 2682 1589 2708 necessum
1611 2666 1751 2708 lectum
1769 2673 1852 2707 est.
1869 2665 1911 2705 in

468 2749 565 2778 aere
587 2735 907 2785 Vindobonensi
929 2749 966 2787 v,
983 2734 1010 2775 4
1035 2734 1109 2777 Sei
1132 2749 1229 2788 ques
1257 2741 1365 2774 esent
1391 2734 1490 2788 quei
1505 2733 1610 2774 sibei
1626 2731 1827 2774 deicerent
1845 2746 1911 2772 ne-

469 2819 584 2845 cesus
605 2818 668 2844 ese
688 2802 866 2843 baeanal
882 2802 1028 2843 habere
1045 2832 1053 2841 .
1078 2799 1189 2853 quod
1210 2799 1540 2853 intellegendum
1558 2803 1623 2841 est
1636 2799 1810 2840 necessis
1823 2797 1913 2838 Sive

469 2868 732 2911 necessitatis
765 2883 849 2910 esse
864 2901 875 2921 ,
898 2867 1084 2921 legitima
1104 2866 1292 2920 genetivi
1314 2866 1466 2919 forma,
1489 2878 1613 2918 quam
1634 2865 1768 2907 solam
1788 2863 1914 2905 habet

470 2935 616 2977 eadem
638 2935 783 2976 tabula
804 2935 847 2975 in
867 2935 1056 2976 nominas
1077 2933 1226 2975 Latini
1242 2933 1264 2974 7
1288 2936 1329 2974 et
1347 2948 1375 2974 u
1398 2936 1567 2986 propter
1588 2931 1763 2973 alterum
1779 2928 1863 2970 uin
1884 2945 1906 2970 ο
