2040 3328
922 240 982 282 IV
1611 239 1691 281 217

218 372 371 401 manu:
403 369 540 410 neque
576 355 701 398 aliter
737 354 975 408 Marullus,
1008 367 1134 408 quem
1147 359 1319 396 ‘omnes
1355 357 1586 395 secuntur.
1619 352 1695 395 sed

218 440 304 469 non
348 425 458 467 solet
500 428 587 466 tam
632 424 912 478 neglegenter
954 421 1146 465 membra
1189 422 1396 465 orationis
1437 421 1696 475 coniungere

217 492 467 548 LucretiuS,
490 492 561 548 qui
592 491 708 535 haud
741 492 869 534 dubie
890 491 1116 546 scripsisse
1143 490 1380 533 censendus
1412 493 1477 532 est
1507 498 1544 532 et
1564 502 1695 535 QUAE

217 571 313 605 sunt
328 562 473 618 prima
479 561 630 617 fronte
652 561 787 603 locata
804 592 813 602 .
834 572 972 614 neque
994 559 1106 602 enim
1131 559 1451 614 praepositione
1473 571 1582 614 opus
1604 561 1668 600 est
1686 589 1696 600 .

217 631 260 673 in
282 645 309 685 1,
326 630 409 673 978
426 629 596 686 finique
628 629 729 672 locet
758 645 801 671 se
819 661 828 670 .
849 628 951 671 item
984 627 1093 671 1022
1123 626 1283 670 Ordine
1318 644 1361 670 se
1401 643 1476 669 suo
1507 642 1696 683 quaeque

217 699 440 742 locarunt.
463 697 507 740 in
538 710 594 751 lv,
613 696 696 739 204
725 698 811 739 iam
837 697 982 753 prima
997 696 1148 752 fronte
1168 705 1357 752 parata.

333 766 401 809 72.
433 766 547 808 ΝΛΜ
577 779 733 806 cER'rn
764 778 945 806 nomm
974 778 1235 805 ACIERGIRI
1263 777 1427 805 MULTA
1450 777 1692 805 VIDEMUS.

218 835 441 890 Oblongus
465 835 647 876 iacecere
668 834 875 890 acz'eryz'ri
887 865 897 876 .
918 833 960 874 in
983 831 1193 887 quadrato
1221 831 1521 887 antiquissima
1542 843 1695 873 manus

216 907 314 960 post
333 904 472 945 iacere
493 919 520 944 a
540 901 769 958 adscripsit
788 918 810 944 ο
826 937 835 946 .
859 903 903 943 in
922 933 932 956 ,
955 914 1008 943 ex
1030 901 1073 943 οἱ
1090 900 1189 943 fecit
1209 917 1237 942 u
1252 934 1263 955 ,
1295 902 1341 943 η’
1357 899 1587 954 subduxit,
1610 912 1694 954 quo

217 970 399 1014 efficitur
428 971 567 1013 iacere
588 987 636 1013 ac
658 971 826 1026 inveryz‘
839 1002 848 1011 .
871 969 951 1011 hoc
981 969 1121 1024 ipsum
1142 969 1386 1012 Gronovius
1405 1002 1414 1023 ,
1438 981 1533 1011 cum
1555 981 1695 1010 emen-

217 1038 380 1082 datoris
410 1051 584 1081 manum
604 1052 691 1081 non
711 1051 887 1094 prorsus
917 1037 1251 1092 adsequeretur,
1274 1038 1519 1080 coniectura
1547 1037 1694 1079 inven-

216 1111 304 1150 tum
325 1107 471 1163 posuit
495 1107 540 1149 in
561 1106 933 1159 observationibus
954 1120 996 1162 p.
1014 1106 1096 1149 259
1115 1121 1124 1161 3
1147 1118 1230 1160 quo
1261 1105 1367 1147 nibil
1388 1104 1601 1148 infelicius
1623 1108 1695 1147 aut

215 1179 302 1218 tam
334 1175 510 1229 egregio
547 1175 640 1218 viro
671 1175 811 1218 minus
842 1175 1020 1229 dignum
1061 1174 1296 1228 excogitari
1326 1174 1466 1228 potuit
1491 1205 1499 1215 .
1534 1176 1694 1228 quanto

215 1244 369 1286 melius
400 1243 500 1285 Itali
531 1246 572 1285 et
601 1243 807 1286 Marullus
842 1245 979 1286 iacere
1010 1259 1058 1285 ac
1087 1242 1307 1285 iaculari!
1337 1241 1413 1285 sed
1450 1255 1600 1285 verum
1632 1246 1696 1284 est

215 1313 352 1354 iacere
381 1327 431 1353 ae
461 1325 666 1352 LARGnu
695 1311 828 1354 multa
855 1311 1070 1355 videmus.

329 1379 395 1422 75.
427 1392 682 1425 RUSSAQUE
705 1393 831 1420 VELA
849 1411 858 1421 .
878 1379 947 1422 Sic
968 1379 1205 1433 quadratus
1225 1394 1233 1421 :
1257 1378 1468 1434 oblongus
1490 1395 1693 1436 rasaque.

214 1448 415 1492 Heinsius
447 1447 491 1490 in
524 1447 744 1490 Prudentii
776 1447 867 1503 peri
898 1446 1035 1503 steph.
1058 1461 1098 1502 X,
1118 1448 1201 1491 908
1231 1465 1352 1490 russo
1383 1447 1526 1502 dedit,
1550 1447 1694 1502 itaque

213 1521 362 1560 vetera
392 1516 658 1571 exemplaria
688 1515 898 1558 Martialis
929 1530 1016 1571 xw,
1037 1515 1144 1571 176,
1174 1515 1344 1559 codices
1377 1516 1531 1559 Catulli
1553 1516 1693 1572 39,19

212 1602 358 1628 rusam
373 1618 384 1640 ‚
405 1593 575 1627 russata
595 1584 639 1626 in
657 1583 807 1627 Orellii
828 1584 1176 1640 inscriptionibus
1194 1584 1305 1627 2593
1314 1585 1477 1628 —2599
1495 1617 1504 1626 .
1526 1601 1694 1627 russum

213 1652 443 1696 dicendum
474 1643 596 1707 esse,
619 1666 705 1695 non
734 1669 951 1707 russeum,
974 1651 1194 1695 Charisius
1226 1651 1351 1695 docet
1379 1667 1420 1709 p.
1437 1653 1493 1696 55
1510 1686 1520 1695 .

329 1722 395 1765 77.
428 1734 712 1762 TREMENTIA
733 1735 950 1763 FLUCTUS
969 1754 979 1764 .
1002 1721 1069 1764 Ita
1095 1720 1332 1776 quadratus
1349 1723 1558 1778 ,fluetus,·
1578 1721 1694 1776 quod

211 1790 536 1845 Havercampus
572 1803 658 1832 non
694 1790 834 1846 potuit
869 1790 1015 1844 legere
1039 1805 1047 1832 :
1081 1790 1292 1844 oblongus
1330 1803 1479 1833 vocem
1512 1790 1692 1832 omittit.

211 1862 326 1902 recte
346 1857 572 1901 Turnebus
594 1872 817 1900 FLUTANT
836 1891 845 1901 .
868 1859 929 1901 ita
958 1873 1019 1913 111,
1041 1859 1120 1902 189
1152 1859 1316 1901 tantillo
1342 1860 1519 1902 momine
1535 1860 1667 1915 flutat
1684 1891 1692 1900 .

211 1927 326 1982 quid·
345 1926 459 1968 enim
490 1939 647 1969 causae
677 1927 732 1969 sit
762 1939 835 1970 cur
851 1928 1013 1984 flutare
1043 1927 1271 1982 reiciatur,
1294 1936 1444 1970 nutare
1475 1927 1528 1969 ab
1562 1927 1694 1969 omni-

211 1995 290 2038 bus
331 1994 535 2050 probetur
555 1995 577 2036 ‘r'
608 1994 746 2038 Varro
769 1996 925 2051 stutent
963 2008 1019 2038 an
1041 1996 1250 2052 flatentur
1286 1995 1443 2038 dixerit
1486 1996 1693 2038 incertum

211 2067 411 2119 putatur,
434 2062 536 2117 quia
565 2075 690 2106 nemo
729 2063 871 2106 adhuc
910 2068 1060 2107 vetera
1089 2063 1297 2106 Macrobii
1329 2064 1594 2120 exemplaria
1624 2078 1693 2108 ex-

212 2131 372 2183 cussit,
395 2131 468 2185 qui
505 2131 709 2184 Varronis
746 2131 880 2174 verba
917 2132 1108 2175 exhibuit
1145 2132 1188 2174 in
1225 2147 1257 2173 11
1273 2132 1578 2175 ‘Saturnalium
1611 2133 1661 2174 11
1683 2166 1692 2175 .

326 2199 392 2242 78.
423 2213 482 2240 ΕΤ
518 2213 686 2241 OMNEM
716 2199 946 2242 ScAENAL
985 2215 1195 2242 SPECOEM
1232 2215 1432 2243 PATRUM
1463 2216 1694 2243 MATRUM·

211 2283 306 2316 Qun
351 2281 555 2310 DEORUM
600 2268 863 2310 Inmcmur
886 2302 895 2312 .
929 2269 1152 2313 Corrector
1199 2270 1373 2324 oblongi
1420 2270 1664 2314 Scaenalem
1681 2288 1694 2314 .-

210 2337 447 2392 quadratus
469 2337 675 2381 Scaenalz'
690 2338 868 2394 speciem
889 2337 994 2394 (non
1016 2339 1223 2395 specimen
1241 2355 1253 2380 :
1273 2339 1598 2395 Havemampus
1613 2373 1624 2394 ,
1647 2343 1694 2381 ut

210 2406 345 2461 solet,
368 2404 497 2461 fallit)
519 2405 729 2449 subducta
757 2423 798 2448 m
819 2406 988 2460 littera,
1015 2407 1140 2462 quasi
1162 2406 1373 2462 delenda,
1398 2408 1543 2450 omnia
1563 2421 1693 2450 manu

132 2500 144 2518 .«
209 2474 347 2530 prima
377 2478 451 2516 aut
481 2478 594 2517 certe
615 2474 794 2529 antiqua
811 2507 820 2516 .
842 2488 944 2518 vere
964 2475 1198 2517 Lambinus
1221 2476 1466 2532 SCAENAI,
1491 2477 1582 2519 sive
1603 2476 1694 2519 Sce-

209 2543 288 2584 nai
300 2558 312 2584 :
333 2554 433 2584 nam
463 2542 507 2584 in
528 2541 651 2584 huius
673 2542 789 2600 modi
811 2543 937 2586 rebus
964 2544 1035 2598 qui
1057 2544 1340 2587 constantiam
1363 2545 1609 2600 postulant,
1633 2545 1693 2586 in-

210 2613 309 2665 epte
339 2609 497 2652 curiosi
527 2615 652 2664 sunt,
677 2611 798 2653 obliti
820 2612 894 2654 vix
926 2625 1184 2667 quemquam
1206 2625 1301 2655 esse
1332 2614 1405 2668 qui
1428 2627 1481 2656 ex
1508 2614 1692 2656 diversis

210 2678 460 2720 alterutrum
490 2683 604 2721 certo
635 2679 816 2722 consilio
839 2684 1042 2734 sequatur
1074 2693 1126 2722 ac
1155 2694 1239 2723 non
1260 2682 1402 2736 potius
1434 2695 1484 2724 eo
1516 2682 1632 2736 quod
1654 2683 1694 2724 ei

210 2745 280 2788 vel
308 2745 354 2787 in
385 2758 432 2788 os
453 2746 523 2789 vel
553 2746 631 2789 sub
663 2747 874 2790 calamum
899 2749 1046 2791 veniat
1066 2753 1209 2792 utatur
1227 2782 1236 2792 .
1259 2762 1315 2791 an
1338 2750 1585 2793 Ciceronem
1607 2763 1692 2792 uno

211 2818 325 2856 certo
347 2814 551 2869 temporis
572 2819 785 2857 momento
804 2817 977 2872 pulcros
999 2817 1168 2873 Ceteyos
1197 2818 1401 2874 trz‘umpos
1423 2818 1693 2874 Cartaqz'nem

210 2881 352 2924 dicere
375 2881 555 2924 desiisse
577 2882 913 2926 existimabimus
929 2884 950 2925 ‘2
971 2884 1118 2939 itaque
1140 2885 1362 2927 Lucretius
1390 2886 1435 2927 in
1457 2885 1536 2927 hoc
1566 2899 1692 2928 voca-

210 2949 310 2992 bulo
341 2963 463 2991 usum
501 2950 636 3005 alias,
661 2950 770 2993 alias
807 2951 1015 2994 rationem
1053 2952 1176 3006 sequi
1216 2952 1353 3007 potuit
1371 2985 1380 2996 .
1402 2966 1502 2996 nam
1537 2971 1691 2997 scaena

211 3030 284 3062 cur
305 3022 536 3073 argenteae
566 3018 836 3075 potissimum
857 3019 987 3063 aetati
1010 3019 1281 3064 adscribatur
1311 3033 1398 3064 non
1420 3021 1544 3065 video
1564 3055 1574 3078 ,
1598 3035 1691 3065 cum
