2040 3328
905 252 926 293 I
1602 251 1656 294 29

171 386 264 415 cum
284 370 390 413 vitio
413 367 683 410 coniunctam
702 398 712 420 ,
736 367 780 407 in
801 380 826 406 v
845 398 855 421 ,
877 366 959 408 627
983 380 1076 408 cum
1094 366 1398 421 posterioribus
1418 366 1531 421 iqnis
1548 397 1558 414 ‚
1586 377 1657 406 vo-

173 439 336 483 cabulis
360 437 472 479 male
494 434 704 477 distinctis
722 467 731 489 ,
755 438 796 476 et
817 434 859 475 in
882 449 924 475 VI
942 467 951 488 ,
972 434 1080 476 1138
1101 434 1337 475 morborum
1354 442 1391 475 et
1410 432 1658 489 mortiferae

170 521 248 564 pro
268 504 548 560 morti'feraz‘
560 535 570 545 .
593 502 736 544 multis
768 507 912 545 tamen
943 502 1114 545 indiciis
1145 501 1347 554 cognosci
1378 505 1520 557 potest
1549 501 1658 542 hanc

171 573 386 619 scribendi
419 572 630 614 rationem
663 571 763 612 olim
795 572 927 613 multo
959 571 1097 624 magis
1129 571 1173 612 in
1205 584 1284 613 usu
1317 571 1451 613 fuisse
1481 602 1490 612 .
1518 581 1659 623 neque

170 644 262 687 eius
294 643 355 685 rei
387 640 509 684 nulla
539 644 638 682 sunt
670 639 713 680 in
744 639 902 681 nostris
924 639 1106 681 aliorum
1128 639 1384 695 scriptorum
1407 636 1658 693 exemplari-

170 713 250 754 bus
280 709 494 764 vestigia.
518 707 634 763 apud
665 707 915 750 Ciceronem
949 706 1003 750 de
1034 707 1190 749 finibus
1211 722 1269 761 11,
1292 708 1348 749 24
1378 707 1479 750 libri
1511 719 1659 748 omnes

170 779 409 823 rectissime
439 777 483 818 in
514 775 666 818 Lucilii
697 775 893 819 versibus
932 776 967 819 O
995 776 1188 832 lapathe,
1220 785 1266 817 ut
1296 777 1480 829 iactare,
1513 791 1587 817 neo
1618 790 1660 815 es

171 849 277 891 satis
307 846 486 903 coynitu'
518 845 594 901 qui
621 843 708 885 sis!
739 844 856 898 apud
866 844 1060 896 jeundem
1083 844 1126 886 in
1149 857 1276 887 versu
1299 844 1454 898 Ennii,
1478 843 1532 885 de
1553 842 1661 884 divi-

172 916 350 958 natione
361 929 389 965 1,
402 914 470 967 66,
482 913 571 955 Aut
584 912 660 954 ubi
671 910 750 953 illa
761 913 893 968 paulo
906 922 1000 955 ante
1013 914 1183 969 sapiens
1196 913 1418 969 virqinali'
1429 911 1661 954 modestia?

171 983 287 1040 apud
303 983 476 1025 Festum
492 995 533 1036 p.
552 981 637 1023 290
654 1012 663 1034 ,
686 980 734 1020 11
755 979 923 1023 Mulleri
942 994 995 1023 ex
1013 981 1180 1024 Lucilio
1202 983 1248 1024 si
1261 981 1450 1038 suyyeri'
1472 995 1635 1036 suppus
1650 1012 1660 1032 ‚

146 1067 149 1070 ·
169 1057 268 1108 etp.
284 1051 369 1095 343
385 1084 395 1104 ,
413 1050 465 1091 21
485 1062 539 1091 ex
556 1048 696 1090 Ennio
715 1048 899 1092 Pandite
919 1051 1174 1107 suetiqenias
1189 1083 1200 1104 ,
1219 1049 1335 1105 apud
1354 1049 1534 1091 Paulum
1552 1062 1593 1103 p.
1608 1048 1663 1090 70

172 1121 419 1178 sulpiqenas
436 1150 446 1171 ‚
466 1117 546 1159 hoc
563 1121 630 1159 est
644 1117 762 1159 sulti'
776 1133 912 1175 yenas
930 1151 938 1159 .
957 1123 1086 1174 atque
1103 1132 1154 1162 co
1171 1118 1299 1161 modo
1317 1151 1327 1172 ,
1345 1118 1418 1160 ubi
1438 1131 1494 1160 ne
1509 1129 1661 1160 versus

173 1189 348 1244 quidem
369 1198 614 1229 mensuram
639 1184 768 1228 valde
789 1186 993 1241 adiuvat,
1016 1187 1184 1229 Nonius
1201 1187 1335 1242 p.346
1354 1219 1363 1241 ,
1391 1186 1441 1227 18
1460 1199 1512 1228 ex
1530 1185 1662 1228 Accio

171 1257 412 1313 Aequisoni
422 1289 432 1309 ,
450 1254 530 1295 hoc
544 1256 608 1295 est
625 1254 844 1310 Aquiloni'
859 1289 870 1309 ,
889 1256 1047 1298 stridor
1059 1255 1228 1311 yelz‘das
1245 1256 1417 1298 molitur
1433 1256 1548 1297 nives
1566 1286 1575 1295 .
1593 1267 1663 1295 ne-

176 1339 260 1381 que
297 1325 341 1367 id
373 1326 524 1368 mirum
543 1359 552 1382 ,
591 1339 685 1368 cum
717 1323 762 1365 in
794 1323 988 1365 oratione
1019 1336 1149 1378 prosa
1181 1323 1468 1374 Quintilianus
1500 1323 1664 1365 institu-

175 1395 340 1437 tionum
355 1409 400 1435 1x
417 1427 427 1450 ,
444 1394 499 1450 4,
517 1395 571 1437 38
589 1392 820 1447 Messalla,
842 1396 889 1434 ut
909 1390 1106 1446 videtur,
1128 1396 1237 1435 teste
1258 1392 1418 1434 referat
1440 1391 1554 1433 idem
1571 1391 1663 1433 Ser-

173 1463 289 1506 vium
324 1463 559 1519 Sulpicium
591 1461 836 1518 asperitatis
868 1459 1072 1503 vitandae
1103 1473 1235 1503 causa
1267 1460 1524 1503 observasse
1542 1473 1551 1513 3
1591 1457 1663 1512 qui

175 1531 373 1587 scripsit,
396 1531 479 1574 nisi
500 1531 654 1586 fallor,
679 1531 766 1585 Sic,
790 1546 897 1586 quae
914 1529 1013 1584 fuit
1042 1545 1174 1571 causa
1202 1538 1239 1572 et
1259 1529 1406 1573 Servio
1425 1562 1436 1583 ‚
1459 1536 1505 1570 ut
1526 1526 1639 1570 dixit
1653 1559 1664 1580 ‚

174 1599 481 1643 subtrahendae
502 1618 522 1642 s
544 1601 735 1643 litterae:
767 1611 866 1641 nam
888 1596 1003 1652 quod
1026 1596 1122 1639 libri
1145 1597 1330 1652 habent,
1354 1606 1399 1639 ut
1419 1597 1540 1650 duci,
1563 1594 1665 1637 ferri

174 1681 262 1710 non
290 1681 421 1723 posse
453 1674 619 1712 constat
641 1701 649 1710 .
672 1672 802 1722 atque
832 1667 877 1708 in
908 1666 1003 1722 ipso
1027 1666 1233 1708 Varronis
1265 1666 1319 1709 de
1340 1666 1491 1720 lingua
1511 1664 1667 1706 Latina

174 1735 380 1779 librorum
396 1736 480 1780 fine
495 1738 530 1781 F
534 1737 769 1780 lorentinus
785 1734 922 1778 codex
938 1751 1021 1777 non
1042 1735 1154 1777 enim
1180 1735 1348 1791 opufuit
1374 1743 1419 1776 ut
1445 1736 1491 1776 in
1511 1733 1665 1786 servis,

175 1808 218 1847 et
238 1819 292 1847 ex
313 1805 506 1848 eiusdem
523 1806 792 1848 Parmenone
810 1803 976 1847 Nonius
994 1817 1034 1858 p.
1053 1803 1107 1845 86
1125 1836 1135 1857 ,
1156 1804 1207 1845 16
1230 1803 1343 1845 alius
1364 1802 1575 1845 caballum
1597 1818 1665 1843 ar-

174 1873 278 1915 bori’
297 1889 416 1916 ramo
437 1875 482 1916 in
503 1875 658 1917 humili
673 1873 911 1930 adliqatum
930 1871 1135 1928 relinquit
1153 1904 1163 1914 .
1182 1871 1333 1914 eodem
1350 1871 1568 1926 pertinent
1584 1869 1666 1912 tale

174 1941 340 1998 qualest
354 1943 531 1986 similest
547 1943 718 1985 simile's
734 1975 745 1996 ,
768 1954 845 1996 pro
864 1941 964 1982 talis
981 1973 991 1994 ,
1018 1941 1160 1996 qualis
1177 1950 1236 1983 est
1251 1974 1261 1994 ,
1287 1940 1443 1982 similis
1460 1947 1518 1981 est
1538 1942 1580 1980 et
1596 1954 1638 1980 es
1654 1972 1665 1994 ,

174 2022 203 2052 a
227 2010 369 2052 Nonio
401 2024 425 2053 e
456 2011 630 2054 comicis
663 2009 880 2053 veteribus
913 2009 1167 2062 consignata
1196 2022 1239 2063 p.
1257 2007 1368 2062 227,
1396 2007 1448 2048 14
1481 2007 1588 2060 198,
1611 2006 1663 2048 31

175 2077 288 2133 224,
306 2078 361 2120 23
379 2110 388 2120 .
407 2078 546 2121 sedin
562 2078 760 2121 versibus
780 2090 911 2132 saepe
932 2076 1204 2119 utilissimum
1228 2080 1292 2119 est
1312 2089 1460 2118 veram
1480 2087 1666 2130 pronun-

175 2145 312 2188 tiandi
342 2146 553 2188 rationem
585 2146 812 2190 scribendo
846 2145 1087 2200 exprimere
1111 2178 1119 2186 .
1145 2145 1290 2199 itaque
1322 2144 1396 2200 qui
1427 2143 1533 2186 sciet
1563 2143 1666 2185 Var-

174 2226 324 2264 ronem
345 2213 388 2255 in
410 2213 666 2257 choliambis
682 2226 880 2258 severam
897 2213 1159 2256 Graecorum
1178 2213 1320 2267 legem
1337 2216 1527 2255 secutum
1546 2224 1666 2266 esse,

176 2295 272 2324 eum
305 2295 478 2325 versum
509 2296 637 2337 quem
660 2282 829 2326 Nonius
851 2282 932 2336 86,
956 2281 1013 2323 24
1043 2294 1067 2323 e
1088 2281 1344 2336 Sexagessis
1368 2281 1502 2323 satira
1522 2284 1666 2336 protu-

175 2349 226 2392 lit
245 2349 327 2393 hoc
349 2351 477 2394 modo
499 2351 774 2394 scribendum
796 2351 923 2394 ducet
940 2383 950 2404 ,
973 2350 1174 2394 Sensibus
1193 2349 1312 2405 (libri
1333 2349 1533 2404 Senibus)
1554 2365 1667 2391 cras·

174 2424 234 2464 sis
264 2420 443 2473 homulli
467 2436 550 2463 non
581 2420 758 2463 videmu’
790 2419 897 2476 quid
911 2419 1025 2476 fiat.
1048 2431 1188 2473 neque
1219 2418 1256 2460 is
1287 2418 1359 2472 qui
1391 2418 1444 2461 de
1476 2417 1666 2473 discipli-

175 2491 245 2534 nis
266 2503 320 2533 ea
339 2489 514 2544 scripsit
534 2502 644 2544 quae
663 2488 885 2532 Censorini
907 2488 1054 2530 libello
1077 2486 1316 2530 adhaerent
1336 2500 1377 2542 p.
1398 2487 1480 2541 96,
1503 2487 1523 2528 1
1546 2487 1667 2530 Sota-

176 2558 331 2615 dcum,
359 2558 431 2613 qui
453 2562 597 2614 potest
617 2557 744 2601 Ennii
767 2560 891 2612 esse,
921 2556 1073 2600 vitium
1094 2556 1140 2598 in
1166 2556 1293 2598 tertia
1314 2554 1487 2610 syllaba
1507 2555 1667 2597 habere

176 2626 383 2682 dixisset,
406 2627 442 2669 si
459 2643 480 2668 s
495 2626 734 2669 tollendum
751 2625 954 2681 vidisset,
977 2625 1062 2667 Ille
1082 2625 1177 2666 zbtu'
1199 2633 1310 2667 retro
1331 2623 1506 2667 reccidit
1525 2624 1571 2665 in
1591 2639 1667 2664 na-

178 2704 258 2738 tem
277 2698 458 2754 supinus
475 2730 484 2739 .
506 2695 699 2739 Lucilius
722 2694 906 2737 fortasse
923 2693 1042 2736 solus
1061 2693 1231 2736 Graeca
1251 2691 1465 2734 vocabula
1485 2708 1505 2733 s
1526 2691 1669 2733 littera

179 2767 380 2807 truncare
401 2778 532 2807 ausus
555 2768 646 2807 est.
674 2763 875 2806 Crassum
896 2763 1024 2805 babeo
1042 2777 1242 2819 yenerum
1260 2794 1271 2814 ,
1294 2777 1345 2802 ne
1366 2760 1667 2802 rhetoricotero'

178 2840 223 2874 tu
243 2833 305 2874 sis
319 2865 331 2887 ‚
353 2832 397 2874 in
416 2832 636 2875 Ciceronis
654 2832 708 2874 de
726 2835 896 2874 oratore
912 2845 960 2871 111
977 2863 987 2886 ,
1009 2830 1086 2872 171
1108 2862 1116 2870 .
1141 2829 1228 2871 Hic
1246 2837 1290 2870 ut
1304 2828 1566 2884 muscipulae
1583 2836 1669 2870 ten-

178 2909 244 2943 tae
259 2909 384 2957 atque
399 2909 445 2942 ut
457 2899 783 2956 scorpio’ssauda
794 2899 983 2952 Sublata,
994 2897 1110 2953 apud
1123 2897 1310 2939 Nonium
1326 2910 1365 2951 p.
1377 2896 1455 2938 181
1473 2897 1558 2939 266
1567 2896 1665 2939 385.

296 2969 390 3012 188.
433 2983 594 3011 OMNIA
625 2981 826 3014 QUANDO
857 2967 1124 3009 PAULATIM
1155 2979 1408 3006 CRESCUNT
1427 2999 1436 3017 ‚
1478 2979 1538 3007 UT
1575 2979 1669 3005 PAR

178 3051 266 3079 EST
282 3071 292 3090 ‚
332 3051 511 3079 SEMINE
543 3050 702 3078 CERTO
720 3069 730 3089 ,
769 3035 1196 3080 CRESCENTESQUE
1235 3049 1392 3076 GENUS
1430 3047 1667 3077 SERVANT.
