2040 3328
881 252 948 296 ΙΙΙ
1572 255 1651 298 161

173 369 271 412 mile
289 400 298 409 .
316 368 377 410 ita
393 368 482 410 eius
498 366 641 422 priore
657 370 854 421 correpta
870 367 915 409 in
932 367 1122 410 Poenulo
1139 381 1194 422 1v,
1213 367 1252 422 2,
1270 367 1353 422 60,
1378 367 1423 408 in
1445 367 1652 410 Eunucho

173 451 201 492 1,
218 436 257 492 2,
273 435 357 490 51,
386 435 430 477 in
451 434 709 477 Phormione
741 449 768 491 1,
788 435 826 490 2,
845 436 900 478 63
926 435 966 489 4,
985 436 1038 491 8,
1071 435 1290 491 Turpilius
1321 435 1433 490 apud
1465 436 1655 478 Nonium

173 519 215 561 p.
236 503 329 559 182,
347 504 373 546 6
397 536 405 545 .
428 516 513 545 non
545 503 702 545 rectius
740 503 855 546 idem
886 504 1106 547 Bentleius
1138 504 1183 545 in
1213 502 1470 546 Phormione
1496 518 1554 560 1v,
1571 504 1610 558 2,
1629 505 1652 546 7

182 572 268 616 Ubi
277 571 520 615 Phaedriai
528 571 757 614 ostenderet
773 588 786 613 :
800 576 1013 627 promtum
1030 577 1094 615 est
1110 571 1297 614 scribere
1321 571 1363 613 U
1361 572 1406 613 bi
1417 571 1656 615 Phaedriae

175 657 262 684 esse
277 639 506 684 ostenderet
521 640 654 681 nihilo
670 641 809 682 minus
825 641 1019 682 Amicum
1040 657 1127 683 sese
1142 655 1268 696 quam
1285 639 1544 696 Antiphoni,
1562 653 1656 683 cum

171 709 271 752 libri
302 707 489 751 habeant
510 707 749 750 Phaedriae
769 725 812 751 se
834 713 875 751 et
895 709 1091 750 Amicum
1113 724 1199 750 esse
1217 740 1226 748 .
1248 707 1362 750 idem
1383 707 1524 750 minus
1546 709 1655 751 vitu-

173 775 391 834 perandus
413 779 476 818 est
493 808 502 830 ,
521 775 635 830 quod
653 775 696 817 in
714 775 922 832 Adelphis
940 791 980 832 v,
1003 779 1037 831 1,
1055 776 1082 819 Ξ)
1099 775 1250 818 maluit
1265 775 1427 817 hiatum
1444 776 1654 832 tolerare,

174 847 253 900 ita,
270 844 524 901 Exemplum
542 843 794 900 disciplinae
812 876 821 886 .
840 848 928 888 ecce
945 853 1081 887 autem
1098 844 1164 886 hic
1180 843 1318 886 adest:
1335 844 1410 886 sed
1428 845 1508 886 arti
1526 845 1653 888 huius

174 918 329 972 poetae
349 913 488 967 magis
510 912 709 955 convenit
738 913 875 968 illud,
898 914 958 955 sis
974 946 984 966 ,
1007 912 1103 954 vide
1124 912 1377 968 Exemplum
1400 911 1655 969 disciplinae

176 998 313 1026 eccum
337 1013 346 1023 .
367 980 573 1023 maiorem
594 980 735 1023 hiatus
763 981 1082 1024 excusationem
1105 981 1233 1023 habet
1253 980 1296 1022 in
1317 979 1396 1023 hoc
1413 1014 1423 1032 ‚
1452 980 1570 1035 quod
1591 986 1658 1024 est

174 1053 220 1096 in
241 1050 383 1094 Plauti
407 1049 693 1092 Bacchidibus
713 1064 758 1104 11,
777 1049 815 1105 3,
835 1050 911 1105 73,
941 1050 1028 1101 Qui
1054 1049 1144 1091 illic
1174 1048 1370 1091 sacerdos
1400 1058 1459 1091 est
1488 1049 1667 1092 Dianae

175 1121 413 1178 Ephesiae,
431 1118 667 1166 scilicetne
689 1117 980 1173 diphthongus
997 1117 1040 1159 in
1057 1117 1198 1160 vocali
1218 1116 1339 1159 brevi
1362 1116 1656 1160 delitesceret.

180 1188 258 1232 sed
289 1186 511 1230 ferendum
542 1200 628 1229 non
659 1191 724 1230 est
753 1187 797 1228 in
828 1186 962 1229 Persa
990 1200 1050 1241 111,
1075 1186 1113 1241 3,
1131 1186 1158 1228 5
1189 1186 1401 1228 Pecuniae
1431 1187 1657 1242 accipiter,

177 1255 301 1299 avide
321 1263 444 1311 atque
464 1255 606 1297 invide
621 1288 632 1309 ,
655 1268 796 1311 neque
814 1255 856 1297 in
875 1254 1007 1296 Milite
1029 1268 1084 1308 IV,
1101 1254 1141 1307 5,
1163 1253 1215 1295 12
1237 1253 1394 1297 Saltem
1410 1253 1460 1295 id
1472 1254 1659 1311 volupest

176 1341 269 1367 cum
298 1340 351 1366 ex
380 1323 531 1366 virtute
548 1323 726 1380 formae
756 1324 888 1366 evenit
918 1323 998 1364 tibi
1010 1339 1024 1376 ,-
1045 1335 1158 1376 quae
1188 1322 1248 1364 ita
1278 1320 1532 1375 refingenda
1562 1335 1658 1366 esse

176 1392 285 1435 duco
302 1424 312 1447 ,
343 1391 555 1434 Pecuniae
590 1391 712 1434 avide
749 1392 955 1448 accipiter*
986 1399 1110 1446 atque
1141 1389 1270 1432 livide
1284 1423 1295 1444 ,
1334 1394 1376 1432 ct
1413 1406 1465 1432 eae
1488 1390 1664 1446 formai

175 1462 327 1504 virtute
345 1492 353 1500 .
371 1472 513 1515 neque
529 1461 574 1502 in
592 1460 815 1502 Aulularia
830 1459 922 1515 11,4,
937 1459 987 1501 16
1002 1459 1131 1516 filiae
1147 1461 1192 1501 in
1208 1459 1370 1515 nuptiis
1387 1458 1658 1501 scribendum

177 1533 241 1572 cst
247 1529 374 1586 filiai
385 1529 431 1571 in
445 1561 457 1582 ,
479 1526 556 1570 sed
563 1527 691 1584 filiai
702 1529 862 1585 nuptiis
878 1561 889 1582 ,
907 1532 953 1570 ut
973 1528 1016 1569 in
1034 1527 1184 1570 eadem
1203 1526 1351 1569 fabula
1366 1541 1426 1581 111,
1445 1526 1484 1581 6,
1501 1526 1529 1568 4
1546 1531 1586 1570 et
1601 1542 1658 1583 ιν,

181 1597 244 1652 10,
263 1597 330 1652 67,
354 1596 426 1639 ubi
446 1595 544 1638 libri
566 1596 725 1639 habent
741 1597 860 1649 filiae
875 1597 1035 1653 nuptiis
1054 1627 1062 1636 .
1087 1597 1187 1639 item
1209 1595 1252 1637 in
1270 1594 1577 1650 Amphitruone
1597 1611 1658 1652 111,

180 1665 217 1720 1,
237 1665 313 1720 12,
329 1664 404 1707 ubi
421 1668 486 1706 cst
501 1664 555 1708 Si
567 1665 616 1707 id
631 1665 886 1708 Alcumenae
898 1662 1116 1707 ‘innocenti
1128 1672 1310 1720 expetat,
1328 1675 1475 1706 verum
1493 1664 1660 1708 videtur

177 1733 433 1775 Alcumenas
449 1733 709 1776 innocentiae
725 1766 734 1787 ,
753 1733 1013 1776 Alcumenai
1025 1733 1154 1776 scribi
1172 1744 1256 1774 non
1273 1731 1401 1774 debet
1417 1763 1426 1774 .
1446 1744 1585 1787 neque
1599 1736 1660 1776 vi-

177 1802 242 1844 tai
258 1801 324 1844 hic
339 1833 350 1855 ,
374 1799 491 1856 quod
510 1801 727 1844 Bentleius
743 1801 906 1856 voluit,
928 1801 971 1843 in
989 1801 1156 1845 Manilii
1177 1815 1220 1855 11,
1240 1800 1320 1843 831
1343 1799 1483 1842 locum
1505 1800 1660 1856 habet,

179 1882 318 1924 neque
338 1870 447 1912 vitae
467 1869 534 1911 hic
556 1882 651 1912 cum
671 1868 790 1912 hiatu
808 1902 818 1925 ,
836 1870 913 1912 sed
937 1869 1208 1913 scribendum
1232 1868 1429 1910 existimo
1451 1868 1537 1911 Hie
1559 1878 1664 1912 tenet

180 1937 405 1980 arbitrium
425 1937 577 1992 vitale,
600 1938 666 1980 hic
687 1938 836 1995 reyula
857 1954 1018 1980 morum
1040 1947 1098 1980 est
1120 1970 1129 1979 .
1153 1936 1255 1979 olim
1276 1935 1451 1991 peceavi
1470 1968 1480 1990 ,
1504 1949 1596 1978 cum
1618 1937 1664 1978 in

180 2004 391 2060 Propertii
421 2003 532 2046 libro
565 2019 604 2060 V,
621 2005 661 2060 3,
679 2005 734 2048 48
757 2005 910 2061 scripsi
932 2006 1087 2048 Arctoo
1118 2006 1164 2047 in
1191 2005 1371 2062 9Zaciem
1388 2020 1402 2059 ,-
1432 2004 1510 2046 sed
1539 2004 1664 2060 peius

181 2072 255 2125 qui
284 2071 412 2113 nimis
442 2071 662 2128 inproprie
692 2074 853 2130 Aprieo
872 2074 1077 2132 friqore:
1107 2086 1135 2115 a
1164 2071 1378 2127 Propertii
1409 2084 1538 2114 manu
1569 2086 1664 2116 esse

182 2142 284 2194 puto
306 2137 423 2193 quod
444 2139 819 2185 Schneidewinum
840 2146 940 2184 ante
962 2155 1028 2185 me
1051 2140 1282 2197 protulisse
1304 2152 1416 2182 nunc
1437 2141 1664 2197 intellego,

181 2223 275 2250 cum
289 2215 414 2264 pater
434 2208 544 2251 altas
567 2211 757 2252 Tetricus
776 2211 822 2252 in
840 2210 1019 2266 qlacz'em
1035 2210 1202 2268 friqore
1221 2209 1345 2251 nectit
1366 2225 1503 2265 aquas
1531 2242 1540 2252 .
1569 2209 1666 2252 libri

182 2274 363 2331 Africus
382 2307 391 2317 .
413 2277 610 2331 peccavit
630 2277 906 2333 Perlcampus
925 2311 934 2333 ,
967 2277 1083 2332 quod
1108 2279 1152 2320 in
1175 2276 1343 2319 Horatii
1365 2277 1599 2320 carminum
1620 2293 1664 2334 11,

181 2342 238 2386 20
252 2343 420 2398 putavit
435 2345 565 2387 scribi
582 2359 711 2401 posse
731 2345 826 2388 Iam
843 2346 1061 2390 Daedaleo
1079 2346 1285 2389 audacior
1300 2346 1425 2388 Icaro
1445 2378 1453 2388 .
1472 2346 1531 2388 ibi
1544 2348 1667 2390 vocior

183 2414 226 2453 et
252 2412 391 2454 notior
420 2414 584 2456 numeri
607 2414 767 2469 pariter
789 2415 1043 2470 admittunt,
1076 2414 1292 2457 sententia
1321 2414 1446 2457 unice
1477 2415 1669 2470 postulat

183 2477 479 2522 Bentleianum
515 2482 642 2524 tutior
674 2515 683 2523 .
715 2482 950 2526 Ritschelio
983 2482 1266 2526 Bacchiacum
1302 2482 1503 2525 vitiosum
1534 2483 1667 2527 invito

185 2546 428 2603 obrepsisse
457 2553 558 2603 puto
581 2582 591 2604 ,
620 2550 799 2593 Amorin
819 2568 883 2594 me
905 2568 960 2594 an
982 2552 1049 2593 rei
1065 2551 1244 2607 opsequi
1253 2551 1398 2606 potius
1415 2568 1501 2607 par
1522 2553 1602 2605 sit,
1625 2552 1669 2594 in

186 2614 435 2657 Trinummo
466 2616 606 2659 Plauti
628 2617 713 2661 230
739 2651 748 2661 .
781 2618 860 2661 sed
890 2618 947 2661 ad
979 2619 1161 2662 alterum
1192 2631 1329 2672 genus
1361 2619 1669 2662 transeundum

185 2686 278 2736 est,
310 2682 353 2724 in
374 2695 459 2737 quo
479 2685 747 2739 paenultima
767 2686 967 2730 vocabuli
989 2687 1133 2729 littera
1154 2691 1219 2730 est
1239 2687 1405 2729 vocalis
1427 2688 1584 2742 longa,
1608 2687 1669 2729 ul-

186 2750 293 2792 tima
322 2754 464 2792 autem
493 2751 638 2795 brevis
662 2785 671 2795 .
692 2754 821 2797 huius
852 2754 970 2797 modi
1000 2755 1215 2797 vocabula
1244 2767 1332 2796 non
1364 2754 1492 2797 habet
1520 2755 1671 2810 lingua

186 2817 368 2871 Latina,
391 2818 430 2860 si
451 2819 643 2874 excipias
664 2821 732 2863 die
748 2854 759 2876 ,
782 2821 856 2864 dia
872 2855 883 2876 ,
906 2823 1061 2864 extrito
1080 2855 1090 2876 ,
1112 2825 1158 2863 ut
1177 2826 1280 2876 puto
1298 2855 1307 2873 ‚
1331 2821 1551 2876 digamma
1568 2853 1578 2863 .
1595 2823 1670 2865 ita-

188 2899 271 2940 que
293 2886 470 2929 Graecis
492 2887 642 2930 comici
663 2889 736 2931 vix
754 2922 764 2945 ,
782 2889 864 2931 nisi
894 2889 1010 2943 quod
1036 2889 1189 2932 Medea
1216 2893 1280 2931 est
1306 2889 1351 2932 in
1372 2889 1586 2933 Pseudulo
1608 2905 1669 2947 111,

188 2953 228 3009 2,
245 2954 328 3010 80,
352 2954 481 2998 ceteri
503 2955 609 2997 satis
640 2956 782 2999 multis
813 2957 880 2998 usi
912 2961 1011 3000 sunt
1041 2957 1133 3000 sine
1164 2957 1372 3013 elisione,
1394 2962 1441 3000 ut
1462 2957 1669 3014 Galatea,

191 3021 394 3078 Cytherea
410 3055 421 3077 ,
439 3023 623 3078 Pelopea
640 3057 649 3078 ,
667 3040 820 3081 cycnea
838 3056 847 3079 ,
866 3025 1057 3067 cichorea
1073 3057 1083 3080 ,
1101 3025 1266 3069 Ilionea
1282 3059 1292 3080 ,
1311 3026 1417 3068 Chia
1431 3060 1442 3081 ,
1460 3027 1646 3084 Lampia
1660 3060 1671 3082 ,

1318 3095 1366 3135 11
