<?xml version="1.0" encoding="UTF-8"?>
<!DOCTYPE html PUBLIC "-//W3C//DTD XHTML 1.0 Transitional//EN"
    "http://www.w3.org/TR/xhtml1/DTD/xhtml1-transitional.dtd">
<html xmlns="http://www.w3.org/1999/xhtml" xml:lang="en" lang="en">
 <head>
  <title>
</title>
<meta http-equiv="Content-Type" content="text/html;charset=utf-8" />
  <meta name='ocr-system' content='tesseract 3.04.00' />
  <meta name='ocr-capabilities' content='ocr_page ocr_carea ocr_par ocr_line ocrx_word'/>
</head>
<body>
  <div class='ocr_page' id='page_1' title='image "./intlucretiicarid00lachuoft_0072.png"; bbox 0 0 2040 3328; ppageno 0'>
   <div class='ocr_carea' id='block_1_1' title="bbox 384 233 1145 276">
    <p class='ocr_par' dir='ltr' id='par_1_1' title="bbox 384 233 1145 276">
     <span class='ocr_line' id='line_1_1' title="bbox 384 233 1145 276; baseline -0.003 0"><span class='ocrx_word' id='word_1_1' title='bbox 384 233 437 276; x_wconf 88' lang='lat'>68</span> <span class='ocrx_word' id='word_1_2' title='bbox 1125 233 1145 274; x_wconf 93' lang='lat'>1</span> 
     </span>
    </p>
   </div>
   <div class='ocr_carea' id='block_1_2' title="bbox 371 342 1840 2996">
    <p class='ocr_par' dir='ltr' id='par_1_2' title="bbox 379 342 1840 2542">
     <span class='ocr_line' id='line_1_2' title="bbox 385 342 1829 399; baseline -0.003 -12"><span class='ocrx_word' id='word_1_3' title='bbox 385 349 530 399; x_wconf 80' lang='lat' dir='ltr'>cavet,</span> <span class='ocrx_word' id='word_1_4' title='bbox 561 357 668 398; x_wconf 87' lang='lat' dir='ltr'>quae</span> <span class='ocrx_word' id='word_1_5' title='bbox 699 348 877 398; x_wconf 85' lang='lat' dir='ltr'>corpora</span> <span class='ocrx_word' id='word_1_6' title='bbox 905 343 1022 384; x_wconf 88' lang='lat' dir='ltr'>inani</span> <span class='ocrx_word' id='word_1_7' title='bbox 1053 347 1094 384; x_wconf 91' lang='lat' dir='ltr'>et</span> <span class='ocrx_word' id='word_1_8' title='bbox 1122 343 1247 384; x_wconf 90' lang='lat' dir='ltr'>inane</span> <span class='ocrx_word' id='word_1_9' title='bbox 1277 343 1522 397; x_wconf 75' lang='lat' dir='ltr'>corporibus</span> <span class='ocrx_word' id='word_1_10' title='bbox 1553 342 1829 395; x_wconf 79' lang='lat' dir='ltr'>determinat,</span> 
     </span>
     <span class='ocr_line' id='line_1_3' title="bbox 392 408 1829 465; baseline -0.002 -12"><span class='ocrx_word' id='word_1_11' title='bbox 392 411 444 453; x_wconf 74' lang='lat' dir='ltr'>Ut</span> <span class='ocrx_word' id='word_1_12' title='bbox 463 412 523 453; x_wconf 75' lang='lat' dir='ltr'>sic</span> <span class='ocrx_word' id='word_1_13' title='bbox 544 411 717 453; x_wconf 73' lang='lat' dir='ltr'>alternis</span> <span class='ocrx_word' id='word_1_14' title='bbox 737 411 901 465; x_wconf 72' lang='lat' dir='ltr'>infinita</span> <span class='ocrx_word' id='word_1_15' title='bbox 921 410 1059 451; x_wconf 81' lang='lat' dir='ltr'>omm&#39;a</span> <span class='ocrx_word' id='word_1_16' title='bbox 1078 408 1225 450; x_wconf 76' lang='lat' dir='ltr'>reddat</span> <span class='ocrx_word' id='word_1_17' title='bbox 1242 410 1262 449; x_wconf 82' lang='lat'>.’</span> <span class='ocrx_word' id='word_1_18' title='bbox 1284 408 1347 449; x_wconf 76' lang='lat' dir='ltr'>his</span> <span class='ocrx_word' id='word_1_19' title='bbox 1369 409 1570 450; x_wconf 75' lang='lat' dir='ltr'><strong>subicitur</strong></span> <span class='ocrx_word' id='word_1_20' title='bbox 1591 418 1662 450; x_wconf 79' lang='lat' dir='ltr'>aut</span> <span class='ocrx_word' id='word_1_21' title='bbox 1682 410 1803 451; x_wconf 76' lang='lat' dir='ltr'>etiam</span> <span class='ocrx_word' id='word_1_22' title='bbox 1819 441 1829 461; x_wconf 91' lang='lat'><em>‚</em></span> 
     </span>
     <span class='ocr_line' id='line_1_4' title="bbox 384 474 1830 531; baseline -0.002 -12"><span class='ocrx_word' id='word_1_23' title='bbox 384 477 499 531; x_wconf 92' lang='lat' dir='ltr'>quod</span> <span class='ocrx_word' id='word_1_24' title='bbox 529 477 778 531; x_wconf 84' lang='lat' dir='ltr'>Madvieus,</span> <span class='ocrx_word' id='word_1_25' title='bbox 810 477 845 518; x_wconf 88' lang='lat' dir='ltr'>si</span> <span class='ocrx_word' id='word_1_26' title='bbox 876 476 966 518; x_wconf 88' lang='lat' dir='ltr'>eius</span> <span class='ocrx_word' id='word_1_27' title='bbox 996 478 1175 517; x_wconf 84' lang='lat' dir='ltr'><strong>mentem</strong></span> <span class='ocrx_word' id='word_1_28' title='bbox 1207 479 1318 516; x_wconf 86' lang='lat' dir='ltr'>recte</span> <span class='ocrx_word' id='word_1_29' title='bbox 1340 475 1487 529; x_wconf 83' lang='lat' dir='ltr'>capio,</span> <span class='ocrx_word' id='word_1_30' title='bbox 1519 474 1738 530; x_wconf 89' lang='lat' dir='ltr'>(videntur</span> <span class='ocrx_word' id='word_1_31' title='bbox 1760 487 1830 516; x_wconf 87' lang='lat' dir='ltr'>au-</span> 
     </span>
     <span class='ocr_line' id='line_1_5' title="bbox 383 541 1830 598; baseline -0.003 -12"><span class='ocrx_word' id='word_1_32' title='bbox 383 547 467 586; x_wconf 86' lang='lat' dir='ltr'>tem</span> <span class='ocrx_word' id='word_1_33' title='bbox 497 544 536 586; x_wconf 90' lang='lat' dir='ltr'>ei</span> <span class='ocrx_word' id='word_1_34' title='bbox 557 547 654 598; x_wconf 87' lang='lat' dir='ltr'>post</span> <span class='ocrx_word' id='word_1_35' title='bbox 674 543 972 585; x_wconf 71' lang='lat' dir='ltr'>inmoderatum</span> <span class='ocrx_word' id='word_1_36' title='bbox 994 542 1153 595; x_wconf 84' lang='lat' dir='ltr'>aliquot</span> <span class='ocrx_word' id='word_1_37' title='bbox 1182 554 1326 583; x_wconf 86' lang='lat' dir='ltr'>versus</span> <span class='ocrx_word' id='word_1_38' title='bbox 1348 542 1547 595; x_wconf 86' lang='lat' dir='ltr'>periisse)</span> <span class='ocrx_word' id='word_1_39' title='bbox 1570 542 1654 582; x_wconf 87' lang='lat' dir='ltr'>illis</span> <span class='ocrx_word' id='word_1_40' title='bbox 1675 541 1830 595; x_wconf 87' lang='lat' dir='ltr'>superi-</span> 
     </span>
     <span class='ocr_line' id='line_1_6' title="bbox 384 607 1831 664; baseline -0.003 -12"><span class='ocrx_word' id='word_1_41' title='bbox 384 611 525 652; x_wconf 86' lang='lat' dir='ltr'>oribus</span> <span class='ocrx_word' id='word_1_42' title='bbox 563 610 780 664; x_wconf 86' lang='lat' dir='ltr'>subiungit</span> <span class='ocrx_word' id='word_1_43' title='bbox 816 609 893 651; x_wconf 84' lang='lat' dir='ltr'>hac</span> <span class='ocrx_word' id='word_1_44' title='bbox 932 609 1020 651; x_wconf 88' lang='lat' dir='ltr'>fere</span> <span class='ocrx_word' id='word_1_45' title='bbox 1056 608 1218 650; x_wconf 86' lang='lat' dir='ltr'>ratione</span> <span class='ocrx_word' id='word_1_46' title='bbox 1249 640 1257 648; x_wconf 88' lang='lat'><strong>.</strong></span> <span class='ocrx_word' id='word_1_47' title='bbox 1292 607 1457 650; x_wconf 80' lang='lat' dir='ltr'>‘natura</span> <span class='ocrx_word' id='word_1_48' title='bbox 1492 608 1686 662; x_wconf 80' lang='lat' dir='ltr'>prohibet</span> <span class='ocrx_word' id='word_1_49' title='bbox 1721 608 1831 648; x_wconf 91' lang='lat' dir='ltr'>omni</span> 
     </span>
     <span class='ocr_line' id='line_1_7' title="bbox 383 673 1833 731; baseline -0.002 -13"><span class='ocrx_word' id='word_1_50' title='bbox 383 676 514 731; x_wconf 86' lang='lat' dir='ltr'>fines,</span> <span class='ocrx_word' id='word_1_51' title='bbox 555 676 669 730; x_wconf 91' lang='lat' dir='ltr'>quod</span> <span class='ocrx_word' id='word_1_52' title='bbox 705 676 870 719; x_wconf 85' lang='lat' dir='ltr'>alterna</span> <span class='ocrx_word' id='word_1_53' title='bbox 898 675 1086 717; x_wconf 88' lang='lat' dir='ltr'>finitione</span> <span class='ocrx_word' id='word_1_54' title='bbox 1122 674 1323 716; x_wconf 85' lang='lat' dir='ltr'>infinitum</span> <span class='ocrx_word' id='word_1_55' title='bbox 1354 673 1518 717; x_wconf 84' lang='lat' dir='ltr'>reddit:</span> <span class='ocrx_word' id='word_1_56' title='bbox 1555 678 1651 727; x_wconf 86' lang='lat' dir='ltr'>aut,</span> <span class='ocrx_word' id='word_1_57' title='bbox 1689 674 1725 716; x_wconf 81' lang='lat' dir='ltr'>si</span> <span class='ocrx_word' id='word_1_58' title='bbox 1754 674 1833 715; x_wconf 87' lang='lat' dir='ltr'>hoc</span> 
     </span>
     <span class='ocr_line' id='line_1_8' title="bbox 383 740 1831 798; baseline -0.002 -13"><span class='ocrx_word' id='word_1_59' title='bbox 383 756 467 786; x_wconf 90' lang='lat' dir='ltr'>non</span> <span class='ocrx_word' id='word_1_60' title='bbox 498 743 595 798; x_wconf 86' lang='lat' dir='ltr'>fiat,</span> <span class='ocrx_word' id='word_1_61' title='bbox 628 746 768 786; x_wconf 88' lang='lat' dir='ltr'>tamen</span> <span class='ocrx_word' id='word_1_62' title='bbox 800 744 926 786; x_wconf 86' lang='lat' dir='ltr'>etiam</span> <span class='ocrx_word' id='word_1_63' title='bbox 960 743 1203 785; x_wconf 81' lang='lat' dir='ltr'>alterutrum</span> <span class='ocrx_word' id='word_1_64' title='bbox 1220 773 1230 795; x_wconf 90' lang='lat'>,</span> <span class='ocrx_word' id='word_1_65' title='bbox 1262 742 1354 783; x_wconf 85' lang='lat' dir='ltr'>sive</span> <span class='ocrx_word' id='word_1_66' title='bbox 1384 753 1534 796; x_wconf 88' lang='lat' dir='ltr'>corpus</span> <span class='ocrx_word' id='word_1_67' title='bbox 1565 741 1655 783; x_wconf 86' lang='lat' dir='ltr'>sive</span> <span class='ocrx_word' id='word_1_68' title='bbox 1683 740 1831 792; x_wconf 82' lang='lat' dir='ltr'>inane,</span> 
     </span>
     <span class='ocr_line' id='line_1_9' title="bbox 384 806 1832 864; baseline -0.004 -11"><span class='ocrx_word' id='word_1_69' title='bbox 384 811 515 854; x_wconf 87' lang='lat' dir='ltr'>altero</span> <span class='ocrx_word' id='word_1_70' title='bbox 538 822 622 851; x_wconf 91' lang='lat' dir='ltr'>non</span> <span class='ocrx_word' id='word_1_71' title='bbox 643 811 892 853; x_wconf 84' lang='lat' dir='ltr'>terminante</span> <span class='ocrx_word' id='word_1_72' title='bbox 912 809 1117 851; x_wconf 89' lang='lat' dir='ltr'>infinitum</span> <span class='ocrx_word' id='word_1_73' title='bbox 1138 812 1306 863; x_wconf 81' lang='lat' dir='ltr'>pateat-3</span> <span class='ocrx_word' id='word_1_74' title='bbox 1333 806 1467 864; x_wconf 91' lang='lat' dir='ltr'>[quod</span> <span class='ocrx_word' id='word_1_75' title='bbox 1488 811 1551 849; x_wconf 89' lang='lat' dir='ltr'>est</span> <span class='ocrx_word' id='word_1_76' title='bbox 1581 806 1832 849; x_wconf 84' lang='lat' dir='ltr'>absurdum:</span> 
     </span>
     <span class='ocr_line' id='line_1_10' title="bbox 383 873 1833 932; baseline -0.003 -13"><span class='ocrx_word' id='word_1_77' title='bbox 383 889 482 919; x_wconf 89' lang='lat' dir='ltr'>nam</span> <span class='ocrx_word' id='word_1_78' title='bbox 521 889 658 930; x_wconf 91' lang='lat' dir='ltr'>neque</span> <span class='ocrx_word' id='word_1_79' title='bbox 697 889 877 932; x_wconf 85' lang='lat' dir='ltr'>corpora</span> <span class='ocrx_word' id='word_1_80' title='bbox 910 876 1074 918; x_wconf 88' lang='lat' dir='ltr'>infinita</span> <span class='ocrx_word' id='word_1_81' title='bbox 1103 876 1282 930; x_wconf 86' lang='lat' dir='ltr'>spatium</span> <span class='ocrx_word' id='word_1_82' title='bbox 1312 875 1512 916; x_wconf 86' lang='lat' dir='ltr'>haberent</span> <span class='ocrx_word' id='word_1_83' title='bbox 1529 873 1564 929; x_wconf 95' lang='lat'>,]</span> <span class='ocrx_word' id='word_1_84' title='bbox 1605 874 1690 916; x_wconf 79' lang='lat' dir='ltr'>Nee</span> <span class='ocrx_word' id='word_1_85' title='bbox 1719 889 1833 915; x_wconf 70' lang='lat' dir='ltr'>mare</span> 
     </span>
     <span class='ocr_line' id='line_1_11' title="bbox 385 941 1834 998; baseline -0.003 -12"><span class='ocrx_word' id='word_1_86' title='bbox 385 961 456 986; x_wconf 75' lang='lat' dir='ltr'>nec</span> <span class='ocrx_word' id='word_1_87' title='bbox 474 944 594 986; x_wconf 79' lang='lat' dir='ltr'>tellus</span> <span class='ocrx_word' id='word_1_88' title='bbox 610 947 650 986; x_wconf 85' lang='lat' dir='ltr'>et</span> <span class='ocrx_word' id='word_1_89' title='bbox 666 947 806 986; x_wconf 82' lang='lat' dir='ltr'>cetera</span> <span class='ocrx_word' id='word_1_90' title='bbox 822 977 831 998; x_wconf 89' lang='lat'>,</span> <span class='ocrx_word' id='word_1_91' title='bbox 854 943 972 985; x_wconf 84' lang='lat' dir='ltr'>finita</span> <span class='ocrx_word' id='word_1_92' title='bbox 987 942 1146 984; x_wconf 80' lang='lat' dir='ltr'>scilicet</span> <span class='ocrx_word' id='word_1_93' title='bbox 1165 942 1209 983; x_wconf 90' lang='lat' dir='ltr'>in</span> <span class='ocrx_word' id='word_1_94' title='bbox 1229 941 1390 983; x_wconf 88' lang='lat' dir='ltr'>infinito</span> <span class='ocrx_word' id='word_1_95' title='bbox 1409 973 1417 995; x_wconf 92' lang='lat'>,</span> <span class='ocrx_word' id='word_1_96' title='bbox 1439 942 1653 997; x_wconf 73' lang='lat' dir='ltr'>E&#39;oez‘yuum</span> <span class='ocrx_word' id='word_1_97' title='bbox 1665 948 1834 996; x_wconf 74' lang='lat' dir='ltr'>possent</span> 
     </span>
     <span class='ocr_line' id='line_1_12' title="bbox 385 1008 1833 1066; baseline -0.004 -13"><span class='ocrx_word' id='word_1_98' title='bbox 385 1012 509 1053; x_wconf 74' lang='lat' dir='ltr'><em>horai</em></span> <span class='ocrx_word' id='word_1_99' title='bbox 535 1012 676 1052; x_wconf 75' lang='lat' dir='ltr'>sistere</span> <span class='ocrx_word' id='word_1_100' title='bbox 705 1018 861 1066; x_wconf 74' lang='lat' dir='ltr'>tempus</span> <span class='ocrx_word' id='word_1_101' title='bbox 878 1013 898 1050; x_wconf 91' lang='lat'>.&#39;</span> <span class='ocrx_word' id='word_1_102' title='bbox 920 1010 995 1052; x_wconf 89' lang='lat' dir='ltr'>sed</span> <span class='ocrx_word' id='word_1_103' title='bbox 1025 1009 1129 1051; x_wconf 83' lang='lat' dir='ltr'>haec</span> <span class='ocrx_word' id='word_1_104' title='bbox 1159 1014 1231 1050; x_wconf 89' lang='lat' dir='ltr'>aut</span> <span class='ocrx_word' id='word_1_105' title='bbox 1261 1008 1383 1050; x_wconf 85' lang='lat' dir='ltr'>fallor</span> <span class='ocrx_word' id='word_1_106' title='bbox 1412 1012 1588 1048; x_wconf 86' lang='lat' dir='ltr'>autnon</span> <span class='ocrx_word' id='word_1_107' title='bbox 1609 1010 1720 1049; x_wconf 84' lang='lat' dir='ltr'>reete</span> <span class='ocrx_word' id='word_1_108' title='bbox 1739 1019 1833 1060; x_wconf 84' lang='lat' dir='ltr'>pro-</span> 
     </span>
     <span class='ocr_line' id='line_1_13' title="bbox 385 1072 1834 1126; baseline -0.004 -7"><span class='ocrx_word' id='word_1_109' title='bbox 385 1077 564 1119; x_wconf 87' lang='lat' dir='ltr'>cedunt.</span> <span class='ocrx_word' id='word_1_110' title='bbox 594 1089 691 1117; x_wconf 88' lang='lat' dir='ltr'>nam</span> <span class='ocrx_word' id='word_1_111' title='bbox 728 1077 763 1118; x_wconf 84' lang='lat' dir='ltr'>si</span> <span class='ocrx_word' id='word_1_112' title='bbox 802 1076 1019 1118; x_wconf 86' lang='lat' dir='ltr'>Lueretius</span> <span class='ocrx_word' id='word_1_113' title='bbox 1055 1075 1123 1116; x_wconf 86' lang='lat' dir='ltr'>hio</span> <span class='ocrx_word' id='word_1_114' title='bbox 1159 1074 1437 1116; x_wconf 79' lang='lat' dir='ltr'>disiunctione</span> <span class='ocrx_word' id='word_1_115' title='bbox 1473 1086 1572 1116; x_wconf 90' lang='lat' dir='ltr'>usus</span> <span class='ocrx_word' id='word_1_116' title='bbox 1611 1077 1698 1126; x_wconf 85' lang='lat' dir='ltr'>est,</span> <span class='ocrx_word' id='word_1_117' title='bbox 1745 1072 1834 1114; x_wconf 86' lang='lat' dir='ltr'>eius</span> 
     </span>
     <span class='ocr_line' id='line_1_14' title="bbox 385 1140 1832 1197; baseline -0.003 -12"><span class='ocrx_word' id='word_1_118' title='bbox 385 1144 468 1186; x_wconf 81' lang='lat' dir='ltr'>tria</span> <span class='ocrx_word' id='word_1_119' title='bbox 499 1143 687 1185; x_wconf 84' lang='lat' dir='ltr'>membra</span> <span class='ocrx_word' id='word_1_120' title='bbox 717 1147 862 1197; x_wconf 87' lang='lat' dir='ltr'>erant,</span> <span class='ocrx_word' id='word_1_121' title='bbox 894 1143 979 1185; x_wconf 76' lang='lat' dir='ltr'>‘aut</span> <span class='ocrx_word' id='word_1_122' title='bbox 1008 1146 1228 1195; x_wconf 89' lang='lat' dir='ltr'>utrumque</span> <span class='ocrx_word' id='word_1_123' title='bbox 1258 1140 1486 1194; x_wconf 91' lang='lat' dir='ltr'>infinitum,</span> <span class='ocrx_word' id='word_1_124' title='bbox 1518 1144 1589 1182; x_wconf 87' lang='lat' dir='ltr'>aut</span> <span class='ocrx_word' id='word_1_125' title='bbox 1618 1142 1832 1191; x_wconf 84' lang='lat' dir='ltr'>neutrum,</span> 
     </span>
     <span class='ocr_line' id='line_1_15' title="bbox 383 1205 1832 1263; baseline -0.004 -10"><span class='ocrx_word' id='word_1_126' title='bbox 383 1215 454 1253; x_wconf 84' lang='lat' dir='ltr'>aut</span> <span class='ocrx_word' id='word_1_127' title='bbox 483 1211 731 1252; x_wconf 87' lang='lat' dir='ltr'>alterutrum</span> <span class='ocrx_word' id='word_1_128' title='bbox 751 1210 772 1250; x_wconf 89' lang='lat'>.’</span> <span class='ocrx_word' id='word_1_129' title='bbox 797 1210 939 1263; x_wconf 87' lang='lat' dir='ltr'>itaque</span> <span class='ocrx_word' id='word_1_130' title='bbox 960 1209 1107 1250; x_wconf 87' lang='lat' dir='ltr'>horum</span> <span class='ocrx_word' id='word_1_131' title='bbox 1137 1207 1263 1250; x_wconf 88' lang='lat' dir='ltr'>medii</span> <span class='ocrx_word' id='word_1_132' title='bbox 1296 1220 1388 1248; x_wconf 90' lang='lat' dir='ltr'>cum</span> <span class='ocrx_word' id='word_1_133' title='bbox 1419 1206 1535 1248; x_wconf 85' lang='lat' dir='ltr'>nulla</span> <span class='ocrx_word' id='word_1_134' title='bbox 1566 1206 1722 1248; x_wconf 90' lang='lat' dir='ltr'>mentio</span> <span class='ocrx_word' id='word_1_135' title='bbox 1753 1205 1832 1259; x_wconf 91' lang='lat' dir='ltr'>sit,</span> 
     </span>
     <span class='ocr_line' id='line_1_16' title="bbox 385 1273 1840 1332; baseline -0.005 -12"><span class='ocrx_word' id='word_1_136' title='bbox 385 1277 554 1321; x_wconf 85' lang='lat' dir='ltr'>videtur</span> <span class='ocrx_word' id='word_1_137' title='bbox 582 1276 683 1318; x_wconf 91' lang='lat' dir='ltr'>mihi</span> <span class='ocrx_word' id='word_1_138' title='bbox 712 1277 851 1332; x_wconf 88' lang='lat' dir='ltr'>potius</span> <span class='ocrx_word' id='word_1_139' title='bbox 883 1276 1128 1331; x_wconf 85' lang='lat' dir='ltr'>hypothesis</span> <span class='ocrx_word' id='word_1_140' title='bbox 1159 1287 1252 1317; x_wconf 91' lang='lat' dir='ltr'>esse</span> <span class='ocrx_word' id='word_1_141' title='bbox 1282 1274 1325 1315; x_wconf 89' lang='lat' dir='ltr'>in</span> <span class='ocrx_word' id='word_1_142' title='bbox 1356 1273 1447 1327; x_wconf 87' lang='lat' dir='ltr'>his,</span> <span class='ocrx_word' id='word_1_143' title='bbox 1478 1274 1722 1315; x_wconf 80' lang='lat' dir='ltr'>alterutrum</span> <span class='ocrx_word' id='word_1_144' title='bbox 1750 1274 1840 1314; x_wconf 79' lang='lat' dir='ltr'>m&#39;sz&#39;</span> 
     </span>
     <span class='ocr_line' id='line_1_17' title="bbox 385 1340 1834 1398; baseline -0.005 -11"><span class='ocrx_word' id='word_1_145' title='bbox 385 1346 570 1387; x_wconf 74' lang='lat' dir='ltr'>terminet</span> <span class='ocrx_word' id='word_1_146' title='bbox 599 1345 770 1386; x_wconf 74' lang='lat' dir='ltr'>alterum</span> <span class='ocrx_word' id='word_1_147' title='bbox 788 1377 799 1398; x_wconf 67' lang='lat'><em>7</em></span> <span class='ocrx_word' id='word_1_148' title='bbox 832 1344 910 1386; x_wconf 87' lang='lat' dir='ltr'>hoe</span> <span class='ocrx_word' id='word_1_149' title='bbox 941 1343 1093 1385; x_wconf 89' lang='lat' dir='ltr'>modo.</span> <span class='ocrx_word' id='word_1_150' title='bbox 1116 1342 1278 1396; x_wconf 79' lang='lat' dir='ltr'>‘corpus</span> <span class='ocrx_word' id='word_1_151' title='bbox 1309 1340 1423 1382; x_wconf 90' lang='lat' dir='ltr'>inani</span> <span class='ocrx_word' id='word_1_152' title='bbox 1453 1343 1493 1382; x_wconf 89' lang='lat' dir='ltr'>et</span> <span class='ocrx_word' id='word_1_153' title='bbox 1512 1340 1638 1381; x_wconf 87' lang='lat' dir='ltr'>inane</span> <span class='ocrx_word' id='word_1_154' title='bbox 1659 1351 1834 1393; x_wconf 87' lang='lat' dir='ltr'>corpore</span> 
     </span>
     <span class='ocr_line' id='line_1_18' title="bbox 383 1406 1832 1460; baseline -0.005 -7"><span class='ocrx_word' id='word_1_155' title='bbox 383 1411 543 1453; x_wconf 89' lang='lat' dir='ltr'>finitum</span> <span class='ocrx_word' id='word_1_156' title='bbox 563 1410 807 1452; x_wconf 88' lang='lat' dir='ltr'>infinitatem</span> <span class='ocrx_word' id='word_1_157' title='bbox 830 1410 958 1452; x_wconf 81' lang='lat' dir='ltr'>effic-it</span> <span class='ocrx_word' id='word_1_158' title='bbox 977 1425 985 1451; x_wconf 92' lang='lat'><strong>:</strong></span> <span class='ocrx_word' id='word_1_159' title='bbox 1009 1418 1080 1451; x_wconf 81' lang='lat' dir='ltr'>aut</span> <span class='ocrx_word' id='word_1_160' title='bbox 1098 1442 1107 1460; x_wconf 86' lang='lat'><strong>‚</strong></span> <span class='ocrx_word' id='word_1_161' title='bbox 1130 1410 1165 1452; x_wconf 86' lang='lat' dir='ltr'>si</span> <span class='ocrx_word' id='word_1_162' title='bbox 1186 1414 1338 1451; x_wconf 87' lang='lat' dir='ltr'>natura</span> <span class='ocrx_word' id='word_1_163' title='bbox 1356 1408 1435 1449; x_wconf 89' lang='lat' dir='ltr'>hac</span> <span class='ocrx_word' id='word_1_164' title='bbox 1454 1407 1549 1460; x_wconf 82' lang='lat' dir='ltr'>lege</span> <span class='ocrx_word' id='word_1_165' title='bbox 1570 1407 1629 1448; x_wconf 89' lang='lat' dir='ltr'>uti</span> <span class='ocrx_word' id='word_1_166' title='bbox 1651 1406 1832 1459; x_wconf 86' lang='lat' dir='ltr'>desinat,</span> 
     </span>
     <span class='ocr_line' id='line_1_19' title="bbox 385 1472 1834 1530; baseline -0.005 -10"><span class='ocrx_word' id='word_1_167' title='bbox 385 1480 505 1521; x_wconf 79' lang='lat' dir='ltr'>etiam</span> <span class='ocrx_word' id='word_1_168' title='bbox 526 1478 769 1520; x_wconf 76' lang='lat' dir='ltr'>alterutrum</span> <span class='ocrx_word' id='word_1_169' title='bbox 791 1493 928 1519; x_wconf 75' lang='lat' dir='ltr'>eorum</span> <span class='ocrx_word' id='word_1_170' title='bbox 942 1509 953 1530; x_wconf 85' lang='lat'>,</span> <span class='ocrx_word' id='word_1_171' title='bbox 975 1478 1064 1518; x_wconf 74' lang='lat' dir='ltr'>nisi</span> <span class='ocrx_word' id='word_1_172' title='bbox 1079 1477 1252 1518; x_wconf 79' lang='lat' dir='ltr'>alterum</span> <span class='ocrx_word' id='word_1_173' title='bbox 1275 1476 1458 1517; x_wconf 77' lang='lat' dir='ltr'>terminet</span> <span class='ocrx_word' id='word_1_174' title='bbox 1474 1475 1496 1527; x_wconf 88' lang='lat'>,’</span> <span class='ocrx_word' id='word_1_175' title='bbox 1519 1497 1572 1502; x_wconf 93' lang='lat'>—</span> <span class='ocrx_word' id='word_1_176' title='bbox 1593 1472 1695 1526; x_wconf 89' lang='lat' dir='ltr'>quid</span> <span class='ocrx_word' id='word_1_177' title='bbox 1715 1472 1797 1514; x_wconf 86' lang='lat' dir='ltr'>iam</span> <span class='ocrx_word' id='word_1_178' title='bbox 1813 1472 1834 1513; x_wconf 76' lang='lat'>⁶?</span> 
     </span>
     <span class='ocr_line' id='line_1_20' title="bbox 383 1538 1834 1599; baseline -0.004 -13"><span class='ocrx_word' id='word_1_179' title='bbox 383 1557 480 1586; x_wconf 89' lang='lat' dir='ltr'>nam</span> <span class='ocrx_word' id='word_1_180' title='bbox 511 1557 622 1586; x_wconf 87' lang='lat' dir='ltr'>nune</span> <span class='ocrx_word' id='word_1_181' title='bbox 651 1548 854 1598; x_wconf 84' lang='lat' dir='ltr'>apparet,</span> <span class='ocrx_word' id='word_1_182' title='bbox 887 1543 1062 1599; x_wconf 86' lang='lat' dir='ltr'>opinor,</span> <span class='ocrx_word' id='word_1_183' title='bbox 1095 1556 1178 1584; x_wconf 91' lang='lat' dir='ltr'>non</span> <span class='ocrx_word' id='word_1_184' title='bbox 1210 1542 1310 1584; x_wconf 88' lang='lat' dir='ltr'>alibi</span> <span class='ocrx_word' id='word_1_185' title='bbox 1342 1554 1466 1596; x_wconf 89' lang='lat' dir='ltr'>quam</span> <span class='ocrx_word' id='word_1_186' title='bbox 1488 1544 1582 1594; x_wconf 87' lang='lat' dir='ltr'>post</span> <span class='ocrx_word' id='word_1_187' title='bbox 1603 1555 1739 1582; x_wconf 83' lang='lat' dir='ltr'>eorum</span> <span class='ocrx_word' id='word_1_188' title='bbox 1761 1538 1834 1580; x_wconf 89' lang='lat' dir='ltr'>ali-</span> 
     </span>
     <span class='ocr_line' id='line_1_21' title="bbox 384 1605 1835 1666; baseline -0.006 -12"><span class='ocrx_word' id='word_1_189' title='bbox 384 1611 485 1666; x_wconf 90' lang='lat' dir='ltr'>quid</span> <span class='ocrx_word' id='word_1_190' title='bbox 517 1611 749 1654; x_wconf 82' lang='lat' dir='ltr'>excidisse:</span> <span class='ocrx_word' id='word_1_191' title='bbox 769 1624 995 1665; x_wconf 84' lang='lat' dir='ltr'>pergamus</span> <span class='ocrx_word' id='word_1_192' title='bbox 1018 1622 1117 1663; x_wconf 86' lang='lat' dir='ltr'>ergo</span> <span class='ocrx_word' id='word_1_193' title='bbox 1149 1609 1234 1664; x_wconf 85' lang='lat' dir='ltr'>sie,</span> <span class='ocrx_word' id='word_1_194' title='bbox 1266 1608 1404 1650; x_wconf 77' lang='lat' dir='ltr'>‘etiam</span> <span class='ocrx_word' id='word_1_195' title='bbox 1427 1608 1671 1649; x_wconf 85' lang='lat' dir='ltr'>alterutrum</span> <span class='ocrx_word' id='word_1_196' title='bbox 1701 1605 1835 1647; x_wconf 90' lang='lat' dir='ltr'>infini-</span> 
     </span>
     <span class='ocr_line' id='line_1_22' title="bbox 383 1672 1837 1734; baseline -0.006 -13"><span class='ocrx_word' id='word_1_197' title='bbox 383 1683 468 1721; x_wconf 87' lang='lat' dir='ltr'>tum</span> <span class='ocrx_word' id='word_1_198' title='bbox 492 1677 657 1734; x_wconf 82' lang='lat' dir='ltr'>[motum</span> <span class='ocrx_word' id='word_1_199' title='bbox 678 1688 800 1734; x_wconf 82' lang='lat' dir='ltr'>atque</span> <span class='ocrx_word' id='word_1_200' title='bbox 821 1679 1056 1719; x_wconf 75' lang='lat' dir='ltr'>universam</span> <span class='ocrx_word' id='word_1_201' title='bbox 1072 1685 1264 1718; x_wconf 67' lang='lat' dir='ltr'>naturam</span> <span class='ocrx_word' id='word_1_202' title='bbox 1287 1672 1490 1729; x_wconf 77' lang='lat' dir='ltr'>everteret]</span> <span class='ocrx_word' id='word_1_203' title='bbox 1503 1675 1524 1715; x_wconf 91' lang='lat'>.’</span> <span class='ocrx_word' id='word_1_204' title='bbox 1550 1673 1591 1715; x_wconf 85' lang='lat' dir='ltr'>id</span> <span class='ocrx_word' id='word_1_205' title='bbox 1608 1685 1692 1726; x_wconf 84' lang='lat' dir='ltr'>qua</span> <span class='ocrx_word' id='word_1_206' title='bbox 1708 1685 1837 1715; x_wconf 83' lang='lat' dir='ltr'>eausa</span> 
     </span>
     <span class='ocr_line' id='line_1_23' title="bbox 384 1740 1835 1798; baseline -0.005 -10"><span class='ocrx_word' id='word_1_207' title='bbox 384 1749 631 1789; x_wconf 88' lang='lat' dir='ltr'>eventurum</span> <span class='ocrx_word' id='word_1_208' title='bbox 662 1758 756 1788; x_wconf 85' lang='lat' dir='ltr'>esse</span> <span class='ocrx_word' id='word_1_209' title='bbox 786 1743 1053 1787; x_wconf 85' lang='lat' dir='ltr'>statuendum</span> <span class='ocrx_word' id='word_1_210' title='bbox 1085 1744 1162 1798; x_wconf 88' lang='lat' dir='ltr'>sit,</span> <span class='ocrx_word' id='word_1_211' title='bbox 1187 1742 1354 1796; x_wconf 86' lang='lat' dir='ltr'>Epicuri</span> <span class='ocrx_word' id='word_1_212' title='bbox 1376 1741 1516 1783; x_wconf 89' lang='lat' dir='ltr'>verbis</span> <span class='ocrx_word' id='word_1_213' title='bbox 1538 1740 1673 1782; x_wconf 84' lang='lat' dir='ltr'>dicam</span> <span class='ocrx_word' id='word_1_214' title='bbox 1694 1772 1703 1793; x_wconf 98' lang='lat'>,</span> <span class='ocrx_word' id='word_1_215' title='bbox 1727 1752 1835 1793; x_wconf 86' lang='lat' dir='ltr'>quae</span> 
     </span>
     <span class='ocr_line' id='line_1_24' title="bbox 385 1806 1835 1867; baseline -0.005 -13"><span class='ocrx_word' id='word_1_216' title='bbox 385 1812 466 1854; x_wconf 85' lang='lat' dir='ltr'>hue</span> <span class='ocrx_word' id='word_1_217' title='bbox 502 1812 712 1867; x_wconf 87' lang='lat' dir='ltr'>pertinere</span> <span class='ocrx_word' id='word_1_218' title='bbox 753 1812 1001 1866; x_wconf 80' lang='lat' dir='ltr'>interpretes</span> <span class='ocrx_word' id='word_1_219' title='bbox 1038 1814 1149 1853; x_wconf 87' lang='lat' dir='ltr'>reete</span> <span class='ocrx_word' id='word_1_220' title='bbox 1186 1809 1381 1852; x_wconf 86' lang='lat' dir='ltr'>viderunt</span> <span class='ocrx_word' id='word_1_221' title='bbox 1403 1840 1412 1860; x_wconf 89' lang='lat'>,</span> <span class='ocrx_word' id='word_1_222' title='bbox 1445 1819 1554 1862; x_wconf 88' lang='lat' dir='ltr'>quae</span> <span class='ocrx_word' id='word_1_223' title='bbox 1591 1810 1684 1848; x_wconf 91' lang='lat' dir='ltr'>sunt</span> <span class='ocrx_word' id='word_1_224' title='bbox 1721 1806 1835 1861; x_wconf 87' lang='lat' dir='ltr'>apud</span> 
     </span>
     <span class='ocr_line' id='line_1_25' title="bbox 385 1868 1835 1933; baseline -0.005 -12"><span class='ocrx_word' id='word_1_225' title='bbox 385 1880 601 1922; x_wconf 67' lang='lat' dir='ltr'>Laertium</span> <span class='ocrx_word' id='word_1_226' title='bbox 625 1880 857 1933; x_wconf 85' lang='lat' dir='ltr'>Diogenem</span> <span class='ocrx_word' id='word_1_227' title='bbox 875 1895 900 1921; x_wconf 81' lang='lat' dir='ltr'><strong>x</strong></span> <span class='ocrx_word' id='word_1_228' title='bbox 919 1911 928 1933; x_wconf 93' lang='lat'>,</span> <span class='ocrx_word' id='word_1_229' title='bbox 950 1879 1005 1921; x_wconf 76' lang='lat'>42</span> <span class='ocrx_word' id='word_1_230' title='bbox 1024 1911 1031 1919; x_wconf 93' lang='lat'>.</span> <span class='ocrx_word' id='word_1_231' title='bbox 1056 1875 1143 1920; x_wconf 73' lang='grc' dir='ltr'>εἴτε</span> <span class='ocrx_word' id='word_1_232' title='bbox 1164 1875 1243 1932; x_wconf 75' lang='grc' dir='ltr'>γὰρ</span> <span class='ocrx_word' id='word_1_233' title='bbox 1265 1869 1316 1931; x_wconf 84' lang='grc' dir='ltr'>ἦν</span> <span class='ocrx_word' id='word_1_234' title='bbox 1334 1874 1384 1917; x_wconf 82' lang='grc' dir='ltr'>τὸ</span> <span class='ocrx_word' id='word_1_235' title='bbox 1406 1873 1528 1916; x_wconf 81' lang='grc' dir='ltr'><strong><em>κενὸν</em></strong></span> <span class='ocrx_word' id='word_1_236' title='bbox 1549 1868 1732 1928; x_wconf 67' lang='grc' dir='ltr'><strong><em>ἄπειρον</em></strong></span> <span class='ocrx_word' id='word_1_237' title='bbox 1749 1906 1759 1923; x_wconf 86' lang='grc'>,</span> <span class='ocrx_word' id='word_1_238' title='bbox 1781 1871 1835 1914; x_wconf 83' lang='grc' dir='ltr'>τὰ</span> 
     </span>
     <span class='ocr_line' id='line_1_26' title="bbox 384 1937 1835 2001; baseline -0.006 -11"><span class='ocrx_word' id='word_1_239' title='bbox 384 1946 434 1990; x_wconf 77' lang='grc' dir='ltr'>δὲ</span> <span class='ocrx_word' id='word_1_240' title='bbox 448 1943 631 2000; x_wconf 82' lang='grc' dir='ltr'><strong><em>σώματα</em></strong></span> <span class='ocrx_word' id='word_1_241' title='bbox 642 1942 876 2001; x_wconf 80' lang='grc' dir='ltr'><strong><em>ὡρισμένα,</em></strong></span> <span class='ocrx_word' id='word_1_242' title='bbox 893 1942 1094 1998; x_wconf 77' lang='grc' dir='ltr'><strong><em>οὐδαμοῦ</em></strong></span> <span class='ocrx_word' id='word_1_243' title='bbox 1104 1941 1155 1987; x_wconf 73' lang='grc' dir='ltr'>ἂν</span> <span class='ocrx_word' id='word_1_244' title='bbox 1167 1942 1287 1997; x_wconf 82' lang='grc' dir='ltr'><strong><em>ἔμενε</em></strong></span> <span class='ocrx_word' id='word_1_245' title='bbox 1297 1942 1350 1985; x_wconf 79' lang='grc' dir='ltr'>τὰ</span> <span class='ocrx_word' id='word_1_246' title='bbox 1361 1938 1552 1995; x_wconf 81' lang='grc' dir='ltr'><strong><em>σώματα,</em></strong></span> <span class='ocrx_word' id='word_1_247' title='bbox 1572 1937 1659 1983; x_wconf 70' lang='grc' dir='ltr'>ἀλλ’</span> <span class='ocrx_word' id='word_1_248' title='bbox 1683 1939 1835 1996; x_wconf 81' lang='grc' dir='ltr'><strong><em>ἐφέρε-</em></strong></span> 
     </span>
     <span class='ocr_line' id='line_1_27' title="bbox 384 2003 1835 2070; baseline -0.006 -13"><span class='ocrx_word' id='word_1_249' title='bbox 384 2030 434 2057; x_wconf 85' lang='grc' dir='ltr'>το</span> <span class='ocrx_word' id='word_1_250' title='bbox 451 2013 562 2057; x_wconf 78' lang='grc' dir='ltr'><strong><em>κατὰ</em></strong></span> <span class='ocrx_word' id='word_1_251' title='bbox 578 2013 628 2057; x_wconf 84' lang='grc' dir='ltr'>τὸ</span> <span class='ocrx_word' id='word_1_252' title='bbox 647 2008 831 2070; x_wconf 68' lang='grc' dir='ltr'><strong><em>ἄπειρον</em></strong></span> <span class='ocrx_word' id='word_1_253' title='bbox 847 2013 970 2057; x_wconf 83' lang='grc' dir='ltr'><strong><em>κενὸν</em></strong></span> <span class='ocrx_word' id='word_1_254' title='bbox 987 2011 1297 2068; x_wconf 81' lang='grc' dir='ltr'><strong><em>διεσπαρμένα,</em></strong></span> <span class='ocrx_word' id='word_1_255' title='bbox 1323 2006 1397 2052; x_wconf 81' lang='grc' dir='ltr'>οὐκ</span> <span class='ocrx_word' id='word_1_256' title='bbox 1423 2006 1573 2061; x_wconf 73' lang='grc' dir='ltr'><strong><em>ἔχοντα</em></strong></span> <span class='ocrx_word' id='word_1_257' title='bbox 1588 2006 1641 2050; x_wconf 79' lang='grc' dir='ltr'>τὰ</span> <span class='ocrx_word' id='word_1_258' title='bbox 1658 2003 1835 2062; x_wconf 77' lang='grc' dir='ltr'><em>ὑπερεί-</em></span> 
     </span>
     <span class='ocr_line' id='line_1_28' title="bbox 385 2069 1834 2131; baseline -0.005 -7"><span class='ocrx_word' id='word_1_259' title='bbox 385 2083 518 2125; x_wconf 80' lang='grc' dir='ltr'><strong><em>δοντα</em></strong></span> <span class='ocrx_word' id='word_1_260' title='bbox 529 2081 601 2124; x_wconf 78' lang='grc' dir='ltr'>καὶ</span> <span class='ocrx_word' id='word_1_261' title='bbox 612 2081 846 2124; x_wconf 81' lang='grc' dir='ltr'><strong><em>στέλλοντα</em></strong></span> <span class='ocrx_word' id='word_1_262' title='bbox 858 2080 967 2123; x_wconf 83' lang='grc' dir='ltr'><strong><em>κατὰ</em></strong></span> <span class='ocrx_word' id='word_1_263' title='bbox 979 2080 1056 2131; x_wconf 80' lang='grc' dir='ltr'>τὰς</span> <span class='ocrx_word' id='word_1_264' title='bbox 1066 2075 1317 2128; x_wconf 79' lang='grc' dir='ltr'><strong><em>ἀντικοπάς·</em></strong></span> <span class='ocrx_word' id='word_1_265' title='bbox 1337 2074 1482 2120; x_wconf 76' lang='grc' dir='ltr'><em>εἷ’τετό</em></span> <span class='ocrx_word' id='word_1_266' title='bbox 1500 2075 1622 2118; x_wconf 82' lang='grc' dir='ltr'><strong><em>κενὸν</em></strong></span> <span class='ocrx_word' id='word_1_267' title='bbox 1638 2069 1688 2129; x_wconf 82' lang='grc' dir='ltr'>ἦν</span> <span class='ocrx_word' id='word_1_268' title='bbox 1705 2070 1834 2131; x_wconf 79' lang='grc' dir='ltr'><strong><em>ὡρισ-</em></strong></span> 
     </span>
     <span class='ocr_line' id='line_1_29' title="bbox 382 2142 1835 2205; baseline -0.008 -12"><span class='ocrx_word' id='word_1_269' title='bbox 382 2148 526 2204; x_wconf 84' lang='grc' dir='ltr'><strong><em>μένον,</em></strong></span> <span class='ocrx_word' id='word_1_270' title='bbox 550 2145 628 2192; x_wconf 63' lang='lat' dir='ltr'>otu</span> <span class='ocrx_word' id='word_1_271' title='bbox 650 2145 702 2191; x_wconf 72' lang='grc' dir='ltr'>ἂν</span> <span class='ocrx_word' id='word_1_272' title='bbox 723 2143 808 2202; x_wconf 80' lang='grc' dir='ltr'><em>εἶχε</em></span> <span class='ocrx_word' id='word_1_273' title='bbox 827 2149 881 2191; x_wconf 81' lang='grc' dir='ltr'>τὰ</span> <span class='ocrx_word' id='word_1_274' title='bbox 899 2144 1062 2205; x_wconf 73' lang='grc' dir='ltr'><strong><em>ἄπειρα</em></strong></span> <span class='ocrx_word' id='word_1_275' title='bbox 1079 2144 1260 2200; x_wconf 81' lang='grc' dir='ltr'><strong><em>σώματα</em></strong></span> <span class='ocrx_word' id='word_1_276' title='bbox 1278 2143 1391 2188; x_wconf 83' lang='grc' dir='ltr'>ὅπου</span> <span class='ocrx_word' id='word_1_277' title='bbox 1408 2143 1571 2198; x_wconf 80' lang='grc' dir='ltr'><strong><em>ἐνέστη.</em></strong></span> <span class='ocrx_word' id='word_1_278' title='bbox 1593 2142 1668 2184; x_wconf 81' lang='lat' dir='ltr'>sed</span> <span class='ocrx_word' id='word_1_279' title='bbox 1685 2143 1835 2183; x_wconf 84' lang='lat' dir='ltr'>Lucre-</span> 
     </span>
     <span class='ocr_line' id='line_1_30' title="bbox 382 2209 1836 2272; baseline -0.007 -13"><span class='ocrx_word' id='word_1_280' title='bbox 382 2219 478 2272; x_wconf 83' lang='lat' dir='ltr'>tius,</span> <span class='ocrx_word' id='word_1_281' title='bbox 497 2216 611 2271; x_wconf 92' lang='lat' dir='ltr'>quod</span> <span class='ocrx_word' id='word_1_282' title='bbox 623 2216 861 2259; x_wconf 83' lang='lat' dir='ltr'>Madvicum</span> <span class='ocrx_word' id='word_1_283' title='bbox 877 2229 960 2258; x_wconf 90' lang='lat' dir='ltr'>non</span> <span class='ocrx_word' id='word_1_284' title='bbox 979 2215 1181 2257; x_wconf 85' lang='lat' dir='ltr'>fefellisse</span> <span class='ocrx_word' id='word_1_285' title='bbox 1199 2218 1387 2267; x_wconf 86' lang='lat' dir='ltr'>apparet,</span> <span class='ocrx_word' id='word_1_286' title='bbox 1407 2213 1553 2254; x_wconf 89' lang='lat' dir='ltr'>horum</span> <span class='ocrx_word' id='word_1_287' title='bbox 1570 2210 1759 2251; x_wconf 90' lang='lat' dir='ltr'>ordinem</span> <span class='ocrx_word' id='word_1_288' title='bbox 1775 2209 1836 2250; x_wconf 88' lang='lat' dir='ltr'>in-</span> 
     </span>
     <span class='ocr_line' id='line_1_31' title="bbox 383 2276 1834 2339; baseline -0.008 -12"><span class='ocrx_word' id='word_1_289' title='bbox 383 2285 516 2339; x_wconf 81' lang='lat' dir='ltr'>vertit,</span> <span class='ocrx_word' id='word_1_290' title='bbox 526 2284 605 2326; x_wconf 87' lang='lat' dir='ltr'>hoc</span> <span class='ocrx_word' id='word_1_291' title='bbox 614 2283 751 2325; x_wconf 75' lang='lat' dir='ltr'>modo·</span> <span class='ocrx_word' id='word_1_292' title='bbox 764 2282 892 2338; x_wconf 61' lang='lat' dir='ltr'>Tuam</span> <span class='ocrx_word' id='word_1_293' title='bbox 904 2284 1073 2324; x_wconf 61' lang='lat' dir='ltr'>stiuam</span> <span class='ocrx_word' id='word_1_294' title='bbox 1081 2282 1244 2334; x_wconf 75' lang='lat' dir='ltr'>finitum</span> <span class='ocrx_word' id='word_1_295' title='bbox 1257 2282 1321 2334; x_wconf 79' lang='lat' dir='ltr'>sit,</span> <span class='ocrx_word' id='word_1_296' title='bbox 1339 2279 1578 2335; x_wconf 73' lang='lat' dir='ltr'>corporibus</span> <span class='ocrx_word' id='word_1_297' title='bbox 1593 2276 1765 2332; x_wconf 72' lang='lat' dir='ltr'>infinitis</span> <span class='ocrx_word' id='word_1_298' title='bbox 1779 2276 1834 2316; x_wconf 84' lang='lat' dir='ltr'>Zo-</span> 
     </span>
     <span class='ocr_line' id='line_1_32' title="bbox 381 2344 1831 2407; baseline -0.008 -13"><span class='ocrx_word' id='word_1_299' title='bbox 381 2368 472 2394; x_wconf 59' lang='grc' dir='ltr'>ωιτη</span> <span class='ocrx_word' id='word_1_300' title='bbox 483 2367 564 2394; x_wconf 74' lang='lat' dir='ltr'>non</span> <span class='ocrx_word' id='word_1_301' title='bbox 567 2351 805 2407; x_wconf 75' lang='lat' dir='ltr'>praeberet:</span> <span class='ocrx_word' id='word_1_302' title='bbox 821 2359 893 2392; x_wconf 83' lang='lat' dir='ltr'>aut</span> <span class='ocrx_word' id='word_1_303' title='bbox 905 2351 946 2391; x_wconf 80' lang='lat' dir='ltr'>si</span> <span class='ocrx_word' id='word_1_304' title='bbox 950 2364 1124 2404; x_wconf 77' lang='lat' dir='ltr'>corpora</span> <span class='ocrx_word' id='word_1_305' title='bbox 1135 2363 1303 2390; x_wconf 75' lang='lat' dir='ltr'>numero</span> <span class='ocrx_word' id='word_1_306' title='bbox 1306 2347 1436 2402; x_wconf 74' lang='lat' dir='ltr'>finita</span> <span class='ocrx_word' id='word_1_307' title='bbox 1443 2347 1536 2398; x_wconf 74' lang='lat' dir='ltr'>sint,</span> <span class='ocrx_word' id='word_1_308' title='bbox 1552 2344 1676 2385; x_wconf 73' lang='lat' dir='ltr'>inane</span> <span class='ocrx_word' id='word_1_309' title='bbox 1685 2344 1831 2392; x_wconf 83' lang='lat' dir='ltr'>autem]</span> 
     </span>
     <span class='ocr_line' id='line_1_33' title="bbox 379 2409 1834 2475; baseline -0.009 -13"><span class='ocrx_word' id='word_1_310' title='bbox 379 2419 576 2475; x_wconf 78' lang='lat' dir='ltr'>Simplice</span> <span class='ocrx_word' id='word_1_311' title='bbox 585 2427 736 2459; x_wconf 73' lang='lat' dir='ltr'>natura</span> <span class='ocrx_word' id='word_1_312' title='bbox 739 2426 883 2473; x_wconf 78' lang='lat' dir='ltr'>pateat</span> <span class='ocrx_word' id='word_1_313' title='bbox 892 2426 1026 2458; x_wconf 73' lang='lat' dir='ltr'>tamen</span> <span class='ocrx_word' id='word_1_314' title='bbox 1033 2415 1342 2467; x_wconf 71' lang='lat' dir='ltr'>inmoderatum,</span> <span class='ocrx_word' id='word_1_315' title='bbox 1353 2413 1399 2454; x_wconf 91' lang='lat' dir='ltr'><em>N</em></span> <span class='ocrx_word' id='word_1_316' title='bbox 1397 2427 1437 2454; x_wconf 84' lang='lat' dir='ltr'>ec</span> <span class='ocrx_word' id='word_1_317' title='bbox 1445 2426 1557 2452; x_wconf 76' lang='lat' dir='ltr'>mare</span> <span class='ocrx_word' id='word_1_318' title='bbox 1564 2426 1635 2452; x_wconf 77' lang='lat' dir='ltr'>nec</span> <span class='ocrx_word' id='word_1_319' title='bbox 1643 2409 1762 2451; x_wconf 82' lang='lat' dir='ltr'>tellus</span> <span class='ocrx_word' id='word_1_320' title='bbox 1769 2424 1834 2450; x_wconf 75' lang='lat' dir='ltr'>ne-</span> 
     </span>
     <span class='ocr_line' id='line_1_34' title="bbox 380 2476 1834 2542; baseline -0.009 -14"><span class='ocrx_word' id='word_1_321' title='bbox 380 2486 574 2542; x_wconf 78' lang='lat' dir='ltr'>quecaeli</span> <span class='ocrx_word' id='word_1_322' title='bbox 586 2485 728 2527; x_wconf 75' lang='lat' dir='ltr'>lucida</span> <span class='ocrx_word' id='word_1_323' title='bbox 741 2485 892 2539; x_wconf 77' lang='lat' dir='ltr'>templa</span> <span class='ocrx_word' id='word_1_324' title='bbox 905 2509 951 2513; x_wconf 93' lang='lat'>—</span> <span class='ocrx_word' id='word_1_325' title='bbox 966 2484 1178 2538; x_wconf 68' lang='lat' dir='ltr'>Eaezjquum</span> <span class='ocrx_word' id='word_1_326' title='bbox 1185 2489 1353 2538; x_wconf 74' lang='lat' dir='ltr'>possent</span> <span class='ocrx_word' id='word_1_327' title='bbox 1366 2479 1488 2521; x_wconf 75' lang='lat' dir='ltr'><em>horai</em></span> <span class='ocrx_word' id='word_1_328' title='bbox 1502 2478 1644 2518; x_wconf 77' lang='lat' dir='ltr'>sistere</span> <span class='ocrx_word' id='word_1_329' title='bbox 1654 2476 1834 2531; x_wconf 60' lang='lat' dir='ltr'>tempus)</span> 
     </span>
    </p>

    <p class='ocr_par' dir='ltr' id='par_1_3' title="bbox 377 2543 1835 2663">
     <span class='ocr_line' id='line_1_35' title="bbox 493 2543 1835 2598; baseline -0.009 -3"><span class='ocrx_word' id='word_1_330' title='bbox 493 2552 613 2595; x_wconf 83' lang='lat'>1017.</span> <span class='ocrx_word' id='word_1_331' title='bbox 643 2566 705 2592; x_wconf 80' lang='lat' dir='ltr'>DE</span> <span class='ocrx_word' id='word_1_332' title='bbox 737 2565 933 2592; x_wconf 74' lang='lat' dir='ltr'>COETUM</span> <span class='ocrx_word' id='word_1_333' title='bbox 963 2563 1184 2590; x_wconf 79' lang='lat' dir='ltr'><strong>MATERIA</strong></span> <span class='ocrx_word' id='word_1_334' title='bbox 1203 2581 1211 2590; x_wconf 90' lang='lat'><strong>.</strong></span> <span class='ocrx_word' id='word_1_335' title='bbox 1235 2548 1452 2590; x_wconf 84' lang='lat' dir='ltr'>Corrector</span> <span class='ocrx_word' id='word_1_336' title='bbox 1474 2543 1667 2598; x_wconf 81' lang='lat' dir='ltr'>quadrati</span> <span class='ocrx_word' id='word_1_337' title='bbox 1700 2547 1741 2585; x_wconf 86' lang='lat' dir='ltr'>et</span> <span class='ocrx_word' id='word_1_338' title='bbox 1773 2554 1835 2584; x_wconf 89' lang='lat' dir='ltr'>ce·</span> 
     </span>
     <span class='ocr_line' id='line_1_36' title="bbox 377 2619 1025 2663; baseline -0.009 0"><span class='ocrx_word' id='word_1_339' title='bbox 377 2620 454 2663; x_wconf 83' lang='lat' dir='ltr'>teri</span> <span class='ocrx_word' id='word_1_340' title='bbox 485 2619 536 2662; x_wconf 80' lang='lat' dir='ltr'>de</span> <span class='ocrx_word' id='word_1_341' title='bbox 565 2632 726 2660; x_wconf 72' lang='lat' dir='ltr'>comt]</span> <span class='ocrx_word' id='word_1_342' title='bbox 756 2631 1025 2659; x_wconf 81' lang='lat' dir='ltr'>MATERIAI.</span> 
     </span>
    </p>

    <p class='ocr_par' dir='ltr' id='par_1_4' title="bbox 375 2677 1832 2808">
     <span class='ocr_line' id='line_1_37' title="bbox 491 2677 1832 2734; baseline -0.008 -6"><span class='ocrx_word' id='word_1_343' title='bbox 491 2688 612 2730; x_wconf 86' lang='lat'>1019.</span> <span class='ocrx_word' id='word_1_344' title='bbox 644 2699 900 2727; x_wconf 62' lang='lat' dir='ltr'>concinam</span> <span class='ocrx_word' id='word_1_345' title='bbox 939 2696 1187 2725; x_wconf 67' lang='lat' dir='ltr'>onmssm</span> <span class='ocrx_word' id='word_1_346' title='bbox 1207 2713 1214 2722; x_wconf 95' lang='lat'>.</span> <span class='ocrx_word' id='word_1_347' title='bbox 1245 2677 1536 2734; x_wconf 85' lang='lat' dir='ltr'>Antiquissimi</span> <span class='ocrx_word' id='word_1_348' title='bbox 1575 2679 1832 2719; x_wconf 83' lang='lat' dir='ltr'>correctores</span> 
     </span>
     <span class='ocr_line' id='line_1_38' title="bbox 375 2753 1187 2808; baseline -0.007 -13"><span class='ocrx_word' id='word_1_349' title='bbox 375 2753 596 2807; x_wconf 85' lang='lat' dir='ltr'>utriusque</span> <span class='ocrx_word' id='word_1_350' title='bbox 627 2753 879 2808; x_wconf 84' lang='lat' dir='ltr'>exemplaris</span> <span class='ocrx_word' id='word_1_351' title='bbox 912 2764 1187 2793; x_wconf 68' lang='lat' dir='ltr'>cnmssm.</span> 
     </span>
    </p>

    <p class='ocr_par' dir='ltr' id='par_1_5' title="bbox 371 2819 1835 2996">
     <span class='ocr_line' id='line_1_39' title="bbox 488 2819 1832 2866; baseline -0.008 -5"><span class='ocrx_word' id='word_1_352' title='bbox 488 2820 607 2862; x_wconf 79' lang='lat'>1023.</span> <span class='ocrx_word' id='word_1_353' title='bbox 639 2821 743 2862; x_wconf 71' lang='lat' dir='ltr'>Nnc</span> <span class='ocrx_word' id='word_1_354' title='bbox 766 2834 889 2866; x_wconf 80' lang='lat' dir='ltr'>Quos</span> <span class='ocrx_word' id='word_1_355' title='bbox 910 2831 1145 2865; x_wconf 72' lang='lat' dir='ltr'><strong>QUAEQUE</strong></span> <span class='ocrx_word' id='word_1_356' title='bbox 1167 2819 1344 2856; x_wconf 72' lang='lat' dir='ltr'>SAGACI</span> <span class='ocrx_word' id='word_1_357' title='bbox 1362 2826 1522 2854; x_wconf 68' lang='lat' dir='ltr'>MENTE</span> <span class='ocrx_word' id='word_1_358' title='bbox 1542 2823 1802 2853; x_wconf 72' lang='lat' dir='ltr'>nocARUNr</span> <span class='ocrx_word' id='word_1_359' title='bbox 1823 2840 1832 2850; x_wconf 95' lang='lat'><strong><em>.</em></strong></span> 
     </span>
     <span class='ocr_line' id='line_1_40' title="bbox 371 2886 1835 2942; baseline -0.01 -11"><span class='ocrx_word' id='word_1_360' title='bbox 371 2886 575 2930; x_wconf 88' lang='lat' dir='ltr'>Marullus</span> <span class='ocrx_word' id='word_1_361' title='bbox 606 2900 658 2928; x_wconf 85' lang='lat' dir='ltr'>ex</span> <span class='ocrx_word' id='word_1_362' title='bbox 689 2901 726 2941; x_wconf 88' lang='lat' dir='ltr'>v,</span> <span class='ocrx_word' id='word_1_363' title='bbox 747 2887 831 2929; x_wconf 84' lang='lat'>423</span> <span class='ocrx_word' id='word_1_364' title='bbox 861 2887 947 2929; x_wconf 78' lang='lat' dir='ltr'>Neo</span> <span class='ocrx_word' id='word_1_365' title='bbox 978 2901 1078 2942; x_wconf 82' lang='lat' dir='ltr'>quos</span> <span class='ocrx_word' id='word_1_366' title='bbox 1108 2899 1292 2940; x_wconf 78' lang='lat' dir='ltr'>quaeque</span> <span class='ocrx_word' id='word_1_367' title='bbox 1328 2893 1519 2922; x_wconf 73' lang='lat' dir='ltr'>DARENT</span> <span class='ocrx_word' id='word_1_368' title='bbox 1555 2891 1712 2920; x_wconf 74' lang='lat' dir='ltr'>Morus</span> <span class='ocrx_word' id='word_1_369' title='bbox 1746 2891 1835 2917; x_wconf 74' lang='lat' dir='ltr'>PE-</span> 
     </span>
     <span class='ocr_line' id='line_1_41' title="bbox 374 2967 864 2996; baseline -0.002 0"><span class='ocrx_word' id='word_1_370' title='bbox 374 2968 551 2996; x_wconf 71' lang='lat' dir='ltr'>messnn:</span> <span class='ocrx_word' id='word_1_371' title='bbox 583 2967 838 2995; x_wconf 78' lang='lat' dir='ltr'>PROFECTO</span> <span class='ocrx_word' id='word_1_372' title='bbox 855 2986 864 2995; x_wconf 88' lang='lat'>.</span> 
     </span>
    </p>
   </div>
  </div>
 </body>
</html>
