2040 3328
437 223 492 264 42
1152 226 1171 266 I

438 335 692 390 adscriptam
724 335 885 376 fuisse.
919 349 1053 388 neque
1085 348 1187 376 sane
1217 337 1354 390 aptius
1383 338 1443 379 rei
1475 337 1695 396 quicquam
1726 340 1881 392 requiri

437 407 599 457 potest,
635 415 759 455 quam
790 402 900 454 quod
923 402 1108 442 admisso
1131 418 1179 442 ae
1199 415 1275 456 pro
1298 402 1356 443 ad
1374 416 1424 444 ex
1446 404 1552 445 libro
1574 419 1642 458 v1,
1664 405 1744 447 229
1766 405 1879 448 facili

437 469 606 521 negotio
629 468 813 521 efficias,
841 485 918 522 per
940 477 1081 522 saepta
1103 468 1312 509 domorum
1335 469 1498 510 Clamor
1517 485 1563 510 1¹1*
1584 485 1646 511 Ac
1666 487 1780 514 voces
1795 505 1806 525 ‚
1838 477 1883 514 ut

437 537 479 576 in
496 550 558 588 Vl,
577 535 655 576 951
679 535 868 589 Denique
885 550 963 588 per
985 534 1167 588 dissepta
1189 534 1398 576 domorum
1418 552 1546 577 saaeea
1565 553 1679 579 voces
1700 539 1883 580 Perveli-

437 611 534 654 cauc,
553 602 594 642 in
612 616 639 654 1,
652 601 733 642 355
750 602 863 642 Inter
877 609 1018 655 saepta
1030 609 1165 641 meant
1177 617 1289 642 voces
1302 610 1338 642 et
1348 602 1491 643 clausa
1505 602 1716 645 domorum
1731 605 1881 648 Trans-

436 668 629 709 volitant.
656 671 800 708 contra
816 667 918 708 nihil
936 667 1160 708 absurdius
1179 672 1240 708 est
1256 668 1330 708 illa
1347 669 1679 723 comparatione,
1702 683 1785 723 qua
1786 673 1881 728 ful-

435 750 526 775 men
556 735 753 789 caeliper
773 742 915 788 saepta
948 733 1159 774 domorum
1189 735 1367 776 transire
1398 734 1550 775 dicitur
1570 735 1734 778 Clamor
1764 746 1806 779 ut
1834 754 1883 779 ac

438 816 551 842 voces
578 801 658 853 (sic
685 813 777 841 cum
799 801 981 841 Avantio
1011 800 1221 854 plerique)
1240 805 1341 854 aut,
1370 801 1481 854 quod
1502 801 1680 843 Marullo
1700 804 1883 858 placuit,

440 867 606 908 Clamor
626 876 670 908 ut
690 869 722 908 it
742 869 869 919 vocis,
893 867 1138 920 praesertim
1160 879 1252 907 cum
1274 867 1449 921 fulmen,
1472 874 1517 910 ut
1536 882 1635 922 VOX,
1658 869 1884 913 incolumes
1936 895 1940 900 ·

437 934 583 975 domos
613 947 698 975 non
730 933 853 974 facile
883 937 1096 974 transeat.
1128 938 1350 987 praeterea
1378 935 1608 976 notandum
1640 923 1714 977 est*
1732 937 1883 978 Lucre·

439 1001 539 1040 tium
557 1001 665 1042 caeli
676 1000 819 1040 nubila
836 1004 876 1040 et
892 1000 1002 1040 caeli
1012 1001 1133 1054 saejqua
1153 999 1333 1053 dixisse,
1363 1000 1458 1041 item
1472 1002 1597 1055 faces
1613 1003 1737 1055 caeli,
1760 1003 1882 1045 caeli—

439 1080 522 1119 que
543 1067 666 1108 solem
682 1099 692 1119 ,
710 1066 880 1120 fulmen
902 1070 1039 1107 autem
1062 1067 1171 1107 caeli
1187 1079 1411 1119 numquam
1433 1067 1591 1108 dixisse
1610 1082 1618 1108 :
1647 1081 1744 1108 nam
1764 1069 1808 1110 in
1829 1083 1882 1122 v,

441 1133 548 1173 1244
578 1134 705 1174 multo
736 1133 887 1173 rectius
919 1137 981 1173 est
1010 1132 1123 1185 quod
1152 1132 1357 1184 oblongus
1388 1133 1538 1187 habet,
1570 1135 1682 1176 caelo
1698 1135 1885 1190 fulmine

423 1200 558 1257 smisso
577 1231 584 1239 .
602 1200 705 1240 satis
728 1199 855 1251 igitur
877 1203 1066 1252 apertum
1089 1203 1151 1240 cst
1172 1203 1338 1253 poetam
1354 1201 1571 1254 scripsisse
1590 1202 1759 1243 Transit
1778 1203 1885 1244 euim

422 1266 592 1320 fulmen
624 1280 817 1306 CAELUM
839 1297 848 1307 .

544 1332 640 1375 491.
674 1334 1062 1378 DISSJLIUNTQUE
1092 1347 1212 1373 Fauo
1243 1347 1482 1373 PERVENTI
1514 1347 1636 1374 sAXA
1666 1347 1882 1375 VAPORE.

435 1399 635 1441 Marullus
667 1414 933 1440 FERVENTIA
951 1431 960 1440 .

544 1466 638 1507 492.
672 1466 774 1508 CUM
802 1480 1178 1508 LABEFACTATUS
1202 1499 1211 1508 .
1235 1467 1329 1508 Itali
1358 1471 1399 1508 et
1419 1467 1517 1508 olim
1539 1467 1730 1521 impressi
1751 1470 1858 1509 TUM
1875 1499 1884 1508 .

435 1546 520 1574 non
551 1538 662 1574 recte
686 1534 886 1574 Marullus
919 1534 1051 1583 Quin:
1081 1533 1178 1574 vide
1209 1547 1316 1587 quae
1346 1534 1482 1575 scribo
1514 1534 1568 1575 ad
1590 1547 1757 1575 versum
1776 1534 1884 1577 588.

545 1599 639 1640 500.
672 1614 892 1640 CORPORE
922 1614 1134 1640 cousrm*
1152 1635 1161 1643 .
1181 1601 1385 1651 Quadrati
1409 1605 1615 1642 corrector
1635 1604 1676 1642 et
1696 1601 1887 1655 impressi

435 1680 456 1705 C
470 1679 494 1705 O
507 1680 530 1705 N
541 1680 559 1705 S
571 1681 592 1705 T
603 1681 626 1705 E
636 1681 659 1705 N
669 1681 691 1706 T
709 1698 717 1705 .

545 1734 640 1774 517.
686 1746 815 1778 QUOD
858 1747 1004 1774 INANE
1042 1748 1200 1779 QUEAT
1237 1749 1402 1775 RERUM
1439 1748 1689 1774 conxssERE
1713 1765 1722 1775 .
1758 1735 1886 1776 Recte

435 1801 730 1854 interpretatur
752 1800 976 1842 Creechius
995 1834 1003 1854 ,
1027 1801 1087 1842 ‘id
1109 1802 1234 1843 inane
1257 1802 1368 1854 quod
1391 1802 1431 1842 in
1455 1801 1576 1842 rebus
1598 1801 1752 1854 genitis
1773 1801 1846 1842 est'
1875 1833 1884 1841 .

433 1867 510 1908 sed
541 1867 583 1908 id
615 1867 746 1919 siquis
777 1868 899 1908 inane
929 1884 1067 1908 ‘rerum
1099 1867 1278 1920 dixerit,
1310 1881 1459 1909 vereor
1480 1880 1531 1908 ne
1552 1868 1692 1922 potius
1712 1883 1886 1908 vacuum

434 1951 460 1974 a
488 1934 608 1975 rebus
639 1946 763 1986 quam
795 1934 838 1974 id
870 1934 983 1986 quod
1014 1934 1196 1975 voluerit
1217 1934 1374 1976 dixisse
1394 1934 1591 1976 videatur
1612 1964 1621 1974 .
1643 1946 1773 1987 quare
1802 1946 1886 1975 non

434 2000 577 2042 dubito
609 2000 710 2053 quin
732 2004 858 2054 poe‘ta
878 2000 1091 2054 scripserit
1115 2000 1226 2055 quod
1244 2002 1366 2042 imme
1387 2015 1431 2041 IN
1462 2000 1601 2041 Ressu’
1632 2014 1795 2046 QUEAT
1824 2016 1885 2042 co-

434 2067 569 2108 hibere
586 2099 596 2116 ‚
627 2066 671 2107 id
703 2071 867 2120 autem,
900 2072 944 2107 ut
974 2067 1083 2119 alia,
1116 2068 1361 2109 inmutatum
1394 2068 1519 2109 fuerit
1546 2067 1671 2109 abiis
1692 2067 1762 2120 qui
1783 2083 1804 2108 s
1824 2067 1886 2108 lit-

433 2136 564 2173 teram
583 2132 680 2173 elidi
699 2146 782 2173 non
802 2133 958 2174 ferrent
975 2166 983 2174 .
1005 2134 1145 2187 inepte
1163 2133 1364 2176 Marullus
1381 2136 1504 2176 inane
1521 2143 1664 2176 tectum
1679 2134 1862 2175 cohibere
1871 2149 1886 2186 ,-

435 2199 546 2253 quod
577 2199 729 2253 probat
750 2199 1039 2241 Wakefieldus
1062 2213 1154 2241 cum
1176 2200 1515 2242 adsentatoribus
1546 2200 1637 2242 istis
1668 2201 1740 2254 qui
1771 2213 1886 2241 num-

433 2279 558 2319 quam
588 2280 663 2319 per
693 2279 738 2307 se
770 2267 964 2320 sapiunt.

543 2333 638 2374 520.
671 2347 712 2372 sl
742 2347 887 2372 NIHIL
918 2347 1009 2373 EST
1040 2347 1175 2379 QUOD
1206 2347 1361 2373 1NANE
1385 2346 1607 2373 vocnzm
1629 2365 1638 2374 .
1670 2333 1887 2375 Corrector

433 2399 605 2452 oblongi
626 2401 669 2440 sz‘
684 2400 749 2440 m'l
762 2414 814 2439 es
826 2414 844 2439 s
856 2414 916 2439 m)
935 2433 944 2453 ,
961 2401 1102 2453 itaque
1120 2401 1326 2441 Avantius
1348 2415 1357 2441 ε
1380 2399 1583 2455 siquidem
1599 2401 1707 2441 nihil
1721 2409 1779 2442 est
1793 2412 1887 2441 cum

434 2467 552 2508 Italis
576 2467 779 2507 Marullus
801 2499 808 2506 .
841 2466 993 2507 deinde
1015 2467 1055 2507 hi
1079 2469 1333 2508 correctores
1356 2479 1526 2519 omnes,
1558 2467 1656 2507 item
1672 2467 1888 2525 *Veronen—

433 2533 491 2575 sis
522 2533 678 2585 editio,
711 2547 964 2574 VACARET:
1003 2533 1261 2587 quadratus,
1293 2533 1500 2586 schedae,
1535 2533 1790 2587 Brixiensis,
1821 2548 1886 2574 vo-

433 2609 572 2642 caret.-
603 2600 813 2652 oblongus
844 2601 980 2654 prima
1010 2613 1135 2640 manu
1167 2609 1332 2640 ucaret.

546 2667 644 2709 525.
677 2681 769 2706 NEC
802 2681 997 2707 PLENUM
1026 2680 1270 2707 NAVITER.
1304 2665 1517 2708 Charisius
1538 2679 1579 2719 p.
1604 2666 1682 2707 185
1711 2667 1888 2708 Naviter

437 2735 649 2775 Terentius
678 2735 722 2775 in
755 2734 952 2776 Eunucho
983 2731 1131 2789 eneque
1159 2732 1380 2789 pertendes
1417 2733 1595 2785 uavz'ter’
1618 2764 1627 2773 .
1667 2733 1888 2774 Lueretius

434 2816 591 2854 quoque
622 2800 671 2841 de
700 2801 820 2841 rebus
850 2801 1111 2842 naturalibus
1141 2801 1258 2841 tertio
1275 2830 1284 2840 .
1313 2800 1355 2839 in
1385 2799 1494 2840 libro
1517 2799 1637 2840 tertio
1659 2798 1784 2840 hodie
1803 2810 1886 2839 non

435 2870 574 2918 extat,
606 2879 742 2921 neque
773 2868 878 2909 tanti
910 2871 974 2909 est
1001 2871 1047 2909 ut
1077 2867 1116 2908 ei
1146 2866 1204 2907 ibi
1236 2878 1486 2921 quaeramus
1515 2866 1678 2908 locum.
