<?xml version="1.0" encoding="UTF-8"?>
<!DOCTYPE html PUBLIC "-//W3C//DTD XHTML 1.0 Transitional//EN"
    "http://www.w3.org/TR/xhtml1/DTD/xhtml1-transitional.dtd">
<html xmlns="http://www.w3.org/1999/xhtml" xml:lang="en" lang="en">
 <head>
  <title>
</title>
<meta http-equiv="Content-Type" content="text/html;charset=utf-8" />
  <meta name='ocr-system' content='tesseract 3.04.00' />
  <meta name='ocr-capabilities' content='ocr_page ocr_carea ocr_par ocr_line ocrx_word'/>
</head>
<body>
  <div class='ocr_page' id='page_1' title='image "./intlucretiicarid00lachuoft_0247.png"; bbox 0 0 2040 3328; ppageno 0'>
   <div class='ocr_carea' id='block_1_1' title="bbox 996 225 1772 268">
    <p class='ocr_par' dir='ltr' id='par_1_1' title="bbox 996 225 1772 268">
     <span class='ocr_line' id='line_1_1' title="bbox 996 225 1772 268; baseline 0 -1"><span class='ocrx_word' id='word_1_1' title='bbox 996 225 1056 268; x_wconf 95' lang='lat' dir='ltr'>IV</span> <span class='ocrx_word' id='word_1_2' title='bbox 1689 225 1772 268; x_wconf 85' lang='lat'>243</span> 
     </span>
    </p>
   </div>
   <div class='ocr_carea' id='block_1_2' title="bbox 280 338 1790 3038">
    <p class='ocr_par' dir='ltr' id='par_1_2' title="bbox 283 338 1774 942">
     <span class='ocr_line' id='line_1_2' title="bbox 397 338 1768 382; baseline -0.002 0"><span class='ocrx_word' id='word_1_3' title='bbox 397 339 495 382; x_wconf 81' lang='lat'><strong>570.</strong></span> <span class='ocrx_word' id='word_1_4' title='bbox 538 338 671 381; x_wconf 62' lang='lat' dir='ltr'>Pius</span> <span class='ocrx_word' id='word_1_5' title='bbox 718 352 913 380; x_wconf 73' lang='lat' dir='ltr'>somme</span> <span class='ocrx_word' id='word_1_6' title='bbox 959 353 1141 380; x_wconf 79' lang='lat' dir='ltr'>ADLISA</span> <span class='ocrx_word' id='word_1_7' title='bbox 1187 353 1330 381; x_wconf 78' lang='lat' dir='ltr'>L01²1s</span> <span class='ocrx_word' id='word_1_8' title='bbox 1369 352 1582 380; x_wconf 74' lang='lat' dir='ltr'>RnlncrA</span> <span class='ocrx_word' id='word_1_9' title='bbox 1620 352 1768 380; x_wconf 69' lang='grc' dir='ltr'>30Νο-</span> 
     </span>
     <span class='ocr_line' id='line_1_3' title="bbox 284 395 1771 462; baseline 0 -14"><span class='ocrx_word' id='word_1_10' title='bbox 284 421 381 448; x_wconf 74' lang='lat' dir='ltr'>mm</span> <span class='ocrx_word' id='word_1_11' title='bbox 411 408 637 450; x_wconf 71' lang='lat' dir='ltr'>Rnnmr.</span> <span class='ocrx_word' id='word_1_12' title='bbox 670 409 799 450; x_wconf 84' lang='lat' dir='ltr'>Recte</span> <span class='ocrx_word' id='word_1_13' title='bbox 839 411 1054 450; x_wconf 86' lang='lat' dir='ltr'>corrector</span> <span class='ocrx_word' id='word_1_14' title='bbox 1090 395 1290 462; x_wconf 73' lang='lat' dir='ltr'>q&#39;uadrati</span> <span class='ocrx_word' id='word_1_15' title='bbox 1321 412 1363 450; x_wconf 92' lang='lat' dir='ltr'>et</span> <span class='ocrx_word' id='word_1_16' title='bbox 1393 407 1600 450; x_wconf 85' lang='lat' dir='ltr'>Marullus</span> <span class='ocrx_word' id='word_1_17' title='bbox 1631 421 1771 449; x_wconf 73' lang='lat' dir='ltr'>Loc1s</span> 
     </span>
     <span class='ocr_line' id='line_1_4' title="bbox 284 475 1771 532; baseline 0.001 -15"><span class='ocrx_word' id='word_1_18' title='bbox 284 476 438 518; x_wconf 72' lang='lat' dir='ltr'>reiecta</span> <span class='ocrx_word' id='word_1_19' title='bbox 452 507 463 529; x_wconf 89' lang='lat'><em>‚</em></span> <span class='ocrx_word' id='word_1_20' title='bbox 485 478 530 517; x_wconf 86' lang='lat' dir='ltr'>ut</span> <span class='ocrx_word' id='word_1_21' title='bbox 550 475 682 531; x_wconf 91' lang='lat' dir='ltr'>paulo</span> <span class='ocrx_word' id='word_1_22' title='bbox 705 480 805 532; x_wconf 86' lang='lat' dir='ltr'>post</span> <span class='ocrx_word' id='word_1_23' title='bbox 819 476 904 519; x_wconf 84' lang='lat'>578</span> <span class='ocrx_word' id='word_1_24' title='bbox 926 475 1101 518; x_wconf 78' lang='lat' dir='ltr'>collibus</span> <span class='ocrx_word' id='word_1_25' title='bbox 1119 476 1246 518; x_wconf 80' lang='lat' dir='ltr'>verba</span> <span class='ocrx_word' id='word_1_26' title='bbox 1265 476 1528 532; x_wconf 73' lang='lat' dir='ltr'><em>repulsantes</em></span> <span class='ocrx_word' id='word_1_27' title='bbox 1543 493 1556 519; x_wconf 89' lang='grc'>.·</span> <span class='ocrx_word' id='word_1_28' title='bbox 1578 489 1628 518; x_wconf 89' lang='lat' dir='ltr'>eo</span> <span class='ocrx_word' id='word_1_29' title='bbox 1645 475 1771 518; x_wconf 91' lang='lat' dir='ltr'>modo</span> 
     </span>
     <span class='ocr_line' id='line_1_5' title="bbox 283 542 1773 601; baseline 0.001 -16"><span class='ocrx_word' id='word_1_30' title='bbox 283 544 498 601; x_wconf 73' lang='lat' dir='ltr'><em>replentur</em></span> <span class='ocrx_word' id='word_1_31' title='bbox 527 544 618 586; x_wconf 81' lang='lat' dir='ltr'>loca</span> <span class='ocrx_word' id='word_1_32' title='bbox 637 545 805 587; x_wconf 77' lang='lat' dir='ltr'>vocibus</span> <span class='ocrx_word' id='word_1_33' title='bbox 826 544 937 599; x_wconf 80' lang='lat'>6073</span> <span class='ocrx_word' id='word_1_34' title='bbox 959 543 1112 598; x_wconf 79' lang='lat' dir='ltr'>nequis</span> <span class='ocrx_word' id='word_1_35' title='bbox 1144 542 1252 586; x_wconf 87' lang='lat' dir='ltr'>forte</span> <span class='ocrx_word' id='word_1_36' title='bbox 1279 544 1510 598; x_wconf 81' lang='lat' dir='ltr'>coniungat</span> <span class='ocrx_word' id='word_1_37' title='bbox 1539 545 1687 587; x_wconf 73' lang='lat' dir='ltr'>solidis</span> <span class='ocrx_word' id='word_1_38' title='bbox 1718 546 1773 587; x_wconf 84' lang='lat' dir='ltr'>lo-</span> 
     </span>
     <span class='ocr_line' id='line_1_6' title="bbox 284 610 1773 666; baseline 0 -12"><span class='ocrx_word' id='word_1_39' title='bbox 284 613 345 654; x_wconf 79' lang='lat' dir='ltr'>cis</span> <span class='ocrx_word' id='word_1_40' title='bbox 363 644 375 666; x_wconf 87' lang='lat'>,</span> <span class='ocrx_word' id='word_1_41' title='bbox 396 610 511 666; x_wconf 90' lang='lat' dir='ltr'>quod</span> <span class='ocrx_word' id='word_1_42' title='bbox 542 611 727 656; x_wconf 84' lang='lat' dir='ltr'><em>debebat</em></span> <span class='ocrx_word' id='word_1_43' title='bbox 757 625 854 655; x_wconf 85' lang='lat' dir='ltr'>esse</span> <span class='ocrx_word' id='word_1_44' title='bbox 875 611 1025 655; x_wconf 74' lang='lat' dir='ltr'>solidis</span> <span class='ocrx_word' id='word_1_45' title='bbox 1045 611 1147 654; x_wconf 73' lang='lat' dir='ltr'>solis</span> <span class='ocrx_word' id='word_1_46' title='bbox 1168 644 1177 654; x_wconf 90' lang='lat'><strong>.</strong></span> <span class='ocrx_word' id='word_1_47' title='bbox 1206 612 1297 654; x_wconf 79' lang='lat' dir='ltr'>loca</span> <span class='ocrx_word' id='word_1_48' title='bbox 1327 612 1438 654; x_wconf 90' lang='lat' dir='ltr'>enim</span> <span class='ocrx_word' id='word_1_49' title='bbox 1471 616 1567 655; x_wconf 90' lang='lat' dir='ltr'>sunt</span> <span class='ocrx_word' id='word_1_50' title='bbox 1596 622 1773 655; x_wconf 77' lang='lat' dir='ltr'>naturae</span> 
     </span>
     <span class='ocr_line' id='line_1_7' title="bbox 284 679 1774 734; baseline 0.001 -13"><span class='ocrx_word' id='word_1_51' title='bbox 284 679 499 734; x_wconf 78' lang='lat' dir='ltr'>locorum,</span> <span class='ocrx_word' id='word_1_52' title='bbox 530 693 638 734; x_wconf 87' lang='lat' dir='ltr'>quas</span> <span class='ocrx_word' id='word_1_53' title='bbox 670 681 856 724; x_wconf 88' lang='lat' dir='ltr'>breviter</span> <span class='ocrx_word' id='word_1_54' title='bbox 886 680 989 723; x_wconf 91' lang='lat' dir='ltr'>dicit</span> <span class='ocrx_word' id='word_1_55' title='bbox 1017 688 1195 722; x_wconf 74' lang='lat' dir='ltr'>naturas</span> <span class='ocrx_word' id='word_1_56' title='bbox 1226 679 1374 723; x_wconf 87' lang='lat' dir='ltr'>Cicero</span> <span class='ocrx_word' id='word_1_57' title='bbox 1405 679 1460 722; x_wconf 92' lang='lat' dir='ltr'>de</span> <span class='ocrx_word' id='word_1_58' title='bbox 1490 685 1646 723; x_wconf 89' lang='lat' dir='ltr'>natura</span> <span class='ocrx_word' id='word_1_59' title='bbox 1676 680 1774 723; x_wconf 89' lang='lat' dir='ltr'>deo-</span> 
     </span>
     <span class='ocr_line' id='line_1_8' title="bbox 284 747 1772 806; baseline -0.001 -16"><span class='ocrx_word' id='word_1_60' title='bbox 284 761 376 790; x_wconf 84' lang='lat' dir='ltr'>rum</span> <span class='ocrx_word' id='word_1_61' title='bbox 405 761 449 802; x_wconf 90' lang='lat'>11,</span> <span class='ocrx_word' id='word_1_62' title='bbox 481 747 563 790; x_wconf 88' lang='lat'>144</span> <span class='ocrx_word' id='word_1_63' title='bbox 589 781 600 802; x_wconf 95' lang='lat'>,</span> <span class='ocrx_word' id='word_1_64' title='bbox 637 749 750 806; x_wconf 80' lang='lat' dir='ltr'>quod</span> <span class='ocrx_word' id='word_1_65' title='bbox 786 750 852 791; x_wconf 76' lang='lat' dir='ltr'>his</span> <span class='ocrx_word' id='word_1_66' title='bbox 888 749 1056 791; x_wconf 75' lang='lat' dir='ltr'>naturis</span> <span class='ocrx_word' id='word_1_67' title='bbox 1093 748 1253 791; x_wconf 74' lang='lat' dir='ltr'>relatus</span> <span class='ocrx_word' id='word_1_68' title='bbox 1291 749 1576 805; x_wconf 69' lang='lat' dir='ltr'>amplzflcatur</span> <span class='ocrx_word' id='word_1_69' title='bbox 1614 765 1741 791; x_wconf 76' lang='lat' dir='ltr'>sonus</span> <span class='ocrx_word' id='word_1_70' title='bbox 1764 781 1772 789; x_wconf 93' lang='lat'>.</span> 
     </span>
     <span class='ocr_line' id='line_1_9' title="bbox 285 815 1773 872; baseline 0 -14"><span class='ocrx_word' id='word_1_71' title='bbox 285 815 582 860; x_wconf 86' lang='lat' dir='ltr'>Wakefieldus</span> <span class='ocrx_word' id='word_1_72' title='bbox 603 816 874 859; x_wconf 88' lang='lat' dir='ltr'>Eichstadius</span> <span class='ocrx_word' id='word_1_73' title='bbox 895 816 1104 871; x_wconf 86' lang='lat' dir='ltr'>Forbiger</span> <span class='ocrx_word' id='word_1_74' title='bbox 1125 817 1237 872; x_wconf 78' lang='lat' dir='ltr'>lapis</span> <span class='ocrx_word' id='word_1_75' title='bbox 1257 817 1411 859; x_wconf 61' lang='lat' dir='ltr'>reiecta</span> <span class='ocrx_word' id='word_1_76' title='bbox 1427 849 1438 871; x_wconf 82' lang='lat'>,</span> <span class='ocrx_word' id='word_1_77' title='bbox 1461 816 1575 871; x_wconf 92' lang='lat' dir='ltr'>quod</span> <span class='ocrx_word' id='word_1_78' title='bbox 1596 815 1773 858; x_wconf 78' lang='lat' dir='ltr'>ridicule</span> 
     </span>
     <span class='ocr_line' id='line_1_10' title="bbox 285 884 1150 942; baseline 0 -16"><span class='ocrx_word' id='word_1_79' title='bbox 285 884 621 940; x_wconf 82' lang='lat' dir='ltr'>interpretantur</span> <span class='ocrx_word' id='word_1_80' title='bbox 650 887 780 942; x_wconf 78' lang='lat' dir='ltr'>quasi</span> <span class='ocrx_word' id='word_1_81' title='bbox 805 886 917 942; x_wconf 78' lang='lat' dir='ltr'>lapis</span> <span class='ocrx_word' id='word_1_82' title='bbox 947 886 1124 928; x_wconf 71' lang='lat' dir='ltr'>reiectus</span> <span class='ocrx_word' id='word_1_83' title='bbox 1141 917 1150 926; x_wconf 91' lang='lat'><strong>.</strong></span> 
     </span>
    </p>

    <p class='ocr_par' dir='ltr' id='par_1_3' title="bbox 285 953 1774 1146">
     <span class='ocr_line' id='line_1_11' title="bbox 399 953 1774 1005; baseline -0.001 -9"><span class='ocrx_word' id='word_1_84' title='bbox 399 953 496 996; x_wconf 83' lang='lat'>576.</span> <span class='ocrx_word' id='word_1_85' title='bbox 532 967 589 993; x_wconf 76' lang='grc' dir='ltr'>ΕΤ</span> <span class='ocrx_word' id='word_1_86' title='bbox 626 967 822 995; x_wconf 76' lang='lat' dir='ltr'>MAGNAS</span> <span class='ocrx_word' id='word_1_87' title='bbox 860 967 1129 995; x_wconf 66' lang='lat' dir='ltr'>mspmzsos</span> <span class='ocrx_word' id='word_1_88' title='bbox 1169 967 1297 995; x_wconf 66' lang='lat' dir='ltr'>vocs</span> <span class='ocrx_word' id='word_1_89' title='bbox 1335 967 1548 996; x_wconf 78' lang='lat' dir='ltr'>CIEMUS.</span> <span class='ocrx_word' id='word_1_90' title='bbox 1582 953 1774 1005; x_wconf 82' lang='lat' dir='ltr'>Quadra-</span> 
     </span>
     <span class='ocr_line' id='line_1_12' title="bbox 285 1020 1774 1080; baseline -0.001 -16"><span class='ocrx_word' id='word_1_91' title='bbox 285 1026 354 1065; x_wconf 93' lang='lat' dir='ltr'>tus</span> <span class='ocrx_word' id='word_1_92' title='bbox 383 1037 562 1078; x_wconf 69' lang='lat' dir='ltr'>maynus</span> <span class='ocrx_word' id='word_1_93' title='bbox 593 1020 810 1079; x_wconf 75' lang='lat' dir='ltr'>dispersus</span> <span class='ocrx_word' id='word_1_94' title='bbox 832 1055 841 1065; x_wconf 92' lang='lat'>.</span> <span class='ocrx_word' id='word_1_95' title='bbox 873 1022 967 1066; x_wconf 89' lang='lat' dir='ltr'>eius</span> <span class='ocrx_word' id='word_1_96' title='bbox 998 1026 1210 1066; x_wconf 90' lang='lat' dir='ltr'>corrector</span> <span class='ocrx_word' id='word_1_97' title='bbox 1238 1037 1406 1064; x_wconf 80' lang='lat' dir='ltr'>MAGNA</span> <span class='ocrx_word' id='word_1_98' title='bbox 1437 1023 1650 1080; x_wconf 73' lang='lat' dir='ltr'>dispersos</span> <span class='ocrx_word' id='word_1_99' title='bbox 1672 1055 1681 1065; x_wconf 93' lang='lat'><strong><em>.</em></strong></span> <span class='ocrx_word' id='word_1_100' title='bbox 1713 1023 1774 1064; x_wconf 87' lang='lat' dir='ltr'>sic</span> 
     </span>
     <span class='ocr_line' id='line_1_13' title="bbox 286 1090 716 1146; baseline 0 -12"><span class='ocrx_word' id='word_1_101' title='bbox 286 1090 387 1134; x_wconf 83' lang='lat' dir='ltr'>Itali</span> <span class='ocrx_word' id='word_1_102' title='bbox 419 1094 460 1133; x_wconf 93' lang='lat' dir='ltr'>et</span> <span class='ocrx_word' id='word_1_103' title='bbox 490 1090 716 1146; x_wconf 90' lang='lat' dir='ltr'>impressi.</span> 
     </span>
    </p>

    <p class='ocr_par' dir='ltr' id='par_1_4' title="bbox 286 1158 1773 1291">
     <span class='ocr_line' id='line_1_14' title="bbox 399 1158 1773 1214; baseline 0 -12"><span class='ocrx_word' id='word_1_104' title='bbox 399 1158 496 1202; x_wconf 87' lang='lat'>577.</span> <span class='ocrx_word' id='word_1_105' title='bbox 540 1171 668 1200; x_wconf 80' lang='lat' dir='ltr'>LOCA</span> <span class='ocrx_word' id='word_1_106' title='bbox 712 1173 898 1200; x_wconf 71' lang='lat' dir='ltr'>vmmm</span> <span class='ocrx_word' id='word_1_107' title='bbox 943 1172 1106 1201; x_wconf 70' lang='lat' dir='ltr'>onom:</span> <span class='ocrx_word' id='word_1_108' title='bbox 1144 1173 1288 1201; x_wconf 86' lang='lat' dir='ltr'>voc1s</span> <span class='ocrx_word' id='word_1_109' title='bbox 1319 1192 1328 1202; x_wconf 93' lang='lat'><strong><em>.</em></strong></span> <span class='ocrx_word' id='word_1_110' title='bbox 1361 1159 1457 1202; x_wconf 86' lang='lat' dir='ltr'>Itali</span> <span class='ocrx_word' id='word_1_111' title='bbox 1496 1163 1538 1202; x_wconf 93' lang='lat' dir='ltr'>et</span> <span class='ocrx_word' id='word_1_112' title='bbox 1574 1159 1773 1214; x_wconf 82' lang='lat' dir='ltr'>impressi</span> 
     </span>
     <span class='ocr_line' id='line_1_15' title="bbox 286 1240 835 1291; baseline 0.002 -21"><span class='ocrx_word' id='word_1_113' title='bbox 286 1242 398 1270; x_wconf 79' lang='lat' dir='ltr'>vmr</span> <span class='ocrx_word' id='word_1_114' title='bbox 426 1240 658 1268; x_wconf 59' lang='lat' dir='ltr'>mannans</span> <span class='ocrx_word' id='word_1_115' title='bbox 689 1243 835 1291; x_wconf 66' lang='lat' dir='ltr'>voces2</span> 
     </span>
    </p>

    <p class='ocr_par' dir='ltr' id='par_1_5' title="bbox 280 1295 1790 2984">
     <span class='ocr_line' id='line_1_16' title="bbox 399 1295 1774 1340; baseline 0 -1"><span class='ocrx_word' id='word_1_116' title='bbox 399 1295 497 1339; x_wconf 84' lang='lat'>578.</span> <span class='ocrx_word' id='word_1_117' title='bbox 534 1308 619 1336; x_wconf 71' lang='lat' dir='ltr'>1rA</span> <span class='ocrx_word' id='word_1_118' title='bbox 655 1309 840 1337; x_wconf 67' lang='lat' dir='ltr'>comus</span> <span class='ocrx_word' id='word_1_119' title='bbox 877 1309 1117 1338; x_wconf 59' lang='lat' dir='ltr'>comanus</span> <span class='ocrx_word' id='word_1_120' title='bbox 1154 1311 1253 1338; x_wconf 79' lang='lat' dir='ltr'>IPSI</span> <span class='ocrx_word' id='word_1_121' title='bbox 1291 1297 1464 1340; x_wconf 77' lang='lat' dir='ltr'><strong>VERBA</strong></span> <span class='ocrx_word' id='word_1_122' title='bbox 1495 1311 1774 1339; x_wconf 78' lang='lat' dir='ltr'><strong>REPULSAN-</strong></span> 
     </span>
     <span class='ocr_line' id='line_1_17' title="bbox 286 1365 1776 1420; baseline 0.002 -15"><span class='ocrx_word' id='word_1_123' title='bbox 286 1377 370 1405; x_wconf 71' lang='lat' dir='ltr'>&#39;rus</span> <span class='ocrx_word' id='word_1_124' title='bbox 400 1376 682 1404; x_wconf 72' lang='lat' dir='ltr'>erRABAn‘r</span> <span class='ocrx_word' id='word_1_125' title='bbox 710 1378 861 1406; x_wconf 70' lang='grc' dir='ltr'>ωσι-Α</span> <span class='ocrx_word' id='word_1_126' title='bbox 890 1378 1102 1406; x_wconf 65' lang='lat' dir='ltr'>niernum</span> <span class='ocrx_word' id='word_1_127' title='bbox 1124 1397 1133 1407; x_wconf 94' lang='lat'>.</span> <span class='ocrx_word' id='word_1_128' title='bbox 1165 1365 1215 1407; x_wconf 88' lang='lat' dir='ltr'>In</span> <span class='ocrx_word' id='word_1_129' title='bbox 1245 1366 1311 1408; x_wconf 86' lang='lat' dir='ltr'>his</span> <span class='ocrx_word' id='word_1_130' title='bbox 1342 1378 1480 1420; x_wconf 91' lang='lat' dir='ltr'>neque</span> <span class='ocrx_word' id='word_1_131' title='bbox 1511 1367 1636 1408; x_wconf 73' lang='lat' dir='ltr'>verba</span> <span class='ocrx_word' id='word_1_132' title='bbox 1663 1366 1776 1409; x_wconf 78' lang='lat' dir='ltr'>dieta</span> 
     </span>
     <span class='ocr_line' id='line_1_18' title="bbox 287 1431 1772 1490; baseline 0.001 -16"><span class='ocrx_word' id='word_1_133' title='bbox 287 1431 389 1475; x_wconf 89' lang='lat' dir='ltr'>ferri</span> <span class='ocrx_word' id='word_1_134' title='bbox 404 1435 586 1487; x_wconf 85' lang='lat' dir='ltr'>possunt</span> <span class='ocrx_word' id='word_1_135' title='bbox 601 1463 612 1487; x_wconf 89' lang='lat'>,</span> <span class='ocrx_word' id='word_1_136' title='bbox 629 1435 771 1487; x_wconf 88' lang='lat' dir='ltr'>neque</span> <span class='ocrx_word' id='word_1_137' title='bbox 788 1433 997 1475; x_wconf 75' lang='lat' dir='ltr'>iterabant</span> <span class='ocrx_word' id='word_1_138' title='bbox 1011 1433 1193 1490; x_wconf 75' lang='lat' dir='ltr'>referri.</span> <span class='ocrx_word' id='word_1_139' title='bbox 1214 1435 1321 1490; x_wconf 77' lang='lat' dir='ltr'>ipsis</span> <span class='ocrx_word' id='word_1_140' title='bbox 1337 1434 1598 1477; x_wconf 87' lang='lat' dir='ltr'>Veronensis</span> <span class='ocrx_word' id='word_1_141' title='bbox 1615 1433 1745 1476; x_wconf 89' lang='lat' dir='ltr'>editio</span> <span class='ocrx_word' id='word_1_142' title='bbox 1764 1467 1772 1488; x_wconf 91' lang='lat'>,</span> 
     </span>
     <span class='ocr_line' id='line_1_19' title="bbox 286 1499 1772 1556; baseline 0.001 -14"><span class='ocrx_word' id='word_1_143' title='bbox 286 1499 494 1543; x_wconf 87' lang='lat' dir='ltr'>Marullus</span> <span class='ocrx_word' id='word_1_144' title='bbox 522 1532 532 1552; x_wconf 88' lang='lat'>,</span> <span class='ocrx_word' id='word_1_145' title='bbox 565 1500 693 1543; x_wconf 87' lang='lat' dir='ltr'>ceteri</span> <span class='ocrx_word' id='word_1_146' title='bbox 725 1503 824 1544; x_wconf 89' lang='lat' dir='ltr'>ante</span> <span class='ocrx_word' id='word_1_147' title='bbox 854 1501 1169 1544; x_wconf 88' lang='lat' dir='ltr'>Wakefieldum</span> <span class='ocrx_word' id='word_1_148' title='bbox 1200 1517 1209 1545; x_wconf 90' lang='lat'>:</span> <span class='ocrx_word' id='word_1_149' title='bbox 1239 1502 1317 1545; x_wconf 90' lang='lat' dir='ltr'>sed</span> <span class='ocrx_word' id='word_1_150' title='bbox 1347 1502 1554 1544; x_wconf 81' lang='lat' dir='ltr'>Marullus</span> <span class='ocrx_word' id='word_1_151' title='bbox 1585 1502 1746 1556; x_wconf 74' lang='lat' dir='ltr'>referre</span> <span class='ocrx_word' id='word_1_152' title='bbox 1761 1536 1772 1556; x_wconf 78' lang='lat'>,</span> 
     </span>
     <span class='ocr_line' id='line_1_20' title="bbox 285 1568 1775 1627; baseline 0.001 -16"><span class='ocrx_word' id='word_1_153' title='bbox 285 1568 505 1611; x_wconf 89' lang='lat' dir='ltr'>Bentleius</span> <span class='ocrx_word' id='word_1_154' title='bbox 535 1569 744 1610; x_wconf 77' lang='lat' dir='ltr'>iterabant</span> <span class='ocrx_word' id='word_1_155' title='bbox 772 1570 858 1612; x_wconf 74' lang='lat' dir='ltr'>icta</span> <span class='ocrx_word' id='word_1_156' title='bbox 887 1570 1049 1627; x_wconf 79' lang='lat' dir='ltr'>referre</span> <span class='ocrx_word' id='word_1_157' title='bbox 1069 1603 1081 1624; x_wconf 81' lang='lat'>,</span> <span class='ocrx_word' id='word_1_158' title='bbox 1112 1584 1199 1613; x_wconf 89' lang='lat' dir='ltr'>non</span> <span class='ocrx_word' id='word_1_159' title='bbox 1228 1575 1344 1614; x_wconf 87' lang='lat' dir='ltr'>recte</span> <span class='ocrx_word' id='word_1_160' title='bbox 1367 1603 1376 1612; x_wconf 93' lang='lat'><strong>.</strong></span> <span class='ocrx_word' id='word_1_161' title='bbox 1406 1583 1506 1612; x_wconf 88' lang='lat' dir='ltr'>nam</span> <span class='ocrx_word' id='word_1_162' title='bbox 1537 1583 1674 1625; x_wconf 90' lang='lat' dir='ltr'>neque</span> <span class='ocrx_word' id='word_1_163' title='bbox 1705 1572 1775 1613; x_wconf 76' lang='lat' dir='ltr'>ite-</span> 
     </span>
     <span class='ocr_line' id='line_1_21' title="bbox 285 1635 1776 1693; baseline 0.001 -14"><span class='ocrx_word' id='word_1_164' title='bbox 285 1653 384 1679; x_wconf 77' lang='lat' dir='ltr'>rare</span> <span class='ocrx_word' id='word_1_165' title='bbox 415 1635 667 1678; x_wconf 86' lang='lat' dir='ltr'>infinitivum</span> <span class='ocrx_word' id='word_1_166' title='bbox 698 1636 781 1679; x_wconf 90' lang='lat' dir='ltr'>sibi</span> <span class='ocrx_word' id='word_1_167' title='bbox 811 1636 990 1691; x_wconf 83' lang='lat' dir='ltr'>adiungi</span> <span class='ocrx_word' id='word_1_168' title='bbox 1021 1638 1213 1693; x_wconf 89' lang='lat' dir='ltr'>patitur,</span> <span class='ocrx_word' id='word_1_169' title='bbox 1242 1642 1446 1693; x_wconf 89' lang='lat' dir='ltr'>quantum</span> <span class='ocrx_word' id='word_1_170' title='bbox 1478 1638 1600 1693; x_wconf 69' lang='lat' dir='ltr'>scio,</span> <span class='ocrx_word' id='word_1_171' title='bbox 1632 1651 1776 1693; x_wconf 91' lang='lat' dir='ltr'>quam-</span> 
     </span>
     <span class='ocr_line' id='line_1_22' title="bbox 286 1703 1775 1762; baseline 0.001 -15"><span class='ocrx_word' id='word_1_172' title='bbox 286 1718 414 1759; x_wconf 85' lang='lat' dir='ltr'>quam</span> <span class='ocrx_word' id='word_1_173' title='bbox 444 1703 681 1747; x_wconf 87' lang='lat' dir='ltr'>orationem</span> <span class='ocrx_word' id='word_1_174' title='bbox 711 1704 931 1760; x_wconf 89' lang='lat' dir='ltr'>obliquam</span> <span class='ocrx_word' id='word_1_175' title='bbox 961 1706 1180 1749; x_wconf 87' lang='lat' dir='ltr'>subiunxit</span> <span class='ocrx_word' id='word_1_176' title='bbox 1209 1706 1346 1749; x_wconf 90' lang='lat' dir='ltr'>Attius</span> <span class='ocrx_word' id='word_1_177' title='bbox 1368 1739 1378 1762; x_wconf 91' lang='lat'>,</span> <span class='ocrx_word' id='word_1_178' title='bbox 1410 1707 1519 1749; x_wconf 74' lang='lat' dir='ltr'>itera</span> <span class='ocrx_word' id='word_1_179' title='bbox 1554 1707 1600 1748; x_wconf 80' lang='lat' dir='ltr'>in</span> <span class='ocrx_word' id='word_1_180' title='bbox 1636 1707 1775 1762; x_wconf 79' lang='lat' dir='ltr'>quibu&#39;</span> 
     </span>
     <span class='ocr_line' id='line_1_23' title="bbox 280 1773 1776 1831; baseline 0 -16"><span class='ocrx_word' id='word_1_181' title='bbox 280 1773 480 1830; x_wconf 77' lang='lat' dir='ltr'>partibus</span> <span class='ocrx_word' id='word_1_182' title='bbox 631 1781 668 1815; x_wconf 82' lang='lat' dir='ltr'>et</span> <span class='ocrx_word' id='word_1_183' title='bbox 687 1788 768 1829; x_wconf 87' lang='lat' dir='ltr'>quo</span> <span class='ocrx_word' id='word_1_184' title='bbox 789 1774 924 1830; x_wconf 77' lang='lat' dir='ltr'>captu’</span> <span class='ocrx_word' id='word_1_185' title='bbox 945 1773 1067 1817; x_wconf 85' lang='lat' dir='ltr'>modo</span> <span class='ocrx_word' id='word_1_186' title='bbox 1082 1807 1094 1829; x_wconf 87' lang='lat'>,</span> <span class='ocrx_word' id='word_1_187' title='bbox 1109 1775 1350 1831; x_wconf 71' lang='lat' dir='ltr'>fortunam</span> <span class='ocrx_word' id='word_1_188' title='bbox 1370 1790 1426 1815; x_wconf 78' lang='lat' dir='ltr'>an</span> <span class='ocrx_word' id='word_1_189' title='bbox 1434 1774 1555 1830; x_wconf 81' lang='lat' dir='ltr'>forte</span> <span class='ocrx_word' id='word_1_190' title='bbox 1573 1782 1776 1830; x_wconf 77' lang='lat' dir='ltr'>repertus,</span> 
     </span>
     <span class='ocr_line' id='line_1_24' title="bbox 287 1839 1776 1897; baseline 0.001 -15"><span class='ocrx_word' id='word_1_191' title='bbox 287 1839 403 1896; x_wconf 88' lang='lat' dir='ltr'>apud</span> <span class='ocrx_word' id='word_1_192' title='bbox 425 1841 615 1883; x_wconf 89' lang='lat' dir='ltr'>Nonium</span> <span class='ocrx_word' id='word_1_193' title='bbox 636 1854 677 1896; x_wconf 91' lang='lat' dir='ltr'>p.</span> <span class='ocrx_word' id='word_1_194' title='bbox 698 1839 782 1884; x_wconf 87' lang='lat'>425</span> <span class='ocrx_word' id='word_1_195' title='bbox 800 1874 810 1896; x_wconf 97' lang='lat'>,</span> <span class='ocrx_word' id='word_1_196' title='bbox 834 1845 876 1884; x_wconf 91' lang='lat' dir='ltr'>et</span> <span class='ocrx_word' id='word_1_197' title='bbox 896 1842 1146 1897; x_wconf 84' lang='lat' dir='ltr'>Propertius</span> <span class='ocrx_word' id='word_1_198' title='bbox 1166 1842 1326 1896; x_wconf 89' lang='lat' dir='ltr'>(neque</span> <span class='ocrx_word' id='word_1_199' title='bbox 1348 1841 1461 1884; x_wconf 87' lang='lat' dir='ltr'>enim</span> <span class='ocrx_word' id='word_1_200' title='bbox 1492 1842 1653 1884; x_wconf 87' lang='lat' dir='ltr'>mutavi</span> <span class='ocrx_word' id='word_1_201' title='bbox 1684 1855 1776 1884; x_wconf 90' lang='lat' dir='ltr'>sen-</span> 
     </span>
     <span class='ocr_line' id='line_1_25' title="bbox 287 1908 1777 1966; baseline -0.001 -14"><span class='ocrx_word' id='word_1_202' title='bbox 287 1908 485 1963; x_wconf 87' lang='lat' dir='ltr'>tentiam)</span> <span class='ocrx_word' id='word_1_203' title='bbox 501 1908 751 1965; x_wconf 77' lang='lat' dir='ltr'>Cuiprocul</span> <span class='ocrx_word' id='word_1_204' title='bbox 763 1908 938 1952; x_wconf 78' lang='lat' dir='ltr'>Alcides</span> <span class='ocrx_word' id='word_1_205' title='bbox 954 1910 1078 1952; x_wconf 76' lang='lat' dir='ltr'>iterat</span> <span class='ocrx_word' id='word_1_206' title='bbox 1094 1926 1296 1966; x_wconf 77' lang='lat' dir='ltr'>responsa</span> <span class='ocrx_word' id='word_1_207' title='bbox 1312 1909 1380 1952; x_wconf 72' lang='lat' dir='ltr'>det</span> <span class='ocrx_word' id='word_1_208' title='bbox 1394 1942 1404 1963; x_wconf 89' lang='lat'>,</span> <span class='ocrx_word' id='word_1_209' title='bbox 1422 1923 1449 1963; x_wconf 93' lang='lat'>1,</span> <span class='ocrx_word' id='word_1_210' title='bbox 1462 1909 1529 1963; x_wconf 85' lang='lat'>20,</span> <span class='ocrx_word' id='word_1_211' title='bbox 1542 1909 1619 1952; x_wconf 86' lang='lat'>49:</span> <span class='ocrx_word' id='word_1_212' title='bbox 1637 1922 1777 1964; x_wconf 90' lang='lat' dir='ltr'>neque</span> 
     </span>
     <span class='ocr_line' id='line_1_26' title="bbox 287 1976 1777 2032; baseline 0 -14"><span class='ocrx_word' id='word_1_213' title='bbox 287 1977 372 2019; x_wconf 77' lang='lat' dir='ltr'>ieta</span> <span class='ocrx_word' id='word_1_214' title='bbox 391 1976 568 2019; x_wconf 77' lang='lat' dir='ltr'>collibus</span> <span class='ocrx_word' id='word_1_215' title='bbox 587 1977 712 2019; x_wconf 83' lang='lat' dir='ltr'>verba</span> <span class='ocrx_word' id='word_1_216' title='bbox 733 1976 885 2019; x_wconf 89' lang='lat' dir='ltr'>Latine</span> <span class='ocrx_word' id='word_1_217' title='bbox 907 1977 992 2019; x_wconf 89' lang='lat' dir='ltr'>dici</span> <span class='ocrx_word' id='word_1_218' title='bbox 1019 1978 1057 2020; x_wconf 90' lang='lat' dir='ltr'>is</span> <span class='ocrx_word' id='word_1_219' title='bbox 1082 1980 1211 2032; x_wconf 64' lang='lat' dir='ltr'>potita</span> <span class='ocrx_word' id='word_1_220' title='bbox 1240 1990 1367 2032; x_wconf 90' lang='lat' dir='ltr'>quem</span> <span class='ocrx_word' id='word_1_221' title='bbox 1389 1977 1607 2019; x_wconf 88' lang='lat' dir='ltr'>Bentleius</span> <span class='ocrx_word' id='word_1_222' title='bbox 1634 1980 1777 2019; x_wconf 88' lang='lat' dir='ltr'>aucto-</span> 
     </span>
     <span class='ocr_line' id='line_1_27' title="bbox 290 2042 1779 2101; baseline 0 -14"><span class='ocrx_word' id='word_1_223' title='bbox 290 2057 379 2087; x_wconf 89' lang='lat' dir='ltr'>rem</span> <span class='ocrx_word' id='word_1_224' title='bbox 399 2042 519 2086; x_wconf 89' lang='lat' dir='ltr'>dedit</span> <span class='ocrx_word' id='word_1_225' title='bbox 547 2043 805 2100; x_wconf 88' lang='lat' dir='ltr'>persuadet.</span> <span class='ocrx_word' id='word_1_226' title='bbox 829 2048 895 2087; x_wconf 87' lang='lat' dir='ltr'>est</span> <span class='ocrx_word' id='word_1_227' title='bbox 926 2045 1039 2094; x_wconf 87' lang='lat' dir='ltr'>enim</span> <span class='ocrx_word' id='word_1_228' title='bbox 1068 2044 1106 2087; x_wconf 91' lang='lat' dir='ltr'>is</span> <span class='ocrx_word' id='word_1_229' title='bbox 1133 2046 1316 2101; x_wconf 80' lang='lat' dir='ltr'>scriptor</span> <span class='ocrx_word' id='word_1_230' title='bbox 1337 2044 1506 2098; x_wconf 85' lang='lat' dir='ltr'>elegiae</span> <span class='ocrx_word' id='word_1_231' title='bbox 1533 2045 1577 2087; x_wconf 94' lang='lat' dir='ltr'>in</span> <span class='ocrx_word' id='word_1_232' title='bbox 1598 2049 1779 2087; x_wconf 91' lang='lat' dir='ltr'>mortem</span> 
     </span>
     <span class='ocr_line' id='line_1_28' title="bbox 290 2111 1779 2168; baseline 0.001 -14"><span class='ocrx_word' id='word_1_233' title='bbox 290 2111 418 2154; x_wconf 85' lang='lat' dir='ltr'>Drusi</span> <span class='ocrx_word' id='word_1_234' title='bbox 445 2144 455 2166; x_wconf 92' lang='lat'>,</span> <span class='ocrx_word' id='word_1_235' title='bbox 487 2124 615 2167; x_wconf 89' lang='lat' dir='ltr'>quam</span> <span class='ocrx_word' id='word_1_236' title='bbox 651 2112 740 2154; x_wconf 88' lang='lat' dir='ltr'>scio</span> <span class='ocrx_word' id='word_1_237' title='bbox 770 2111 1003 2168; x_wconf 89' lang='lat' dir='ltr'>Hauptium</span> <span class='ocrx_word' id='word_1_238' title='bbox 1033 2125 1175 2156; x_wconf 92' lang='lat' dir='ltr'>meum</span> <span class='ocrx_word' id='word_1_239' title='bbox 1205 2114 1378 2157; x_wconf 86' lang='lat' dir='ltr'>saeculo</span> <span class='ocrx_word' id='word_1_240' title='bbox 1414 2127 1472 2153; x_wconf 85' lang='lat' dir='ltr'>xv</span> <span class='ocrx_word' id='word_1_241' title='bbox 1508 2117 1653 2155; x_wconf 87' lang='lat' dir='ltr'>natam</span> <span class='ocrx_word' id='word_1_242' title='bbox 1685 2126 1779 2156; x_wconf 84' lang='lat' dir='ltr'>esse</span> 
     </span>
     <span class='ocr_line' id='line_1_29' title="bbox 291 2180 1778 2237; baseline 0.001 -15"><span class='ocrx_word' id='word_1_243' title='bbox 291 2180 533 2235; x_wconf 88' lang='lat' dir='ltr'>suspicari:</span> <span class='ocrx_word' id='word_1_244' title='bbox 553 2192 692 2235; x_wconf 89' lang='lat' dir='ltr'>neque</span> <span class='ocrx_word' id='word_1_245' title='bbox 721 2180 825 2222; x_wconf 90' lang='lat' dir='ltr'>mihi</span> <span class='ocrx_word' id='word_1_246' title='bbox 857 2181 950 2224; x_wconf 88' lang='lat' dir='ltr'>eius</span> <span class='ocrx_word' id='word_1_247' title='bbox 976 2194 1126 2225; x_wconf 83' lang='lat' dir='ltr'>versus</span> <span class='ocrx_word' id='word_1_248' title='bbox 1146 2181 1256 2237; x_wconf 91' lang='lat'>220,</span> <span class='ocrx_word' id='word_1_249' title='bbox 1279 2182 1351 2237; x_wconf 91' lang='lat' dir='ltr'>qui</span> <span class='ocrx_word' id='word_1_250' title='bbox 1383 2184 1449 2224; x_wconf 88' lang='lat' dir='ltr'>est</span> <span class='ocrx_word' id='word_1_251' title='bbox 1478 2180 1603 2223; x_wconf 88' lang='lat' dir='ltr'>huius</span> <span class='ocrx_word' id='word_1_252' title='bbox 1632 2181 1778 2235; x_wconf 86' lang='lat' dir='ltr'>modi,</span> 
     </span>
     <span class='ocr_line' id='line_1_30' title="bbox 292 2247 1780 2305; baseline 0.001 -15"><span class='ocrx_word' id='word_1_253' title='bbox 292 2247 350 2290; x_wconf 74' lang='lat' dir='ltr'>At</span> <span class='ocrx_word' id='word_1_254' title='bbox 369 2263 451 2291; x_wconf 73' lang='lat' dir='ltr'>voa:</span> <span class='ocrx_word' id='word_1_255' title='bbox 470 2247 662 2291; x_wconf 76' lang='lat' dir='ltr'>adversis</span> <span class='ocrx_word' id='word_1_256' title='bbox 681 2248 858 2291; x_wconf 77' lang='lat' dir='ltr'>collibus</span> <span class='ocrx_word' id='word_1_257' title='bbox 879 2249 963 2292; x_wconf 76' lang='lat' dir='ltr'>ieta</span> <span class='ocrx_word' id='word_1_258' title='bbox 982 2249 1093 2293; x_wconf 75' lang='lat' dir='ltr'>redit</span> <span class='ocrx_word' id='word_1_259' title='bbox 1111 2283 1123 2305; x_wconf 87' lang='lat'>,</span> <span class='ocrx_word' id='word_1_260' title='bbox 1147 2250 1412 2305; x_wconf 83' lang='lat' dir='ltr'>antiquitatis</span> <span class='ocrx_word' id='word_1_261' title='bbox 1434 2250 1620 2292; x_wconf 84' lang='lat' dir='ltr'>colorem</span> <span class='ocrx_word' id='word_1_262' title='bbox 1642 2253 1780 2292; x_wconf 87' lang='lat' dir='ltr'>osten-</span> 
     </span>
     <span class='ocr_line' id='line_1_31' title="bbox 292 2315 1782 2374; baseline 0.001 -16"><span class='ocrx_word' id='word_1_263' title='bbox 292 2315 395 2359; x_wconf 82' lang='lat' dir='ltr'>dere</span> <span class='ocrx_word' id='word_1_264' title='bbox 415 2315 585 2359; x_wconf 81' lang='lat' dir='ltr'>Videtur</span> <span class='ocrx_word' id='word_1_265' title='bbox 605 2348 615 2371; x_wconf 93' lang='lat'>,</span> <span class='ocrx_word' id='word_1_266' title='bbox 645 2316 713 2358; x_wconf 80' lang='lat' dir='ltr'>eui</span> <span class='ocrx_word' id='word_1_267' title='bbox 735 2317 994 2360; x_wconf 82' lang='lat' dir='ltr'>conveniunt</span> <span class='ocrx_word' id='word_1_268' title='bbox 1021 2318 1163 2374; x_wconf 84' lang='lat' dir='ltr'>potius</span> <span class='ocrx_word' id='word_1_269' title='bbox 1184 2319 1309 2361; x_wconf 80' lang='lat' dir='ltr'>eolles</span> <span class='ocrx_word' id='word_1_270' title='bbox 1329 2335 1424 2361; x_wconf 86' lang='lat' dir='ltr'>voce</span> <span class='ocrx_word' id='word_1_271' title='bbox 1445 2319 1522 2360; x_wconf 76' lang='lat' dir='ltr'>icti</span> <span class='ocrx_word' id='word_1_272' title='bbox 1540 2322 1582 2360; x_wconf 88' lang='lat' dir='ltr'>et</span> <span class='ocrx_word' id='word_1_273' title='bbox 1602 2318 1782 2360; x_wconf 80' lang='lat' dir='ltr'>clamore</span> 
     </span>
     <span class='ocr_line' id='line_1_32' title="bbox 291 2383 1782 2441; baseline 0.001 -15"><span class='ocrx_word' id='word_1_274' title='bbox 291 2393 446 2427; x_wconf 76' lang='lat' dir='ltr'>montes</span> <span class='ocrx_word' id='word_1_275' title='bbox 476 2385 554 2427; x_wconf 73' lang='lat' dir='ltr'>icti</span> <span class='ocrx_word' id='word_1_276' title='bbox 568 2417 579 2438; x_wconf 92' lang='lat'>,</span> <span class='ocrx_word' id='word_1_277' title='bbox 613 2383 686 2439; x_wconf 90' lang='lat' dir='ltr'>qui</span> <span class='ocrx_word' id='word_1_278' title='bbox 716 2388 815 2427; x_wconf 86' lang='lat' dir='ltr'>sunt</span> <span class='ocrx_word' id='word_1_279' title='bbox 844 2385 888 2427; x_wconf 91' lang='lat' dir='ltr'>in</span> <span class='ocrx_word' id='word_1_280' title='bbox 917 2385 1028 2429; x_wconf 87' lang='lat' dir='ltr'>libro</span> <span class='ocrx_word' id='word_1_281' title='bbox 1050 2400 1094 2441; x_wconf 91' lang='lat'>11,</span> <span class='ocrx_word' id='word_1_282' title='bbox 1116 2386 1198 2429; x_wconf 88' lang='lat'>328</span> <span class='ocrx_word' id='word_1_283' title='bbox 1221 2419 1231 2429; x_wconf 92' lang='lat'><strong><em>.</em></strong></span> <span class='ocrx_word' id='word_1_284' title='bbox 1262 2400 1374 2429; x_wconf 89' lang='lat' dir='ltr'>nunc</span> <span class='ocrx_word' id='word_1_285' title='bbox 1395 2387 1450 2429; x_wconf 89' lang='lat' dir='ltr'>de</span> <span class='ocrx_word' id='word_1_286' title='bbox 1481 2385 1547 2428; x_wconf 91' lang='lat' dir='ltr'>his</span> <span class='ocrx_word' id='word_1_287' title='bbox 1569 2385 1782 2441; x_wconf 86' lang='lat' dir='ltr'>Hauptius</span> 
     </span>
     <span class='ocr_line' id='line_1_33' title="bbox 291 2451 1783 2510; baseline 0.001 -17"><span class='ocrx_word' id='word_1_288' title='bbox 291 2451 386 2507; x_wconf 89' lang='lat' dir='ltr'>ipse</span> <span class='ocrx_word' id='word_1_289' title='bbox 421 2451 530 2494; x_wconf 85' lang='lat' dir='ltr'>dixit</span> <span class='ocrx_word' id='word_1_290' title='bbox 564 2452 608 2494; x_wconf 90' lang='lat' dir='ltr'>in</span> <span class='ocrx_word' id='word_1_291' title='bbox 644 2457 962 2508; x_wconf 82' lang='lat' dir='ltr'>programmate</span> <span class='ocrx_word' id='word_1_292' title='bbox 998 2454 1219 2509; x_wconf 85' lang='lat' dir='ltr'>eleganter</span> <span class='ocrx_word' id='word_1_293' title='bbox 1249 2455 1406 2510; x_wconf 86' lang='lat' dir='ltr'>scripto</span> <span class='ocrx_word' id='word_1_294' title='bbox 1434 2487 1444 2509; x_wconf 94' lang='lat'>,</span> <span class='ocrx_word' id='word_1_295' title='bbox 1476 2453 1592 2509; x_wconf 91' lang='lat' dir='ltr'>quod</span> <span class='ocrx_word' id='word_1_296' title='bbox 1623 2453 1783 2496; x_wconf 90' lang='lat' dir='ltr'>editum</span> 
     </span>
     <span class='ocr_line' id='line_1_34' title="bbox 294 2519 1784 2578; baseline 0.001 -17"><span class='ocrx_word' id='word_1_297' title='bbox 294 2522 359 2561; x_wconf 90' lang='lat' dir='ltr'>est</span> <span class='ocrx_word' id='word_1_298' title='bbox 378 2519 516 2575; x_wconf 86' lang='lat' dir='ltr'>pridie</span> <span class='ocrx_word' id='word_1_299' title='bbox 537 2520 592 2563; x_wconf 90' lang='lat' dir='ltr'>K.</span> <span class='ocrx_word' id='word_1_300' title='bbox 608 2520 839 2564; x_wconf 84' lang='lat' dir='ltr'>Novembr.</span> <span class='ocrx_word' id='word_1_301' title='bbox 860 2521 982 2578; x_wconf 88' lang='lat'>1849,</span> <span class='ocrx_word' id='word_1_302' title='bbox 1006 2536 1048 2577; x_wconf 87' lang='lat' dir='ltr'>p.</span> <span class='ocrx_word' id='word_1_303' title='bbox 1065 2522 1120 2565; x_wconf 87' lang='lat'>26</span> <span class='ocrx_word' id='word_1_304' title='bbox 1139 2556 1148 2564; x_wconf 93' lang='lat'>.</span> <span class='ocrx_word' id='word_1_305' title='bbox 1170 2535 1310 2577; x_wconf 89' lang='lat' dir='ltr'>neque</span> <span class='ocrx_word' id='word_1_306' title='bbox 1331 2535 1414 2576; x_wconf 87' lang='lat' dir='ltr'>ego</span> <span class='ocrx_word' id='word_1_307' title='bbox 1435 2538 1547 2564; x_wconf 77' lang='lat' dir='ltr'>saaea</span> <span class='ocrx_word' id='word_1_308' title='bbox 1567 2523 1650 2564; x_wconf 73' lang='lat' dir='ltr'>icta</span> <span class='ocrx_word' id='word_1_309' title='bbox 1672 2534 1784 2574; x_wconf 91' lang='lat' dir='ltr'>quae</span> 
     </span>
     <span class='ocr_line' id='line_1_35' title="bbox 294 2586 1784 2646; baseline 0.002 -18"><span class='ocrx_word' id='word_1_310' title='bbox 294 2586 380 2629; x_wconf 85' lang='lat' dir='ltr'>sint</span> <span class='ocrx_word' id='word_1_311' title='bbox 399 2587 443 2629; x_wconf 91' lang='lat' dir='ltr'>in</span> <span class='ocrx_word' id='word_1_312' title='bbox 464 2586 609 2631; x_wconf 87' lang='lat' dir='ltr'>Ovidii</span> <span class='ocrx_word' id='word_1_313' title='bbox 629 2589 814 2632; x_wconf 88' lang='lat' dir='ltr'>tristium</span> <span class='ocrx_word' id='word_1_314' title='bbox 833 2601 877 2645; x_wconf 86' lang='lat'>11,</span> <span class='ocrx_word' id='word_1_315' title='bbox 897 2589 949 2633; x_wconf 90' lang='grc'>16</span> <span class='ocrx_word' id='word_1_316' title='bbox 970 2590 1174 2645; x_wconf 83' lang='lat' dir='ltr'>intellego</span> <span class='ocrx_word' id='word_1_317' title='bbox 1191 2623 1203 2642; x_wconf 85' lang='lat'>,</span> <span class='ocrx_word' id='word_1_318' title='bbox 1225 2590 1302 2633; x_wconf 90' lang='lat' dir='ltr'>sed</span> <span class='ocrx_word' id='word_1_319' title='bbox 1333 2593 1434 2646; x_wconf 92' lang='lat' dir='ltr'>puto</span> <span class='ocrx_word' id='word_1_320' title='bbox 1461 2592 1632 2645; x_wconf 69' lang='lat' dir='ltr'>poetam</span> <span class='ocrx_word' id='word_1_321' title='bbox 1654 2589 1784 2644; x_wconf 90' lang='lat' dir='ltr'>scrip-</span> 
     </span>
     <span class='ocr_line' id='line_1_36' title="bbox 295 2653 1786 2715; baseline 0.001 -19"><span class='ocrx_word' id='word_1_322' title='bbox 295 2653 406 2698; x_wconf 81' lang='lat' dir='ltr'>sisse</span> <span class='ocrx_word' id='word_1_323' title='bbox 425 2655 550 2698; x_wconf 74' lang='lat' dir='ltr'>Tecta</span> <span class='ocrx_word' id='word_1_324' title='bbox 570 2672 725 2699; x_wconf 81' lang='lat' dir='ltr'>memor</span> <span class='ocrx_word' id='word_1_325' title='bbox 746 2657 885 2713; x_wconf 77' lang='lat' dir='ltr'>refero</span> <span class='ocrx_word' id='word_1_326' title='bbox 905 2674 1057 2700; x_wconf 75' lang='lat' dir='ltr'>rursus</span> <span class='ocrx_word' id='word_1_327' title='bbox 1074 2658 1134 2701; x_wconf 85' lang='lat' dir='ltr'>ad</span> <span class='ocrx_word' id='word_1_328' title='bbox 1147 2659 1231 2701; x_wconf 76' lang='lat' dir='ltr'>icta</span> <span class='ocrx_word' id='word_1_329' title='bbox 1246 2658 1396 2715; x_wconf 79' lang='lat' dir='ltr'>pedem</span> <span class='ocrx_word' id='word_1_330' title='bbox 1411 2691 1423 2712; x_wconf 82' lang='lat'>,</span> <span class='ocrx_word' id='word_1_331' title='bbox 1447 2656 1660 2712; x_wconf 90' lang='lat' dir='ltr'>quomodo</span> <span class='ocrx_word' id='word_1_332' title='bbox 1678 2656 1786 2698; x_wconf 83' lang='lat' dir='ltr'>dixit</span> 
     </span>
     <span class='ocr_line' id='line_1_37' title="bbox 295 2722 1786 2777; baseline 0.002 -14"><span class='ocrx_word' id='word_1_333' title='bbox 295 2722 341 2764; x_wconf 88' lang='lat' dir='ltr'>in</span> <span class='ocrx_word' id='word_1_334' title='bbox 357 2736 396 2776; x_wconf 86' lang='lat' dir='ltr'>V,</span> <span class='ocrx_word' id='word_1_335' title='bbox 413 2724 454 2777; x_wconf 86' lang='lat'>4,</span> <span class='ocrx_word' id='word_1_336' title='bbox 472 2723 528 2766; x_wconf 87' lang='lat'>34</span> <span class='ocrx_word' id='word_1_337' title='bbox 542 2724 631 2766; x_wconf 82' lang='lat' dir='ltr'>Nee</span> <span class='ocrx_word' id='word_1_338' title='bbox 646 2723 796 2767; x_wconf 78' lang='lat' dir='ltr'>vellent</span> <span class='ocrx_word' id='word_1_339' title='bbox 811 2725 918 2768; x_wconf 79' lang='lat' dir='ltr'>ictae</span> <span class='ocrx_word' id='word_1_340' title='bbox 940 2725 1066 2769; x_wconf 74' lang='lat' dir='ltr'>limen</span> <span class='ocrx_word' id='word_1_341' title='bbox 1082 2726 1203 2769; x_wconf 75' lang='lat' dir='ltr'>adire</span> <span class='ocrx_word' id='word_1_342' title='bbox 1220 2726 1367 2769; x_wconf 82' lang='lat' dir='ltr'>domus</span> <span class='ocrx_word' id='word_1_343' title='bbox 1384 2756 1394 2766; x_wconf 93' lang='lat'>.</span> <span class='ocrx_word' id='word_1_344' title='bbox 1416 2724 1551 2767; x_wconf 91' lang='lat' dir='ltr'>nihilo</span> <span class='ocrx_word' id='word_1_345' title='bbox 1571 2724 1709 2767; x_wconf 86' lang='lat' dir='ltr'>minus</span> <span class='ocrx_word' id='word_1_346' title='bbox 1726 2725 1786 2767; x_wconf 86' lang='lat' dir='ltr'>vi—</span> 
     </span>
     <span class='ocr_line' id='line_1_38' title="bbox 296 2789 1786 2849; baseline 0.001 -18"><span class='ocrx_word' id='word_1_347' title='bbox 296 2790 344 2831; x_wconf 91' lang='lat' dir='ltr'>tii</span> <span class='ocrx_word' id='word_1_348' title='bbox 380 2789 527 2833; x_wconf 89' lang='lat' dir='ltr'>sedem</span> <span class='ocrx_word' id='word_1_349' title='bbox 558 2791 779 2834; x_wconf 89' lang='lat' dir='ltr'>Bentleius</span> <span class='ocrx_word' id='word_1_350' title='bbox 809 2796 897 2834; x_wconf 90' lang='lat' dir='ltr'>tum</span> <span class='ocrx_word' id='word_1_351' title='bbox 934 2798 1048 2836; x_wconf 90' lang='lat' dir='ltr'>recte</span> <span class='ocrx_word' id='word_1_352' title='bbox 1084 2794 1305 2849; x_wconf 85' lang='lat' dir='ltr'>perspexit</span> <span class='ocrx_word' id='word_1_353' title='bbox 1334 2793 1506 2848; x_wconf 88' lang='lat' dir='ltr'>(postea</span> <span class='ocrx_word' id='word_1_354' title='bbox 1534 2792 1590 2834; x_wconf 89' lang='lat' dir='ltr'>ad</span> <span class='ocrx_word' id='word_1_355' title='bbox 1620 2792 1786 2834; x_wconf 87' lang='lat' dir='ltr'>Horatii</span> 
     </span>
     <span class='ocr_line' id='line_1_39' title="bbox 297 2858 1787 2916; baseline 0.001 -16"><span class='ocrx_word' id='word_1_356' title='bbox 297 2871 542 2901; x_wconf 83' lang='lat' dir='ltr'>sermonum</span> <span class='ocrx_word' id='word_1_357' title='bbox 570 2858 724 2901; x_wconf 90' lang='lat' dir='ltr'>librum</span> <span class='ocrx_word' id='word_1_358' title='bbox 750 2874 778 2914; x_wconf 93' lang='lat'>1,</span> <span class='ocrx_word' id='word_1_359' title='bbox 797 2859 838 2914; x_wconf 88' lang='lat'>3,</span> <span class='ocrx_word' id='word_1_360' title='bbox 857 2860 880 2902; x_wconf 91' lang='lat'>7</span> <span class='ocrx_word' id='word_1_361' title='bbox 912 2861 1114 2915; x_wconf 88' lang='lat' dir='ltr'>probavit</span> <span class='ocrx_word' id='word_1_362' title='bbox 1143 2860 1490 2916; x_wconf 88' lang='lat' dir='ltr'>Marullianum):</span> <span class='ocrx_word' id='word_1_363' title='bbox 1518 2859 1787 2903; x_wconf 89' lang='lat' dir='ltr'>scribendum</span> 
     </span>
     <span class='ocr_line' id='line_1_40' title="bbox 300 2926 1790 2984; baseline 0.001 -16"><span class='ocrx_word' id='word_1_364' title='bbox 300 2929 365 2968; x_wconf 83' lang='lat' dir='ltr'>est</span> <span class='ocrx_word' id='word_1_365' title='bbox 386 2926 498 2969; x_wconf 85' lang='lat' dir='ltr'>enim</span> <span class='ocrx_word' id='word_1_366' title='bbox 521 2940 686 2968; x_wconf 75' lang='lat' dir='ltr'>DocrA</span> <span class='ocrx_word' id='word_1_367' title='bbox 707 2927 868 2984; x_wconf 75' lang='lat' dir='ltr'>referri</span> <span class='ocrx_word' id='word_1_368' title='bbox 882 2959 891 2968; x_wconf 91' lang='lat'><strong>.</strong></span> <span class='ocrx_word' id='word_1_369' title='bbox 914 2928 976 2971; x_wconf 86' lang='lat' dir='ltr'>ita</span> <span class='ocrx_word' id='word_1_370' title='bbox 996 2929 1111 2983; x_wconf 87' lang='lat' dir='ltr'>apud</span> <span class='ocrx_word' id='word_1_371' title='bbox 1132 2929 1352 2971; x_wconf 87' lang='lat' dir='ltr'>Horatium</span> <span class='ocrx_word' id='word_1_372' title='bbox 1375 2930 1512 2971; x_wconf 74' lang='lat' dir='ltr'>amm&#39;s</span> <span class='ocrx_word' id='word_1_373' title='bbox 1532 2929 1690 2970; x_wconf 75' lang='lat' dir='ltr'>Doctus</span> <span class='ocrx_word' id='word_1_374' title='bbox 1711 2929 1790 2970; x_wconf 69' lang='lat' dir='ltr'>iter</span> 
     </span>
    </p>

    <p class='ocr_par' dir='ltr' id='par_1_6' title="bbox 1434 2996 1523 3038">
     <span class='ocr_line' id='line_1_41' title="bbox 1434 2996 1523 3038; baseline 0.022 -2"><span class='ocrx_word' id='word_1_375' title='bbox 1434 2997 1484 3038; x_wconf 88' lang='grc'>16</span> <span class='ocrx_word' id='word_1_376' title='bbox 1498 2996 1523 3022; x_wconf 73' lang='grc'>*</span> 
     </span>
    </p>
   </div>
   <div class='ocr_carea' id='block_1_3' title="bbox 498 1797 615 1802">
    <p class='ocr_par' dir='ltr' id='par_1_7' title="bbox 498 1797 615 1802">
     <span class='ocr_line' id='line_1_42' title="bbox 498 1797 615 1802; baseline 0 0"><span class='ocrx_word' id='word_1_377' title='bbox 498 1797 615 1802; x_wconf 95' lang='lat' dir='ltr'> </span> 
     </span>
    </p>
   </div>
  </div>
 </body>
</html>
