<?xml version="1.0" encoding="UTF-8"?>
<!DOCTYPE html PUBLIC "-//W3C//DTD XHTML 1.0 Transitional//EN"
    "http://www.w3.org/TR/xhtml1/DTD/xhtml1-transitional.dtd">
<html xmlns="http://www.w3.org/1999/xhtml" xml:lang="en" lang="en">
 <head>
  <title>
</title>
<meta http-equiv="Content-Type" content="text/html;charset=utf-8" />
  <meta name='ocr-system' content='tesseract 3.04.00' />
  <meta name='ocr-capabilities' content='ocr_page ocr_carea ocr_par ocr_line ocrx_word'/>
</head>
<body>
  <div class='ocr_page' id='page_1' title='image "./intlucretiicarid00lachuoft_0268.png"; bbox 0 0 2040 3328; ppageno 0'>
   <div class='ocr_carea' id='block_1_1' title="bbox 354 183 1107 226">
    <p class='ocr_par' dir='ltr' id='par_1_1' title="bbox 354 183 1107 226">
     <span class='ocr_line' id='line_1_1' title="bbox 354 183 1107 226; baseline -0.004 0"><span class='ocrx_word' id='word_1_1' title='bbox 354 184 436 226; x_wconf 87' lang='grc'><em>264</em></span> <span class='ocrx_word' id='word_1_2' title='bbox 1049 183 1107 224; x_wconf 96' lang='lat' dir='ltr'><em>IV</em></span> 
     </span>
    </p>
   </div>
   <div class='ocr_carea' id='block_1_2' title="bbox 352 295 1819 2954">
    <p class='ocr_par' dir='ltr' id='par_1_2' title="bbox 354 295 1804 482">
     <span class='ocr_line' id='line_1_2' title="bbox 354 295 1804 352; baseline -0.001 -13"><span class='ocrx_word' id='word_1_3' title='bbox 354 305 507 339; x_wconf 88' lang='lat' dir='ltr'><em>natura</em></span> <span class='ocrx_word' id='word_1_4' title='bbox 536 297 591 337; x_wconf 88' lang='lat' dir='ltr'><em>Et</em></span> <span class='ocrx_word' id='word_1_5' title='bbox 614 295 737 352; x_wconf 64' lang='lat' dir='ltr'><em>pigri</em></span> <span class='ocrx_word' id='word_1_6' title='bbox 763 295 903 336; x_wconf 85' lang='lat' dir='ltr'><em>latices</em></span> <span class='ocrx_word' id='word_1_7' title='bbox 932 295 1064 349; x_wconf 69' lang='lat' dir='ltr'><em>mayis</em></span> <span class='ocrx_word' id='word_1_8' title='bbox 1086 302 1122 336; x_wconf 92' lang='lat' dir='ltr'><em>et</em></span> <span class='ocrx_word' id='word_1_9' title='bbox 1142 295 1395 335; x_wconf 74' lang='lat' dir='ltr'><em>cunctantior</em></span> <span class='ocrx_word' id='word_1_10' title='bbox 1421 303 1536 336; x_wconf 88' lang='lat' dir='ltr'><em>actus</em></span> <span class='ocrx_word' id='word_1_11' title='bbox 1557 326 1567 336; x_wconf 90' lang='lat'><strong>.</strong></span> <span class='ocrx_word' id='word_1_12' title='bbox 1588 295 1804 338; x_wconf 74' lang='lat' dir='ltr'><strong>Vitruvius</strong></span> 
     </span>
     <span class='ocr_line' id='line_1_3' title="bbox 355 360 1804 418; baseline -0.001 -13"><span class='ocrx_word' id='word_1_13' title='bbox 355 364 399 406; x_wconf 89' lang='lat' dir='ltr'><em>in</em></span> <span class='ocrx_word' id='word_1_14' title='bbox 427 377 467 418; x_wconf 81' lang='lat' dir='ltr'><em>V,</em></span> <span class='ocrx_word' id='word_1_15' title='bbox 485 363 523 416; x_wconf 87' lang='lat'><em>3,</em></span> <span class='ocrx_word' id='word_1_16' title='bbox 547 363 572 404; x_wconf 88' lang='grc'><strong>6</strong></span> <span class='ocrx_word' id='word_1_17' title='bbox 602 363 689 404; x_wconf 76' lang='lat' dir='ltr'><em>Vox</em></span> <span class='ocrx_word' id='word_1_18' title='bbox 718 367 851 403; x_wconf 83' lang='lat' dir='ltr'><em>autem</em></span> <span class='ocrx_word' id='word_1_19' title='bbox 881 368 938 402; x_wconf 88' lang='lat' dir='ltr'><em>est</em></span> <span class='ocrx_word' id='word_1_20' title='bbox 967 360 1141 415; x_wconf 74' lang='lat' dir='ltr'><em>spiritus</em></span> <span class='ocrx_word' id='word_1_21' title='bbox 1156 361 1297 415; x_wconf 89' lang='lat' dir='ltr'><em>fluens</em></span> <span class='ocrx_word' id='word_1_22' title='bbox 1327 362 1436 402; x_wconf 82' lang='lat' dir='ltr'><em>a&#39;e‘ris</em></span> <span class='ocrx_word' id='word_1_23' title='bbox 1466 371 1502 403; x_wconf 92' lang='lat' dir='ltr'><em>et</em></span> <span class='ocrx_word' id='word_1_24' title='bbox 1531 371 1648 404; x_wconf 84' lang='lat' dir='ltr'><em>actus</em></span> <span class='ocrx_word' id='word_1_25' title='bbox 1677 362 1804 404; x_wconf 83' lang='lat' dir='ltr'><em>sensi-</em></span> 
     </span>
     <span class='ocr_line' id='line_1_4' title="bbox 355 425 1278 482; baseline -0.007 -10"><span class='ocrx_word' id='word_1_26' title='bbox 355 430 451 472; x_wconf 80' lang='lat' dir='ltr'><em>bilis</em></span> <span class='ocrx_word' id='word_1_27' title='bbox 480 428 627 470; x_wconf 79' lang='lat' dir='ltr'><em>auditu</em></span> <span class='ocrx_word' id='word_1_28' title='bbox 643 444 657 482; x_wconf 74' lang='lat'><em>‚⁰</em></span> <span class='ocrx_word' id='word_1_29' title='bbox 676 427 747 469; x_wconf 94' lang='lat' dir='ltr'><em>ubi</em></span> <span class='ocrx_word' id='word_1_30' title='bbox 778 436 814 469; x_wconf 93' lang='lat' dir='ltr'><em>et</em></span> <span class='ocrx_word' id='word_1_31' title='bbox 843 434 938 468; x_wconf 85' lang='lat' dir='ltr'><em>actu</em></span> <span class='ocrx_word' id='word_1_32' title='bbox 966 425 1123 467; x_wconf 86' lang='lat' dir='ltr'><em>habent</em></span> <span class='ocrx_word' id='word_1_33' title='bbox 1151 426 1278 467; x_wconf 88' lang='lat' dir='ltr'><em>libri.</em></span> 
     </span>
    </p>

    <p class='ocr_par' dir='ltr' id='par_1_3' title="bbox 352 495 1809 1351">
     <span class='ocr_line' id='line_1_5' title="bbox 467 495 1805 540; baseline 0 -3"><span class='ocrx_word' id='word_1_34' title='bbox 467 495 561 537; x_wconf 89' lang='grc'><em>962.</em></span> <span class='ocrx_word' id='word_1_35' title='bbox 593 495 659 536; x_wconf 79' lang='grc' dir='ltr'><em>ΕΤ</em></span> <span class='ocrx_word' id='word_1_36' title='bbox 689 507 786 540; x_wconf 83' lang='lat' dir='ltr'><em>Quo</em></span> <span class='ocrx_word' id='word_1_37' title='bbox 817 506 1029 539; x_wconf 79' lang='lat' dir='ltr'><strong>QUISQUE</strong></span> <span class='ocrx_word' id='word_1_38' title='bbox 1059 506 1179 533; x_wconf 80' lang='lat' dir='ltr'><strong>FERE</strong></span> <span class='ocrx_word' id='word_1_39' title='bbox 1210 507 1388 534; x_wconf 74' lang='lat' dir='ltr'><em>srumo</em></span> <span class='ocrx_word' id='word_1_40' title='bbox 1417 508 1695 537; x_wconf 69' lang='lat' dir='ltr'><em>Dnvmc‘rus</em></span> <span class='ocrx_word' id='word_1_41' title='bbox 1720 508 1805 536; x_wconf 80' lang='lat' dir='ltr'><em>AD-</em></span> 
     </span>
     <span class='ocr_line' id='line_1_6' title="bbox 355 558 1804 615; baseline 0.001 -12"><span class='ocrx_word' id='word_1_42' title='bbox 355 575 548 603; x_wconf 70' lang='lat' dir='ltr'><em>nAERnT</em></span> <span class='ocrx_word' id='word_1_43' title='bbox 571 594 580 605; x_wconf 87' lang='lat'><strong>.</strong></span> <span class='ocrx_word' id='word_1_44' title='bbox 612 561 681 603; x_wconf 84' lang='lat' dir='ltr'><em>Sic</em></span> <span class='ocrx_word' id='word_1_45' title='bbox 711 561 917 613; x_wconf 87' lang='lat' dir='ltr'><em>oblongus</em></span> <span class='ocrx_word' id='word_1_46' title='bbox 948 563 989 601; x_wconf 88' lang='lat' dir='ltr'><em>et</em></span> <span class='ocrx_word' id='word_1_47' title='bbox 1016 558 1223 600; x_wconf 89' lang='lat' dir='ltr'><em>Antonius</em></span> <span class='ocrx_word' id='word_1_48' title='bbox 1250 559 1515 603; x_wconf 84' lang='lat' dir='ltr'><em>Florentinus</em></span> <span class='ocrx_word' id='word_1_49' title='bbox 1538 593 1547 602; x_wconf 93' lang='lat'>.</span> <span class='ocrx_word' id='word_1_50' title='bbox 1577 561 1804 615; x_wconf 84' lang='lat' dir='ltr'><em>quadratus</em></span> 
     </span>
     <span class='ocr_line' id='line_1_7' title="bbox 355 625 1806 684; baseline -0.001 -13"><span class='ocrx_word' id='word_1_51' title='bbox 355 629 492 684; x_wconf 82' lang='lat' dir='ltr'><em>prima</em></span> <span class='ocrx_word' id='word_1_52' title='bbox 521 641 646 670; x_wconf 88' lang='lat' dir='ltr'><em>manu</em></span> <span class='ocrx_word' id='word_1_53' title='bbox 677 636 718 669; x_wconf 81' lang='lat' dir='ltr'><em>..t</em></span> <span class='ocrx_word' id='word_1_54' title='bbox 738 625 876 682; x_wconf 82' lang='lat' dir='ltr'><em>quod,</em></span> <span class='ocrx_word' id='word_1_55' title='bbox 898 639 924 667; x_wconf 89' lang='lat' dir='ltr'>a</span> <span class='ocrx_word' id='word_1_56' title='bbox 954 629 1186 668; x_wconf 81' lang='lat' dir='ltr'><em>correctore</em></span> <span class='ocrx_word' id='word_1_57' title='bbox 1216 635 1258 667; x_wconf 80' lang='lat' dir='ltr'><em>at</em></span> <span class='ocrx_word' id='word_1_58' title='bbox 1287 642 1366 681; x_wconf 82' lang='lat' dir='ltr'><em>quo</em></span> <span class='ocrx_word' id='word_1_59' title='bbox 1387 658 1395 667; x_wconf 91' lang='lat'><strong><em>.</em></strong></span> <span class='ocrx_word' id='word_1_60' title='bbox 1419 627 1518 668; x_wconf 92' lang='lat' dir='ltr'><em>olim</em></span> <span class='ocrx_word' id='word_1_61' title='bbox 1546 628 1737 682; x_wconf 79' lang='lat' dir='ltr'>impressi</span> <span class='ocrx_word' id='word_1_62' title='bbox 1765 632 1806 670; x_wconf 89' lang='lat' dir='ltr'><em>et</em></span> 
     </span>
     <span class='ocr_line' id='line_1_8' title="bbox 355 691 1804 750; baseline 0 -13"><span class='ocrx_word' id='word_1_63' title='bbox 355 695 560 737; x_wconf 80' lang='lat' dir='ltr'>Marullus</span> <span class='ocrx_word' id='word_1_64' title='bbox 581 695 636 736; x_wconf 80' lang='lat' dir='ltr'><em>Et</em></span> <span class='ocrx_word' id='word_1_65' title='bbox 657 710 735 750; x_wconf 81' lang='lat' dir='ltr'><em>quo</em></span> <span class='ocrx_word' id='word_1_66' title='bbox 751 693 970 748; x_wconf 74' lang='lat' dir='ltr'><em>defunctus</em></span> <span class='ocrx_word' id='word_1_67' title='bbox 988 724 996 733; x_wconf 93' lang='lat'><strong><em>.</em></strong></span> <span class='ocrx_word' id='word_1_68' title='bbox 1018 692 1248 734; x_wconf 82' lang='lat' dir='ltr'><strong>Lambinus</strong></span> <span class='ocrx_word' id='word_1_69' title='bbox 1270 691 1372 734; x_wconf 83' lang='lat' dir='ltr'><em>facit</em></span> <span class='ocrx_word' id='word_1_70' title='bbox 1391 693 1446 734; x_wconf 81' lang='lat' dir='ltr'><em>Et</em></span> <span class='ocrx_word' id='word_1_71' title='bbox 1462 695 1563 749; x_wconf 82' lang='lat' dir='ltr'><em>quoi</em></span> <span class='ocrx_word' id='word_1_72' title='bbox 1573 693 1781 737; x_wconf 81' lang='lat' dir='ltr'><em>devinctus</em></span> <span class='ocrx_word' id='word_1_73' title='bbox 1794 729 1804 738; x_wconf 90' lang='lat'><strong>.</strong></span> 
     </span>
     <span class='ocr_line' id='line_1_9' title="bbox 356 758 1805 816; baseline -0.001 -12"><span class='ocrx_word' id='word_1_74' title='bbox 356 762 400 805; x_wconf 89' lang='lat' dir='ltr'><em>id</em></span> <span class='ocrx_word' id='word_1_75' title='bbox 431 761 541 816; x_wconf 88' lang='lat' dir='ltr'><em>quod</em></span> <span class='ocrx_word' id='word_1_76' title='bbox 572 774 716 803; x_wconf 86' lang='lat' dir='ltr'><em>verum</em></span> <span class='ocrx_word' id='word_1_77' title='bbox 756 763 819 801; x_wconf 83' lang='lat' dir='ltr'><em>est</em></span> <span class='ocrx_word' id='word_1_78' title='bbox 849 759 1003 800; x_wconf 84' lang='lat' dir='ltr'>Fronto</span> <span class='ocrx_word' id='word_1_79' title='bbox 1043 758 1259 800; x_wconf 80' lang='lat' dir='ltr'><em>confirmat</em></span> <span class='ocrx_word' id='word_1_80' title='bbox 1295 758 1348 800; x_wconf 87' lang='lat' dir='ltr'><em>de</em></span> <span class='ocrx_word' id='word_1_81' title='bbox 1387 758 1503 801; x_wconf 85' lang='lat' dir='ltr'><em>feriis</em></span> <span class='ocrx_word' id='word_1_82' title='bbox 1543 759 1805 803; x_wconf 84' lang='lat' dir='ltr'><em>Alsiensibus</em></span> 
     </span>
     <span class='ocr_line' id='line_1_10' title="bbox 356 825 1805 884; baseline -0.003 -11"><span class='ocrx_word' id='word_1_83' title='bbox 356 844 396 884; x_wconf 92' lang='lat' dir='ltr'><em>p.</em></span> <span class='ocrx_word' id='word_1_84' title='bbox 419 829 502 870; x_wconf 89' lang='grc'><em>214</em></span> <span class='ocrx_word' id='word_1_85' title='bbox 530 827 631 882; x_wconf 86' lang='grc'><strong>(143</strong></span> <span class='ocrx_word' id='word_1_86' title='bbox 652 826 822 881; x_wconf 89' lang='lat' dir='ltr'><em>Nieb.),</em></span> <span class='ocrx_word' id='word_1_87' title='bbox 854 826 971 867; x_wconf 84' lang='lat' dir='ltr'><em>euius</em></span> <span class='ocrx_word' id='word_1_88' title='bbox 1000 826 1132 869; x_wconf 86' lang='lat' dir='ltr'><em>verba</em></span> <span class='ocrx_word' id='word_1_89' title='bbox 1160 826 1239 867; x_wconf 86' lang='lat' dir='ltr'><em>hoe</em></span> <span class='ocrx_word' id='word_1_90' title='bbox 1268 825 1393 867; x_wconf 89' lang='lat' dir='ltr'><em>modo</em></span> <span class='ocrx_word' id='word_1_91' title='bbox 1423 825 1647 868; x_wconf 81' lang='lat' dir='ltr'><em>scribenda</em></span> <span class='ocrx_word' id='word_1_92' title='bbox 1683 830 1805 869; x_wconf 88' lang='lat' dir='ltr'><em>sunt.</em></span> 
     </span>
     <span class='ocr_line' id='line_1_11' title="bbox 357 891 1807 950; baseline -0.002 -13"><span class='ocrx_word' id='word_1_93' title='bbox 357 895 416 936; x_wconf 82' lang='lat' dir='ltr'><em>ad</em></span> <span class='ocrx_word' id='word_1_94' title='bbox 442 896 514 937; x_wconf 75' lang='lat' dir='ltr'><em>hoc</em></span> <span class='ocrx_word' id='word_1_95' title='bbox 529 927 540 948; x_wconf 71' lang='lat'><em>7</em></span> <span class='ocrx_word' id='word_1_96' title='bbox 562 911 641 950; x_wconf 78' lang='lat' dir='ltr'><em>quo</em></span> <span class='ocrx_word' id='word_1_97' title='bbox 670 893 890 935; x_wconf 80' lang='lat' dir='ltr'><em>iucundior</em></span> <span class='ocrx_word' id='word_1_98' title='bbox 919 893 1148 934; x_wconf 72' lang='lat' dir='ltr'><em>hominibus</em></span> <span class='ocrx_word' id='word_1_99' title='bbox 1167 908 1331 934; x_wconf 77' lang='lat' dir='ltr'><em>somnus</em></span> <span class='ocrx_word' id='word_1_100' title='bbox 1352 900 1480 944; x_wconf 89' lang='lat' dir='ltr'><em>esset,</em></span> <span class='ocrx_word' id='word_1_101' title='bbox 1502 891 1627 933; x_wconf 83' lang='lat' dir='ltr'><em>donat</em></span> <span class='ocrx_word' id='word_1_102' title='bbox 1652 893 1694 934; x_wconf 87' lang='lat' dir='ltr'><em>ei</em></span> <span class='ocrx_word' id='word_1_103' title='bbox 1712 892 1807 946; x_wconf 78' lang='lat' dir='ltr'><em>(sei-</em></span> 
     </span>
     <span class='ocr_line' id='line_1_12' title="bbox 357 958 1807 1014; baseline -0.001 -11"><span class='ocrx_word' id='word_1_104' title='bbox 357 962 454 1004; x_wconf 82' lang='lat' dir='ltr'><strong>licet</strong></span> <span class='ocrx_word' id='word_1_105' title='bbox 484 974 629 1002; x_wconf 85' lang='lat' dir='ltr'><em>somno</em></span> <span class='ocrx_word' id='word_1_106' title='bbox 661 959 876 1014; x_wconf 88' lang='lat' dir='ltr'><em>Iuppiter:</em></span> <span class='ocrx_word' id='word_1_107' title='bbox 897 958 999 1000; x_wconf 88' lang='lat' dir='ltr'><em>Maii</em></span> <span class='ocrx_word' id='word_1_108' title='bbox 1027 958 1161 1000; x_wconf 81' lang='lat' dir='ltr'><strong>codex</strong></span> <span class='ocrx_word' id='word_1_109' title='bbox 1182 958 1236 1012; x_wconf 76' lang='lat' dir='ltr'><em>et)</em></span> <span class='ocrx_word' id='word_1_110' title='bbox 1264 960 1393 1001; x_wconf 79' lang='lat' dir='ltr'><em>multa</em></span> <span class='ocrx_word' id='word_1_111' title='bbox 1423 959 1582 1001; x_wconf 82' lang='lat' dir='ltr'><em>somnia</em></span> <span class='ocrx_word' id='word_1_112' title='bbox 1611 974 1807 1013; x_wconf 84' lang='lat' dir='ltr'><em>amoena,</em></span> 
     </span>
     <span class='ocr_line' id='line_1_13' title="bbox 357 1024 1807 1083; baseline -0.001 -14"><span class='ocrx_word' id='word_1_113' title='bbox 357 1037 426 1082; x_wconf 87' lang='lat' dir='ltr'><em>ut,</em></span> <span class='ocrx_word' id='word_1_114' title='bbox 449 1043 528 1083; x_wconf 80' lang='lat' dir='ltr'><em>quo</em></span> <span class='ocrx_word' id='word_1_115' title='bbox 557 1026 694 1069; x_wconf 82' lang='lat' dir='ltr'><em>studio</em></span> <span class='ocrx_word' id='word_1_116' title='bbox 724 1026 896 1081; x_wconf 79' lang='lat' dir='ltr'><em>quisque</em></span> <span class='ocrx_word' id='word_1_117' title='bbox 926 1024 1135 1066; x_wconf 84' lang='lat' dir='ltr'><em>devinctus</em></span> <span class='ocrx_word' id='word_1_118' title='bbox 1156 1034 1281 1079; x_wconf 85' lang='lat' dir='ltr'><em>esset,</em></span> <span class='ocrx_word' id='word_1_119' title='bbox 1303 1034 1375 1067; x_wconf 89' lang='lat' dir='ltr'><em>aut</em></span> <span class='ocrx_word' id='word_1_120' title='bbox 1393 1024 1546 1079; x_wconf 81' lang='lat' dir='ltr'><em>(codex</em></span> <span class='ocrx_word' id='word_1_121' title='bbox 1566 1025 1628 1078; x_wconf 92' lang='lat' dir='ltr'><em>ut)</em></span> <span class='ocrx_word' id='word_1_122' title='bbox 1646 1026 1807 1068; x_wconf 74' lang='lat' dir='ltr'><em>histrio-</em></span> 
     </span>
     <span class='ocr_line' id='line_1_14' title="bbox 357 1091 1808 1148; baseline -0.002 -11"><span class='ocrx_word' id='word_1_123' title='bbox 357 1111 447 1137; x_wconf 88' lang='lat' dir='ltr'><em>nem</em></span> <span class='ocrx_word' id='word_1_124' title='bbox 468 1095 513 1136; x_wconf 91' lang='lat' dir='ltr'><em>in</em></span> <span class='ocrx_word' id='word_1_125' title='bbox 533 1094 702 1136; x_wconf 82' lang='lat' dir='ltr'><em>somniis</em></span> <span class='ocrx_word' id='word_1_126' title='bbox 718 1093 871 1148; x_wconf 83' lang='lat' dir='ltr'><em>fautor</em></span> <span class='ocrx_word' id='word_1_127' title='bbox 897 1100 1095 1147; x_wconf 71' lang='lat' dir='ltr'><em>spectaret</em></span> <span class='ocrx_word' id='word_1_128' title='bbox 1116 1100 1189 1133; x_wconf 85' lang='lat' dir='ltr'><em>aut</em></span> <span class='ocrx_word' id='word_1_129' title='bbox 1207 1091 1361 1145; x_wconf 77' lang='lat' dir='ltr'><em>(codex</em></span> <span class='ocrx_word' id='word_1_130' title='bbox 1381 1092 1444 1146; x_wconf 90' lang='lat' dir='ltr'><em>ut)</em></span> <span class='ocrx_word' id='word_1_131' title='bbox 1463 1092 1666 1134; x_wconf 72' lang='lat' dir='ltr'><em>tibicinem</em></span> <span class='ocrx_word' id='word_1_132' title='bbox 1691 1092 1808 1135; x_wconf 86' lang='lat' dir='ltr'><em>audi-</em></span> 
     </span>
     <span class='ocr_line' id='line_1_15' title="bbox 360 1157 1806 1216; baseline -0.001 -13"><span class='ocrx_word' id='word_1_133' title='bbox 360 1171 421 1204; x_wconf 88' lang='lat' dir='ltr'><em>ret</em></span> <span class='ocrx_word' id='word_1_134' title='bbox 441 1194 451 1215; x_wconf 88' lang='lat'><em>‚</em></span> <span class='ocrx_word' id='word_1_135' title='bbox 478 1170 522 1203; x_wconf 85' lang='lat' dir='ltr'><em>ut</em></span> <span class='ocrx_word' id='word_1_136' title='bbox 542 1161 716 1216; x_wconf 73' lang='lat' dir='ltr'><em>aurique</em></span> <span class='ocrx_word' id='word_1_137' title='bbox 736 1158 931 1215; x_wconf 64' lang='lat' dir='ltr'><em>agitandi</em></span> <span class='ocrx_word' id='word_1_138' title='bbox 952 1167 1134 1199; x_wconf 88' lang='lat' dir='ltr'><em>monstra</em></span> <span class='ocrx_word' id='word_1_139' title='bbox 1164 1157 1310 1200; x_wconf 83' lang='lat' dir='ltr'><em>darent</em></span> <span class='ocrx_word' id='word_1_140' title='bbox 1337 1158 1492 1212; x_wconf 84' lang='lat' dir='ltr'><em>(codex</em></span> <span class='ocrx_word' id='word_1_141' title='bbox 1520 1159 1806 1213; x_wconf 82' lang='lat' dir='ltr'><em>monstraret),</em></span> 
     </span>
     <span class='ocr_line' id='line_1_16' title="bbox 359 1226 1809 1285; baseline -0.001 -15"><span class='ocrx_word' id='word_1_142' title='bbox 359 1229 509 1270; x_wconf 76' lang='lat' dir='ltr'><em>milites</em></span> <span class='ocrx_word' id='word_1_143' title='bbox 543 1228 698 1269; x_wconf 84' lang='lat' dir='ltr'><em>somnio</em></span> <span class='ocrx_word' id='word_1_144' title='bbox 732 1227 966 1285; x_wconf 78' lang='lat' dir='ltr'><em>vincerent,</em></span> <span class='ocrx_word' id='word_1_145' title='bbox 997 1226 1265 1280; x_wconf 75' lang='lat' dir='ltr'><em>imperatores</em></span> <span class='ocrx_word' id='word_1_146' title='bbox 1298 1227 1452 1268; x_wconf 85' lang='lat' dir='ltr'><em>somnio</em></span> <span class='ocrx_word' id='word_1_147' title='bbox 1487 1226 1809 1281; x_wconf 74' lang='lat' dir='ltr'><em>triumpharent,</em></span> 
     </span>
     <span class='ocr_line' id='line_1_17' title="bbox 352 1291 1282 1351; baseline -0.001 -16"><span class='ocrx_word' id='word_1_148' title='bbox 352 1296 669 1351; x_wconf 73' lang='lat' dir='ltr'><em>pereqrinantes</em></span> <span class='ocrx_word' id='word_1_149' title='bbox 699 1292 854 1335; x_wconf 85' lang='lat' dir='ltr'><em>somnio</em></span> <span class='ocrx_word' id='word_1_150' title='bbox 884 1291 1046 1333; x_wconf 82' lang='lat' dir='ltr'><em>domum</em></span> <span class='ocrx_word' id='word_1_151' title='bbox 1075 1291 1282 1334; x_wconf 78' lang='lat' dir='ltr'><em>redirent.</em></span> 
     </span>
    </p>

    <p class='ocr_par' dir='ltr' id='par_1_4' title="bbox 358 1349 1817 2554">
     <span class='ocr_line' id='line_1_18' title="bbox 473 1349 1811 1404; baseline -0.003 0"><span class='ocrx_word' id='word_1_152' title='bbox 473 1362 568 1404; x_wconf 86' lang='grc'>968.</span> <span class='ocrx_word' id='word_1_153' title='bbox 598 1361 802 1402; x_wconf 71' lang='grc' dir='ltr'>ΝΑυτΑΕ</span> <span class='ocrx_word' id='word_1_154' title='bbox 824 1371 1146 1399; x_wconf 80' lang='lat' dir='ltr'>CONTRACTUM</span> <span class='ocrx_word' id='word_1_155' title='bbox 1170 1373 1264 1400; x_wconf 72' lang='lat' dir='ltr'><em>cun</em></span> <span class='ocrx_word' id='word_1_156' title='bbox 1284 1349 1459 1400; x_wconf 72' lang='lat' dir='ltr'><em>vnN&#39;i1s</em></span> <span class='ocrx_word' id='word_1_157' title='bbox 1485 1373 1677 1400; x_wconf 68' lang='lat' dir='ltr'><em>1³2⁶an</em></span> <span class='ocrx_word' id='word_1_158' title='bbox 1698 1373 1811 1400; x_wconf 70' lang='lat' dir='ltr'><em>vnn-</em></span> 
     </span>
     <span class='ocr_line' id='line_1_19' title="bbox 360 1426 1812 1482; baseline -0.001 -13"><span class='ocrx_word' id='word_1_159' title='bbox 360 1443 456 1470; x_wconf 76' lang='lat' dir='ltr'><em>LUM</em></span> <span class='ocrx_word' id='word_1_160' title='bbox 479 1460 488 1469; x_wconf 90' lang='lat'>.</span> <span class='ocrx_word' id='word_1_161' title='bbox 520 1427 761 1479; x_wconf 80' lang='lat' dir='ltr'><em>Quadratus</em></span> <span class='ocrx_word' id='word_1_162' title='bbox 791 1426 982 1482; x_wconf 66' lang='lat' dir='ltr'><em>dngerere</em></span> <span class='ocrx_word' id='word_1_163' title='bbox 1016 1426 1148 1468; x_wconf 80' lang='lat' dir='ltr'><em>velum</em></span> <span class='ocrx_word' id='word_1_164' title='bbox 1170 1458 1179 1468; x_wconf 89' lang='lat'><em>.</em></span> <span class='ocrx_word' id='word_1_165' title='bbox 1210 1426 1354 1482; x_wconf 72' lang='lat' dir='ltr'><em>deqere</em></span> <span class='ocrx_word' id='word_1_166' title='bbox 1383 1440 1575 1467; x_wconf 78' lang='lat' dir='ltr'><strong>BELLUM</strong></span> <span class='ocrx_word' id='word_1_167' title='bbox 1604 1429 1812 1469; x_wconf 81' lang='lat' dir='ltr'><em>corrector</em></span> 
     </span>
     <span class='ocr_line' id='line_1_20' title="bbox 361 1492 1813 1548; baseline -0.001 -12"><span class='ocrx_word' id='word_1_168' title='bbox 361 1495 533 1548; x_wconf 85' lang='lat' dir='ltr'><em>oblongi</em></span> <span class='ocrx_word' id='word_1_169' title='bbox 557 1526 565 1535; x_wconf 97' lang='lat'><strong><em>.</em></strong></span> <span class='ocrx_word' id='word_1_170' title='bbox 596 1495 749 1537; x_wconf 88' lang='lat' dir='ltr'><em>vellem</em></span> <span class='ocrx_word' id='word_1_171' title='bbox 778 1492 858 1534; x_wconf 83' lang='lat' dir='ltr'><em>hoe</em></span> <span class='ocrx_word' id='word_1_172' title='bbox 885 1496 970 1534; x_wconf 86' lang='lat' dir='ltr'><em>tam</em></span> <span class='ocrx_word' id='word_1_173' title='bbox 1001 1497 1192 1547; x_wconf 88' lang='lat' dir='ltr'><em>apertum</em></span> <span class='ocrx_word' id='word_1_174' title='bbox 1221 1497 1333 1535; x_wconf 85' lang='lat' dir='ltr'><em>esset</em></span> <span class='ocrx_word' id='word_1_175' title='bbox 1366 1506 1491 1548; x_wconf 89' lang='lat' dir='ltr'><em>quam</em></span> <span class='ocrx_word' id='word_1_176' title='bbox 1522 1497 1586 1535; x_wconf 87' lang='lat' dir='ltr'><em>est</em></span> <span class='ocrx_word' id='word_1_177' title='bbox 1619 1493 1663 1535; x_wconf 92' lang='lat' dir='ltr'><em>in</em></span> <span class='ocrx_word' id='word_1_178' title='bbox 1693 1506 1813 1548; x_wconf 84' lang='lat' dir='ltr'><em>supe-</em></span> 
     </span>
     <span class='ocr_line' id='line_1_21' title="bbox 360 1558 1813 1617; baseline -0.001 -14"><span class='ocrx_word' id='word_1_179' title='bbox 360 1562 542 1603; x_wconf 88' lang='lat' dir='ltr'><em>rioribus</em></span> <span class='ocrx_word' id='word_1_180' title='bbox 572 1576 808 1617; x_wconf 76' lang='lat' dir='ltr'><em>componere</em></span> <span class='ocrx_word' id='word_1_181' title='bbox 838 1560 946 1616; x_wconf 73' lang='lat' dir='ltr'><em>leyes</em></span> <span class='ocrx_word' id='word_1_182' title='bbox 970 1592 981 1613; x_wconf 82' lang='lat'>,</span> <span class='ocrx_word' id='word_1_183' title='bbox 1012 1558 1125 1613; x_wconf 88' lang='lat' dir='ltr'><em>quod</em></span> <span class='ocrx_word' id='word_1_184' title='bbox 1157 1560 1210 1602; x_wconf 89' lang='lat' dir='ltr'><em>de</em></span> <span class='ocrx_word' id='word_1_185' title='bbox 1240 1561 1495 1614; x_wconf 80' lang='lat' dir='ltr'><em>emptionum</em></span> <span class='ocrx_word' id='word_1_186' title='bbox 1524 1559 1813 1603; x_wconf 86' lang='lat' dir='ltr'><em>venditionum</em></span> 
     </span>
     <span class='ocr_line' id='line_1_22' title="bbox 360 1626 1812 1683; baseline -0.001 -13"><span class='ocrx_word' id='word_1_187' title='bbox 360 1628 528 1682; x_wconf 82' lang='lat' dir='ltr'><em>legibus</em></span> <span class='ocrx_word' id='word_1_188' title='bbox 558 1626 849 1683; x_wconf 80' lang='lat' dir='ltr'><em>accipiendum</em></span> <span class='ocrx_word' id='word_1_189' title='bbox 881 1639 974 1668; x_wconf 88' lang='lat' dir='ltr'><em>esse</em></span> <span class='ocrx_word' id='word_1_190' title='bbox 1004 1626 1253 1680; x_wconf 81' lang='lat' dir='ltr'><em>interpretes</em></span> <span class='ocrx_word' id='word_1_191' title='bbox 1288 1639 1373 1668; x_wconf 90' lang='lat' dir='ltr'><em>non</em></span> <span class='ocrx_word' id='word_1_192' title='bbox 1403 1627 1598 1669; x_wconf 86' lang='lat' dir='ltr'><em>viderunt</em></span> <span class='ocrx_word' id='word_1_193' title='bbox 1624 1659 1633 1669; x_wconf 92' lang='lat'><strong>.</strong></span> <span class='ocrx_word' id='word_1_194' title='bbox 1665 1627 1812 1670; x_wconf 81' lang='lat' dir='ltr'><em>bellum</em></span> 
     </span>
     <span class='ocr_line' id='line_1_23' title="bbox 361 1692 1813 1751; baseline -0.001 -14"><span class='ocrx_word' id='word_1_195' title='bbox 361 1712 507 1751; x_wconf 60' lang='lat' dir='ltr'><em>affere,</em></span> <span class='ocrx_word' id='word_1_196' title='bbox 529 1694 642 1749; x_wconf 87' lang='lat' dir='ltr'><em>quod</em></span> <span class='ocrx_word' id='word_1_197' title='bbox 671 1694 809 1736; x_wconf 83' lang='lat' dir='ltr'><em>lexioa</em></span> <span class='ocrx_word' id='word_1_198' title='bbox 838 1693 908 1735; x_wconf 80' lang='lat' dir='ltr'><em>vix</em></span> <span class='ocrx_word' id='word_1_199' title='bbox 939 1692 1172 1746; x_wconf 84' lang='lat' dir='ltr'><em>attingunt,</em></span> <span class='ocrx_word' id='word_1_200' title='bbox 1194 1696 1290 1747; x_wconf 85' lang='lat' dir='ltr'><em>post</em></span> <span class='ocrx_word' id='word_1_201' title='bbox 1314 1692 1572 1736; x_wconf 84' lang='lat' dir='ltr'><em>Gronovium</em></span> <span class='ocrx_word' id='word_1_202' title='bbox 1601 1694 1644 1735; x_wconf 91' lang='lat' dir='ltr'><em>in</em></span> <span class='ocrx_word' id='word_1_203' title='bbox 1673 1693 1813 1736; x_wconf 84' lang='lat' dir='ltr'><em>obser-</em></span> 
     </span>
     <span class='ocr_line' id='line_1_24' title="bbox 360 1759 1813 1815; baseline -0.003 -11"><span class='ocrx_word' id='word_1_204' title='bbox 360 1762 600 1804; x_wconf 85' lang='lat' dir='ltr'><em>vationibus</em></span> <span class='ocrx_word' id='word_1_205' title='bbox 626 1775 666 1815; x_wconf 91' lang='lat' dir='ltr'><em>p.</em></span> <span class='ocrx_word' id='word_1_206' title='bbox 684 1761 762 1802; x_wconf 85' lang='grc'><em>227</em></span> <span class='ocrx_word' id='word_1_207' title='bbox 794 1759 975 1801; x_wconf 86' lang='lat' dir='ltr'><em>firmavit</em></span> <span class='ocrx_word' id='word_1_208' title='bbox 1004 1759 1207 1812; x_wconf 80' lang='lat' dir='ltr'><em>exemplis</em></span> <span class='ocrx_word' id='word_1_209' title='bbox 1236 1759 1607 1803; x_wconf 83' lang='lat' dir='ltr'><em>Drakenborehius</em></span> <span class='ocrx_word' id='word_1_210' title='bbox 1627 1759 1682 1803; x_wconf 87' lang='lat' dir='ltr'><em>ad</em></span> <span class='ocrx_word' id='word_1_211' title='bbox 1701 1760 1813 1803; x_wconf 87' lang='lat' dir='ltr'><em>Livii</em></span> 
     </span>
     <span class='ocr_line' id='line_1_25' title="bbox 360 1826 1814 1883; baseline -0.002 -12"><span class='ocrx_word' id='word_1_212' title='bbox 360 1829 455 1871; x_wconf 87' lang='lat' dir='ltr'><em>libri</em></span> <span class='ocrx_word' id='word_1_213' title='bbox 476 1843 574 1869; x_wconf 78' lang='lat' dir='ltr'><em>xmx</em></span> <span class='ocrx_word' id='word_1_214' title='bbox 604 1828 813 1883; x_wconf 87' lang='lat' dir='ltr'><em>epitomen</em></span> <span class='ocrx_word' id='word_1_215' title='bbox 835 1858 844 1881; x_wconf 97' lang='lat'>,</span> <span class='ocrx_word' id='word_1_216' title='bbox 867 1826 965 1868; x_wconf 87' lang='lat' dir='ltr'><em>item</em></span> <span class='ocrx_word' id='word_1_217' title='bbox 994 1826 1233 1880; x_wconf 86' lang='lat' dir='ltr'><em>nuperrime</em></span> <span class='ocrx_word' id='word_1_218' title='bbox 1263 1826 1318 1868; x_wconf 85' lang='lat' dir='ltr'><em>ad.</em></span> <span class='ocrx_word' id='word_1_219' title='bbox 1349 1826 1586 1869; x_wconf 86' lang='lat' dir='ltr'><em>Cornelium</em></span> <span class='ocrx_word' id='word_1_220' title='bbox 1607 1828 1814 1882; x_wconf 87' lang='lat' dir='ltr'><em>Nepotem</em></span> 
     </span>
     <span class='ocr_line' id='line_1_26' title="bbox 361 1893 1814 1951; baseline -0.002 -13"><span class='ocrx_word' id='word_1_221' title='bbox 361 1897 405 1938; x_wconf 91' lang='lat' dir='ltr'><em>in</em></span> <span class='ocrx_word' id='word_1_222' title='bbox 425 1895 654 1951; x_wconf 86' lang='lat' dir='ltr'><em>Spieilegio</em></span> <span class='ocrx_word' id='word_1_223' title='bbox 671 1908 711 1949; x_wconf 91' lang='lat' dir='ltr'><em>p.</em></span> <span class='ocrx_word' id='word_1_224' title='bbox 731 1895 784 1937; x_wconf 87' lang='grc'><em>69</em></span> <span class='ocrx_word' id='word_1_225' title='bbox 800 1893 1108 1948; x_wconf 87' lang='lat' dir='ltr'><em>Nipperdeius.</em></span> <span class='ocrx_word' id='word_1_226' title='bbox 1130 1906 1255 1947; x_wconf 90' lang='lat' dir='ltr'><em>porro</em></span> <span class='ocrx_word' id='word_1_227' title='bbox 1273 1893 1520 1936; x_wconf 85' lang='lat' dir='ltr'><em>deactionem</em></span> <span class='ocrx_word' id='word_1_228' title='bbox 1536 1894 1689 1936; x_wconf 83' lang='lat' dir='ltr'><em>Paulus</em></span> <span class='ocrx_word' id='word_1_229' title='bbox 1706 1893 1814 1936; x_wconf 87' lang='lat' dir='ltr'><em>libro</em></span> 
     </span>
     <span class='ocr_line' id='line_1_27' title="bbox 361 1960 1815 2018; baseline -0.001 -14"><span class='ocrx_word' id='word_1_230' title='bbox 361 1978 403 2004; x_wconf 91' lang='lat' dir='ltr'><em>1v</em></span> <span class='ocrx_word' id='word_1_231' title='bbox 425 1976 476 2006; x_wconf 83' lang='lat' dir='ltr'><em>ex</em></span> <span class='ocrx_word' id='word_1_232' title='bbox 496 1964 621 2004; x_wconf 88' lang='lat' dir='ltr'><em>Festo</em></span> <span class='ocrx_word' id='word_1_233' title='bbox 643 1976 683 2016; x_wconf 92' lang='lat' dir='ltr'><em>p.</em></span> <span class='ocrx_word' id='word_1_234' title='bbox 703 1961 756 2003; x_wconf 82' lang='lat'><em>74</em></span> <span class='ocrx_word' id='word_1_235' title='bbox 776 1962 1058 2018; x_wconf 73' lang='lat' dir='ltr'><em>peractionem</em></span> <span class='ocrx_word' id='word_1_236' title='bbox 1078 1973 1171 2002; x_wconf 85' lang='lat' dir='ltr'><em>esse</em></span> <span class='ocrx_word' id='word_1_237' title='bbox 1192 1960 1317 2015; x_wconf 79' lang='lat' dir='ltr'><em>dioit3</em></span> <span class='ocrx_word' id='word_1_238' title='bbox 1339 1973 1469 2014; x_wconf 88' lang='lat' dir='ltr'><em>quare</em></span> <span class='ocrx_word' id='word_1_239' title='bbox 1490 1970 1696 2003; x_wconf 83' lang='lat' dir='ltr'><em>contracta</em></span> <span class='ocrx_word' id='word_1_240' title='bbox 1724 1961 1815 2003; x_wconf 82' lang='lat' dir='ltr'><em>sive</em></span> 
     </span>
     <span class='ocr_line' id='line_1_28' title="bbox 361 2028 1814 2084; baseline -0.002 -11"><span class='ocrx_word' id='word_1_241' title='bbox 361 2031 412 2073; x_wconf 93' lang='lat' dir='ltr'><em>lis</em></span> <span class='ocrx_word' id='word_1_242' title='bbox 442 2030 533 2072; x_wconf 86' lang='lat' dir='ltr'><em>sive</em></span> <span class='ocrx_word' id='word_1_243' title='bbox 562 2029 716 2072; x_wconf 91' lang='lat' dir='ltr'><em>bellum</em></span> <span class='ocrx_word' id='word_1_244' title='bbox 747 2028 926 2070; x_wconf 83' lang='lat' dir='ltr'><em>sortasse</em></span> <span class='ocrx_word' id='word_1_245' title='bbox 956 2041 1039 2069; x_wconf 90' lang='lat' dir='ltr'><em>non</em></span> <span class='ocrx_word' id='word_1_246' title='bbox 1065 2029 1220 2084; x_wconf 42' lang='lat' dir='ltr'><em>pera-qi</em></span> <span class='ocrx_word' id='word_1_247' title='bbox 1244 2031 1404 2069; x_wconf 84' lang='lat' dir='ltr'><em>tantum</em></span> <span class='ocrx_word' id='word_1_248' title='bbox 1432 2031 1571 2083; x_wconf 87' lang='lat' dir='ltr'><em>potest</em></span> <span class='ocrx_word' id='word_1_249' title='bbox 1588 2028 1814 2084; x_wconf 69' lang='lat' dir='ltr'><em>(perayun-</em></span> 
     </span>
     <span class='ocr_line' id='line_1_29' title="bbox 362 2093 1815 2151; baseline -0.001 -12"><span class='ocrx_word' id='word_1_250' title='bbox 362 2107 429 2139; x_wconf 80' lang='lat' dir='ltr'><em>tur</em></span> <span class='ocrx_word' id='word_1_251' title='bbox 450 2097 555 2139; x_wconf 80' lang='lat' dir='ltr'><em>bella</em></span> <span class='ocrx_word' id='word_1_252' title='bbox 575 2097 619 2138; x_wconf 91' lang='lat' dir='ltr'><em>in</em></span> <span class='ocrx_word' id='word_1_253' title='bbox 639 2095 898 2151; x_wconf 79' lang='lat' dir='ltr'><em>panegyrico</em></span> <span class='ocrx_word' id='word_1_254' title='bbox 921 2094 1136 2150; x_wconf 88' lang='lat' dir='ltr'><em>Calpurnii</em></span> <span class='ocrx_word' id='word_1_255' title='bbox 1160 2094 1282 2149; x_wconf 85' lang='lat'>181),</span> <span class='ocrx_word' id='word_1_256' title='bbox 1306 2093 1382 2136; x_wconf 87' lang='lat' dir='ltr'><em>sed</em></span> <span class='ocrx_word' id='word_1_257' title='bbox 1402 2095 1528 2137; x_wconf 88' lang='lat' dir='ltr'><em>etiam</em></span> <span class='ocrx_word' id='word_1_258' title='bbox 1549 2094 1648 2151; x_wconf 72' lang='lat' dir='ltr'><em>deyi</em></span> <span class='ocrx_word' id='word_1_259' title='bbox 1663 2126 1673 2137; x_wconf 88' lang='lat'>.</span> <span class='ocrx_word' id='word_1_260' title='bbox 1695 2107 1815 2150; x_wconf 88' lang='lat' dir='ltr'><em>prae-</em></span> 
     </span>
     <span class='ocr_line' id='line_1_30' title="bbox 362 2161 1816 2218; baseline -0.002 -11"><span class='ocrx_word' id='word_1_261' title='bbox 362 2170 477 2207; x_wconf 84' lang='lat' dir='ltr'><em>terea</em></span> <span class='ocrx_word' id='word_1_262' title='bbox 507 2164 549 2205; x_wconf 86' lang='lat' dir='ltr'><em>in</em></span> <span class='ocrx_word' id='word_1_263' title='bbox 581 2164 724 2206; x_wconf 80' lang='lat' dir='ltr'><em>Culioe</em></span> <span class='ocrx_word' id='word_1_264' title='bbox 756 2163 808 2204; x_wconf 83' lang='grc'><em>72</em></span> <span class='ocrx_word' id='word_1_265' title='bbox 839 2166 902 2204; x_wconf 86' lang='lat' dir='ltr'><em>est</em></span> <span class='ocrx_word' id='word_1_266' title='bbox 930 2162 1104 2218; x_wconf 82' lang='lat' dir='ltr'><em>Otiaque</em></span> <span class='ocrx_word' id='word_1_267' title='bbox 1141 2161 1304 2203; x_wconf 81' lang='lat' dir='ltr'><em>invidia</em></span> <span class='ocrx_word' id='word_1_268' title='bbox 1334 2161 1540 2217; x_wconf 69' lang='lat' dir='ltr'><em>deyentem</em></span> <span class='ocrx_word' id='word_1_269' title='bbox 1576 2177 1625 2203; x_wconf 88' lang='lat' dir='ltr'><em>ac</em></span> <span class='ocrx_word' id='word_1_270' title='bbox 1651 2161 1816 2218; x_wconf 83' lang='lat' dir='ltr'><em>fraude</em></span> 
     </span>
     <span class='ocr_line' id='line_1_31' title="bbox 360 2228 1815 2284; baseline -0.002 -11"><span class='ocrx_word' id='word_1_271' title='bbox 360 2240 514 2273; x_wconf 75' lang='lat' dir='ltr'><em>remota</em></span> <span class='ocrx_word' id='word_1_272' title='bbox 535 2262 543 2271; x_wconf 91' lang='lat'><em>.</em></span> <span class='ocrx_word' id='word_1_273' title='bbox 566 2234 677 2273; x_wconf 82' lang='lat' dir='ltr'><em>certe</em></span> <span class='ocrx_word' id='word_1_274' title='bbox 708 2229 972 2284; x_wconf 87' lang='lat' dir='ltr'><em>desperantis</em></span> <span class='ocrx_word' id='word_1_275' title='bbox 1000 2233 1063 2270; x_wconf 85' lang='lat' dir='ltr'><em>est</em></span> <span class='ocrx_word' id='word_1_276' title='bbox 1082 2229 1266 2270; x_wconf 86' lang='lat' dir='ltr'><em>seribere</em></span> <span class='ocrx_word' id='word_1_277' title='bbox 1287 2240 1378 2269; x_wconf 85' lang='lat' dir='ltr'><em>oum</em></span> <span class='ocrx_word' id='word_1_278' title='bbox 1400 2228 1606 2270; x_wconf 88' lang='lat' dir='ltr'><em>Lambino</em></span> <span class='ocrx_word' id='word_1_279' title='bbox 1627 2243 1790 2270; x_wconf 84' lang='lat' dir='ltr'><em>cernere</em></span> <span class='ocrx_word' id='word_1_280' title='bbox 1803 2260 1815 2282; x_wconf 88' lang='lat'>,</span> 
     </span>
     <span class='ocr_line' id='line_1_32' title="bbox 362 2294 1817 2352; baseline -0.003 -12"><span class='ocrx_word' id='word_1_281' title='bbox 362 2311 454 2340; x_wconf 86' lang='lat' dir='ltr'><em>eum</em></span> <span class='ocrx_word' id='word_1_282' title='bbox 484 2298 620 2352; x_wconf 84' lang='lat' dir='ltr'><em>possit</em></span> <span class='ocrx_word' id='word_1_283' title='bbox 649 2297 825 2339; x_wconf 84' lang='lat' dir='ltr'><em>formari</em></span> <span class='ocrx_word' id='word_1_284' title='bbox 845 2296 980 2338; x_wconf 82' lang='lat' dir='ltr'><em>lenius</em></span> <span class='ocrx_word' id='word_1_285' title='bbox 1002 2296 1149 2338; x_wconf 82' lang='lat' dir='ltr'><em>ducere</em></span> <span class='ocrx_word' id='word_1_286' title='bbox 1170 2296 1318 2337; x_wconf 82' lang='lat' dir='ltr'><em>bellum</em></span> <span class='ocrx_word' id='word_1_287' title='bbox 1341 2327 1349 2336; x_wconf 95' lang='lat'><em>.</em></span> <span class='ocrx_word' id='word_1_288' title='bbox 1370 2295 1498 2337; x_wconf 91' lang='lat' dir='ltr'><em>multo</em></span> <span class='ocrx_word' id='word_1_289' title='bbox 1518 2299 1659 2337; x_wconf 88' lang='lat' dir='ltr'><em>autem</em></span> <span class='ocrx_word' id='word_1_290' title='bbox 1678 2294 1817 2348; x_wconf 87' lang='lat' dir='ltr'><em>magis</em></span> 
     </span>
     <span class='ocr_line' id='line_1_33' title="bbox 362 2361 1816 2418; baseline -0.002 -13"><span class='ocrx_word' id='word_1_291' title='bbox 362 2365 466 2406; x_wconf 84' lang='lat' dir='ltr'><em>mire</em></span> <span class='ocrx_word' id='word_1_292' title='bbox 487 2365 644 2405; x_wconf 85' lang='lat' dir='ltr'><em>Fronto</em></span> <span class='ocrx_word' id='word_1_293' title='bbox 663 2376 705 2418; x_wconf 88' lang='lat' dir='ltr'><em>p.</em></span> <span class='ocrx_word' id='word_1_294' title='bbox 728 2364 781 2405; x_wconf 90' lang='lat'><em>99</em></span> <span class='ocrx_word' id='word_1_295' title='bbox 808 2371 940 2418; x_wconf 82' lang='lat' dir='ltr'><em>potest</em></span> <span class='ocrx_word' id='word_1_296' title='bbox 970 2371 1106 2404; x_wconf 86' lang='lat' dir='ltr'><em>aestus</em></span> <span class='ocrx_word' id='word_1_297' title='bbox 1130 2379 1209 2418; x_wconf 82' lang='lat' dir='ltr'><em>per</em></span> <span class='ocrx_word' id='word_1_298' title='bbox 1238 2363 1360 2404; x_wconf 85' lang='lat' dir='ltr'><em>vestis</em></span> <span class='ocrx_word' id='word_1_299' title='bbox 1390 2362 1610 2403; x_wconf 85' lang='lat' dir='ltr'><em>intervalla</em></span> <span class='ocrx_word' id='word_1_300' title='bbox 1640 2361 1816 2416; x_wconf 77' lang='lat' dir='ltr'><em>depelli,</em></span> 
     </span>
     <span class='ocr_line' id='line_1_34' title="bbox 358 2427 1817 2487; baseline -0.003 -14"><span class='ocrx_word' id='word_1_301' title='bbox 358 2440 491 2487; x_wconf 79' lang='lat' dir='ltr'><em>potest</em></span> <span class='ocrx_word' id='word_1_302' title='bbox 521 2430 646 2484; x_wconf 85' lang='lat' dir='ltr'><em>degi,</em></span> <span class='ocrx_word' id='word_1_303' title='bbox 669 2439 800 2485; x_wconf 78' lang='lat' dir='ltr'><em>potest</em></span> <span class='ocrx_word' id='word_1_304' title='bbox 830 2429 1016 2471; x_wconf 84' lang='lat' dir='ltr'><em>demeare</em></span> <span class='ocrx_word' id='word_1_305' title='bbox 1036 2461 1047 2482; x_wconf 80' lang='lat'>,</span> <span class='ocrx_word' id='word_1_306' title='bbox 1072 2438 1202 2484; x_wconf 79' lang='lat' dir='ltr'><em>potest</em></span> <span class='ocrx_word' id='word_1_307' title='bbox 1232 2427 1510 2481; x_wconf 81' lang='lat' dir='ltr'><em>circumduci,</em></span> <span class='ocrx_word' id='word_1_308' title='bbox 1531 2436 1666 2483; x_wconf 77' lang='lat' dir='ltr'><em>potest</em></span> <span class='ocrx_word' id='word_1_309' title='bbox 1694 2428 1817 2469; x_wconf 88' lang='lat' dir='ltr'><em>inter·</em></span> 
     </span>
     <span class='ocr_line' id='line_1_35' title="bbox 362 2493 1816 2554; baseline -0.003 -14"><span class='ocrx_word' id='word_1_310' title='bbox 362 2499 491 2551; x_wconf 80' lang='lat' dir='ltr'><em>verti,</em></span> <span class='ocrx_word' id='word_1_311' title='bbox 516 2505 647 2554; x_wconf 76' lang='lat' dir='ltr'><em>potest</em></span> <span class='ocrx_word' id='word_1_312' title='bbox 673 2497 917 2550; x_wconf 67' lang='lat' dir='ltr'><em>eventilari7·</em></span> <span class='ocrx_word' id='word_1_313' title='bbox 942 2495 1015 2537; x_wconf 87' lang='lat' dir='ltr'><em>ubi</em></span> <span class='ocrx_word' id='word_1_314' title='bbox 1042 2494 1308 2537; x_wconf 79' lang='lat' dir='ltr'><em>scribendum</em></span> <span class='ocrx_word' id='word_1_315' title='bbox 1335 2499 1435 2550; x_wconf 86' lang='lat' dir='ltr'><em>puto</em></span> <span class='ocrx_word' id='word_1_316' title='bbox 1459 2503 1593 2551; x_wconf 78' lang='lat' dir='ltr'><em>potest</em></span> <span class='ocrx_word' id='word_1_317' title='bbox 1622 2493 1816 2551; x_wconf 64' lang='lat' dir='ltr'><em>degredi.</em></span> 
     </span>
    </p>

    <p class='ocr_par' dir='ltr' id='par_1_5' title="bbox 362 2561 1818 2752">
     <span class='ocr_line' id='line_1_36' title="bbox 474 2561 1818 2606; baseline -0.004 -1"><span class='ocrx_word' id='word_1_318' title='bbox 474 2565 569 2606; x_wconf 85' lang='grc'><em>982.</em></span> <span class='ocrx_word' id='word_1_319' title='bbox 601 2575 887 2604; x_wconf 74' lang='lat' dir='ltr'><em>coNsENSUM</em></span> <span class='ocrx_word' id='word_1_320' title='bbox 924 2577 1143 2603; x_wconf 75' lang='lat' dir='ltr'><em>cnRNERn</em></span> <span class='ocrx_word' id='word_1_321' title='bbox 1182 2576 1379 2603; x_wconf 79' lang='lat' dir='ltr'>EUNDEM</span> <span class='ocrx_word' id='word_1_322' title='bbox 1419 2561 1718 2606; x_wconf 69' lang='lat' dir='ltr'><em>ScENATQun</em></span> <span class='ocrx_word' id='word_1_323' title='bbox 1754 2574 1818 2601; x_wconf 84' lang='lat' dir='ltr'><em>SI-</em></span> 
     </span>
     <span class='ocr_line' id='line_1_37' title="bbox 362 2628 1818 2683; baseline -0.002 -11"><span class='ocrx_word' id='word_1_324' title='bbox 362 2646 459 2672; x_wconf 84' lang='lat' dir='ltr'><em>MUL</em></span> <span class='ocrx_word' id='word_1_325' title='bbox 480 2663 490 2673; x_wconf 87' lang='lat'><strong>.</strong></span> <span class='ocrx_word' id='word_1_326' title='bbox 522 2630 725 2672; x_wconf 83' lang='lat' dir='ltr'><em>Marullus</em></span> <span class='ocrx_word' id='word_1_327' title='bbox 757 2643 1040 2671; x_wconf 60' lang='lat' dir='ltr'><em>consessuri</em></span> <span class='ocrx_word' id='word_1_328' title='bbox 1071 2634 1112 2672; x_wconf 87' lang='lat' dir='ltr'><em>et</em></span> <span class='ocrx_word' id='word_1_329' title='bbox 1142 2629 1430 2675; x_wconf 72' lang='lat' dir='ltr'><strong>SCENA1QUE</strong></span> <span class='ocrx_word' id='word_1_330' title='bbox 1452 2662 1462 2672; x_wconf 80' lang='grc'><strong>.</strong></span> <span class='ocrx_word' id='word_1_331' title='bbox 1493 2641 1622 2683; x_wconf 86' lang='lat' dir='ltr'><em>supra</em></span> <span class='ocrx_word' id='word_1_332' title='bbox 1643 2628 1695 2670; x_wconf 86' lang='lat'><em>78</em></span> <span class='ocrx_word' id='word_1_333' title='bbox 1725 2642 1818 2670; x_wconf 89' lang='lat' dir='ltr'><em>con-</em></span> 
     </span>
     <span class='ocr_line' id='line_1_38' title="bbox 363 2689 1735 2752; baseline -0.002 -11"><span class='ocrx_word' id='word_1_334' title='bbox 363 2715 526 2741; x_wconf 84' lang='lat' dir='ltr'><em>sensum</em></span> <span class='ocrx_word' id='word_1_335' title='bbox 557 2697 788 2752; x_wconf 81' lang='lat' dir='ltr'><em>quadratus</em></span> <span class='ocrx_word' id='word_1_336' title='bbox 806 2729 815 2739; x_wconf 87' lang='lat'><em>.</em></span> <span class='ocrx_word' id='word_1_337' title='bbox 1731 2689 1735 2694; x_wconf 43' lang='lat'>⁸</span> 
     </span>
    </p>

    <p class='ocr_par' dir='ltr' id='par_1_6' title="bbox 362 2764 1819 2954">
     <span class='ocr_line' id='line_1_39' title="bbox 475 2764 1817 2811; baseline -0.004 -3"><span class='ocrx_word' id='word_1_338' title='bbox 475 2765 569 2808; x_wconf 86' lang='lat'><strong>984.</strong></span> <span class='ocrx_word' id='word_1_339' title='bbox 601 2779 817 2806; x_wconf 81' lang='lat' dir='ltr'>STUDIUM</span> <span class='ocrx_word' id='word_1_340' title='bbox 853 2779 1013 2811; x_wconf 77' lang='lat' dir='ltr'><strong>ATQUE</strong></span> <span class='ocrx_word' id='word_1_341' title='bbox 1050 2777 1303 2805; x_wconf 72' lang='lat' dir='ltr'><strong>VOLUNTAS</strong></span> <span class='ocrx_word' id='word_1_342' title='bbox 1331 2796 1342 2806; x_wconf 88' lang='lat'><em>.</em></span> <span class='ocrx_word' id='word_1_343' title='bbox 1373 2764 1504 2805; x_wconf 93' lang='lat' dir='ltr'><em>Immo</em></span> <span class='ocrx_word' id='word_1_344' title='bbox 1534 2774 1817 2804; x_wconf 66' lang='lat' dir='ltr'><em>vonum-As:</em></span> 
     </span>
     <span class='ocr_line' id='line_1_40' title="bbox 362 2827 1819 2886; baseline -0.003 -13"><span class='ocrx_word' id='word_1_345' title='bbox 362 2845 460 2874; x_wconf 86' lang='lat' dir='ltr'><em>nam</em></span> <span class='ocrx_word' id='word_1_346' title='bbox 481 2832 706 2875; x_wconf 84' lang='lat' dir='ltr'><em>voluntatis</em></span> <span class='ocrx_word' id='word_1_347' title='bbox 727 2833 846 2874; x_wconf 86' lang='lat' dir='ltr'><em>nulla</em></span> <span class='ocrx_word' id='word_1_348' title='bbox 866 2837 928 2875; x_wconf 83' lang='lat' dir='ltr'><em>est</em></span> <span class='ocrx_word' id='word_1_349' title='bbox 948 2833 991 2873; x_wconf 90' lang='lat' dir='ltr'><em>in</em></span> <span class='ocrx_word' id='word_1_350' title='bbox 1021 2832 1101 2874; x_wconf 83' lang='lat' dir='ltr'><em>hae</em></span> <span class='ocrx_word' id='word_1_351' title='bbox 1130 2845 1174 2874; x_wconf 89' lang='lat' dir='ltr'><em>re</em></span> <span class='ocrx_word' id='word_1_352' title='bbox 1203 2834 1391 2886; x_wconf 87' lang='lat' dir='ltr'><em>potestas</em></span> <span class='ocrx_word' id='word_1_353' title='bbox 1408 2863 1418 2885; x_wconf 94' lang='lat'>,</span> <span class='ocrx_word' id='word_1_354' title='bbox 1439 2844 1493 2873; x_wconf 87' lang='lat' dir='ltr'><em>ne</em></span> <span class='ocrx_word' id='word_1_355' title='bbox 1514 2829 1712 2871; x_wconf 88' lang='lat' dir='ltr'><em>minimae</em></span> <span class='ocrx_word' id='word_1_356' title='bbox 1732 2827 1819 2882; x_wconf 87' lang='lat' dir='ltr'><em>qui—</em></span> 
     </span>
     <span class='ocr_line' id='line_1_41' title="bbox 366 2894 1817 2954; baseline -0.003 -12"><span class='ocrx_word' id='word_1_357' title='bbox 366 2899 461 2942; x_wconf 84' lang='lat' dir='ltr'><em>dem</em></span> <span class='ocrx_word' id='word_1_358' title='bbox 482 2899 595 2941; x_wconf 88' lang='lat' dir='ltr'><em>illius</em></span> <span class='ocrx_word' id='word_1_359' title='bbox 617 2913 742 2954; x_wconf 88' lang='lat' dir='ltr'><em>quam</em></span> <span class='ocrx_word' id='word_1_360' title='bbox 765 2903 863 2943; x_wconf 85' lang='lat' dir='ltr'><em>voto</em></span> <span class='ocrx_word' id='word_1_361' title='bbox 885 2899 1059 2942; x_wconf 87' lang='lat' dir='ltr'><em>similem</em></span> <span class='ocrx_word' id='word_1_362' title='bbox 1084 2911 1176 2941; x_wconf 87' lang='lat' dir='ltr'><em>esse</em></span> <span class='ocrx_word' id='word_1_363' title='bbox 1198 2898 1299 2941; x_wconf 86' lang='lat' dir='ltr'><em>dieit</em></span> <span class='ocrx_word' id='word_1_364' title='bbox 1320 2898 1535 2942; x_wconf 83' lang='lat' dir='ltr'><em>Charisius</em></span> <span class='ocrx_word' id='word_1_365' title='bbox 1560 2910 1600 2952; x_wconf 90' lang='lat' dir='ltr'><em>p.</em></span> <span class='ocrx_word' id='word_1_366' title='bbox 1621 2895 1725 2951; x_wconf 83' lang='lat'>172,</span> <span class='ocrx_word' id='word_1_367' title='bbox 1748 2894 1817 2938; x_wconf 88' lang='lat' dir='ltr'><em>ubi</em></span> 
     </span>
    </p>
   </div>
  </div>
 </body>
</html>
