2040 3328
928 193 972 236 11
1608 197 1688 241 103

213 307 396 351 Ennium
430 306 511 348 hoe
549 306 758 348 vocabulo
800 320 921 349 usum
958 320 1053 350 esse
1083 307 1389 363 Hertzbergius
1427 310 1543 353 solus
1583 311 1689 366 scit,

211 375 284 430 qui
314 375 371 417 ad
399 374 666 429 Propertium
688 389 715 429 1,
739 375 777 430 2,
800 376 827 417 3
858 374 1044 433 ‘myrrha
1073 376 1357 420 seribendum'
1393 378 1531 434 inquit
1561 377 1686 422 ‘reete

210 442 306 486 Chr.
331 441 516 484 Baebius
546 441 774 496 admonet3
803 460 952 486 murra
981 444 1121 500 enim,
1154 445 1268 500 quod
1288 445 1566 489 Laehmanno
1596 447 1687 503 pla-

211 511 322 565 cuit,
345 511 459 566 lapis
480 513 570 565 est,
587 523 674 552 non
696 512 823 554 herba
838 528 853 566 ,-
873 512 962 554 alia
983 512 1168 567 denique
1189 514 1316 556 Ennii
1335 547 1344 569 ,
1370 514 1457 557 alia
1477 514 1686 570 Propertii

211 577 520 634 orthographia
537 579 565 620 .'
599 578 667 621 hic
705 583 747 622 et
785 579 1102 623 cavillationem
1138 585 1180 624 et
1219 595 1395 636 gravem
1432 583 1477 625 in
1514 582 1688 640 myrrha

209 648 335 690 herba
373 659 560 689 errorem
607 646 792 691 fortasse
837 647 1068 700 evitasset,
1114 649 1149 691 si
1195 653 1268 692 aut
1312 650 1594 694 Foreellinum
1642 652 1687 694 in

208 716 385 772 myrrha
422 728 618 770 quoque,
650 728 737 757 non
768 719 931 758 tantum
962 716 1004 758 in
1035 718 1237 773 mum-ha,
1275 718 1582 774 consuluisset,
1615 723 1688 761 aut

208 783 399 840 Philippi
430 783 637 837 Wagneri
675 782 980 840 orthographia
1008 784 1258 839 Vergiliana
1295 799 1397 829 usus
1436 791 1574 842 esset,
1611 788 1683 842 qui

208 852 264 895 de
293 867 442 895 murra
473 850 584 893 dixit
613 865 654 907 p.
677 852 760 895 485
779 884 788 893 .

319 920 417 963 512.
449 920 588 972 QUAE
605 933 829 966 QUONIAM
843 935 938 963 NON
954 935 1095 977 SUNT,
1111 935 1267 963 REBUS
1284 936 1505 964 REDDITA
1530 938 1684 966 CERTA

206 990 351 1032 Flms
382 1002 640 1035 UTRIMQUE
671 1003 829 1031 TENET
861 1004 1064 1031 SUMMAM
1087 1023 1097 1032 .
1119 990 1189 1033 Sic
1219 994 1413 1046 veteres,
1445 991 1560 1046 quod
1590 1004 1683 1035 cum

207 1058 442 1101 Lambinus
473 1061 515 1100 et
534 1057 858 1114 Havereampus
880 1063 979 1101 ante
1001 1058 1147 1102 oeulos
1177 1058 1410 1114 haberent,
1443 1059 1550 1102 alter
1580 1059 1682 1103 levi-

206 1130 294 1170 tate
330 1125 481 1169 duetus
517 1138 603 1167 non
643 1126 777 1181 vidit,
817 1128 926 1170 alter
962 1126 1196 1168 stoliditate
1234 1130 1408 1182 torpens
1448 1127 1681 1170 notandum

207 1207 293 1238 non
325 1194 473 1237 duxit.
494 1193 706 1236 Antonius
727 1195 883 1250 Marii,
906 1194 1131 1249 impressi,
1154 1194 1388 1249 Marullus,
1420 1211 1502 1238 non
1521 1205 1618 1238 sunt
1636 1197 1682 1238 in

205 1265 329 1307 rebus
349 1262 518 1306 reddita
539 1295 548 1304 .
572 1262 670 1305 hine
690 1262 1012 1317 Wakefieldus,
1042 1262 1114 1317 qui
1137 1261 1204 1305 hie
1224 1262 1342 1305 solus
1363 1263 1525 1318 aliquid
1546 1263 1680 1319 vidit,

205 1334 308 1390 quin
337 1332 460 1374 rebus
489 1330 659 1373 reddita
689 1340 802 1373 certa
822 1331 944 1373 Finis
973 1332 1181 1387 utrimque
1212 1339 1317 1373 tenet
1345 1347 1572 1387 summam,
1604 1331 1680 1374 ita-

206 1414 288 1457 que
320 1398 592 1442 Eichstadius
623 1402 665 1441 et
694 1399 902 1453 Forbiger
920 1413 930 1454 3
969 1398 1040 1453 qui
1076 1399 1113 1442 si
1151 1399 1303 1441 Latine
1339 1399 1545 1454 scissent,
1583 1399 1680 1442 scri-

204 1469 307 1512 bere
337 1467 553 1510 debebant
583 1481 697 1522 SED,
728 1480 814 1508 non
846 1468 949 1523 quin
970 1499 979 1508 .

317 1535 414 1579 514.
446 1535 715 1577 MATERIEM
737 1548 936 1581 QUOQUE
958 1549 1197 1575 INFINITIS
1216 1567 1225 1577 .
1243 1535 1448 1577 Marullus
1470 1550 1679 1580 F1N1'r1s.

205 1605 432 1647 Materiam
453 1604 614 1659 primus
632 1636 642 1658 ,
665 1607 869 1658 quantum
891 1603 1077 1658 reperire
1097 1603 1216 1658 potui
1234 1635 1244 1658 ,
1274 1602 1412 1645 Faber
1430 1618 1439 1658 ;
1474 1616 1597 1658 quem
1618 1617 1680 1647 re-

205 1672 414 1716 centiores
446 1671 578 1715 secuti
608 1676 706 1714 sunt
735 1672 888 1727 supina
918 1671 1219 1726 neglegentia.

316 1740 414 1783 515.
459 1740 689 1786 Demque
726 1754 784 1780 AB
820 1754 1026 1781 mulmis
1064 1753 1124 1779 AD
1163 1753 1371 1779 GELIDAS
1408 1745 1680 1786 tunmsoun

204 1822 416 1850 Pennus
454 1808 730 1850 meumsr
754 1841 763 1850 .
795 1808 982 1850 Finitum
1027 1807 1328 1862 interpretibus
1372 1807 1541 1850 videtur
1585 1821 1681 1851 esse

204 1876 391 1933 definitio
409 1909 418 1919 .
439 1876 520 1918 hoe
540 1876 575 1918 si
596 1875 753 1931 quibus
774 1876 974 1918 Latinum
996 1875 1234 1929 videbitur,
1264 1878 1376 1916 certe
1400 1877 1585 1931 pruinas
1611 1893 1679 1932 qe-

204 1943 317 1986 Zidas
334 1945 562 2000 hiemisque
578 1944 721 1999 inepte
739 1944 823 1986 diei
843 1943 1088 1985 fatebuntur
1108 1975 1116 1984 .
1139 1943 1283 1996 itaque
1299 1943 1567 1997 perspicuum
1588 1947 1679 1997 est,

204 2011 274 2054 ubi
304 2011 461 2066 legitur
481 2013 734 2068 hiemisque,
762 2011 821 2054 ibi
842 2011 989 2053 vitium
1013 2023 1133 2053 esse.
1155 2022 1294 2064 neque
1325 2009 1510 2052 dubitari
1541 2014 1682 2066 potest

204 2079 306 2134 quin
337 2078 460 2121 huius
490 2079 689 2121 vocabuli
726 2092 828 2134 pars
865 2083 1056 2122 extrema
1096 2091 1191 2120 esse
1222 2076 1378 2120 debeat
1409 2094 1566 2134 usque.-
1601 2079 1679 2121 sed

205 2149 305 2190 ante
334 2146 444 2189 hane
474 2159 621 2189 voeem
652 2146 760 2188 illud
791 2146 931 2202 ipsum
961 2147 1144 2203 spatium
1162 2179 1171 2197 ‚
1209 2144 1324 2200 quod
1355 2145 1586 2189 Lambinus
1618 2147 1679 2188 in-

205 2213 350 2269 tellegi
380 2213 541 2265 voluit,
573 2214 845 2258 scribendum
868 2219 958 2269 est,
990 2214 1060 2256 vel
1079 2213 1247 2268 potius,
1280 2213 1382 2267 quia
1401 2226 1529 2268 porro
1551 2218 1679 2257 retro-

205 2296 287 2338 que
308 2295 501 2325 mensum
521 2295 573 2324 ae
589 2281 916 2325 determinatum
938 2282 1117 2336 dieitur,
1139 2282 1219 2323 iter
1234 2298 1249 2336 ‚-
1269 2281 1349 2323 hoe
1370 2280 1497 2323 modo
1517 2314 1526 2336 ,
1549 2283 1679 2325 Deni-

204 2367 283 2407 que
322 2351 373 2392 ab
411 2351 579 2407 ignibus
617 2350 677 2392 ad
706 2351 874 2408 qelz‘das
904 2365 1019 2391 ῙΤΕΒ
1049 2363 1208 2396 USQUE
1239 2349 1425 2405 pruinas
1454 2349 1680 2393 Finitumst

203 2427 394 2475 retroque
410 2419 519 2474 pari
533 2419 694 2461 racione
714 2413 984 2462 rem‘eozsumsi
1000 2451 1008 2459 .
1031 2418 1094 2460 sic
1115 2417 1229 2459 enim
1246 2415 1480 2472 quadratus
1497 2450 1507 2472 ,
1525 2434 1679 2460 remen-

204 2494 356 2540 sum-et,
375 2485 588 2540 oblongus
604 2496 833 2529 remensust
846 2520 857 2542 7
874 2491 920 2528 ut
939 2487 982 2528 in
1003 2500 1063 2541 111,
1082 2486 1163 2528 668
1182 2484 1416 2540 quadratus
1427 2485 1676 2541 putandust.

315 2553 413 2596 517.
452 2552 609 2603 OMms
645 2568 763 2595 ΕΝῙΜ
803 2568 963 2596 CALOR
999 2567 1058 2595 Ac
1089 2567 1264 2595 Pmous
1282 2586 1292 2604 ‚
1324 2566 1568 2598 MEDIIQUE
1599 2567 1677 2593 TE-

203 2634 359 2661 Ponss
390 2621 543 2663 INTER
572 2635 831 2668 UTRASQUE
861 2636 1039 2663 IACENT
1062 2654 1072 2664 .
1095 2621 1280 2664 ‘Omnis.·
1311 2620 1339 2662 i.
1359 2633 1395 2662 e.
1427 2618 1573 2662 Omnis
1604 2635 1677 2661 an-

205 2703 284 2729 nus
315 2696 374 2730 est
403 2689 548 2744 calor,
580 2702 632 2731 ae
661 2689 823 2745 srigus3
855 2689 959 2731 nihil
989 2688 1108 2732 aliud
1125 2689 1146 2730 .’
1180 2689 1241 2730 ita
1271 2688 1337 2729 hie
1359 2685 1675 2741 Wakefieldus,

205 2759 376 2809 tamque
405 2755 631 2798 ridiculum
660 2757 935 2812 interpretem
961 2759 1173 2798 nostrates
1204 2753 1499 2797 venerabundi
1529 2766 1677 2795 seeun-

205 2826 272 2864 tur
290 2853 298 2862 .
322 2822 530 2865 Marullus
552 2825 675 2866 Finis
696 2825 824 2873 enim,
845 2823 1078 2865 Lambinus
1099 2823 1217 2865 Finit
1234 2854 1243 2864 .
1260 2835 1407 2865 verum
1428 2824 1492 2862 est
1513 2820 1676 2862 ΑΜΒῙΤ

207 2891 315 2933 enim
335 2891 451 2932 calor
471 2907 520 2932 ac
529 2891 684 2947 frique
701 2906 714 2932 .·
743 2891 876 2933 ambit
897 2900 1039 2933 creata
1053 2923 1064 2944 ,
1087 2903 1266 2944 quorum
1287 2904 1491 2931 summam
1512 2889 1678 2944 explent

204 2958 338 3001 medii
364 2967 524 3015 tepores
547 2992 556 3002 .
588 2971 687 3000 mox
717 2958 921 3000 Marullus
951 2958 1068 2999 Inter
1097 2966 1317 3014 utrumque
1341 2987 1350 2999 .
1383 2954 1675 2999 Wakefieldus
