2040 3328
429 215 484 256 90
1131 217 1175 258 II

430 330 637 368 corrector
658 327 829 380 oblongi
848 360 857 381 ,
890 327 1033 381 itaque
1056 327 1262 369 Antonius
1284 327 1406 369 Marii
1428 341 1518 369 eum
1549 329 1763 384 impressis
1794 344 1877 373 om-

429 393 551 435 nibus
569 409 578 435 ε
601 393 676 435 sed
697 395 857 435 conciri
872 398 983 436 reete
1005 394 1214 447 oblongus
1235 394 1370 448 prima
1398 407 1525 436 manu
1555 399 1596 438 et
1625 397 1874 450 quadratus.

428 473 526 501 nam
557 461 668 514 quod
699 461 912 514 sequitur,
953 462 1137 514 concita,
1176 463 1288 502 reete
1317 461 1536 514 probatum
1568 467 1631 505 est
1660 477 1687 506 a
1716 464 1872 507 doctis:

429 529 551 569 inciti
583 528 722 568 media
760 527 967 581 producta
1002 528 1044 568 in
1074 540 1199 569 versu
1229 527 1357 578 Attii,
1397 541 1477 581 quo
1508 543 1607 572 usus
1639 534 1701 572 est
1731 531 1876 575 Cicero

429 594 481 636 de
512 599 662 636 natura
683 594 854 636 deorum
884 608 927 648 11,
950 594 1016 648 89,
1048 607 1120 636 eur
1150 595 1394 649 inprobetur
1423 609 1506 637 non
1536 596 1690 639 video.
1709 597 1745 639 is
1775 598 1877 640 mihi

429 662 488 703 ita
519 661 767 703 scribendus
789 661 956 703 videtur
973 694 982 714 ,
1014 661 1140 703 Sz‘mz‘s
1161 663 1284 703 inciti
1300 670 1420 717 atque
1442 663 1602 704 alacres
1621 666 1767 706 rostris
1783 682 1876 721 per-

417 730 588 785 fricant
617 729 843 784 Delphini,
875 741 1027 771 navem
1049 729 1161 781 Argo
1193 729 1377 770 scilieet:
1401 729 1495 770 libri
1530 730 1683 772 habent
1702 731 1818 774 Sicut
1837 737 1878 774 et

424 797 708 852 perfremunt.
733 795 806 837 sed
828 811 984 837 conexa
1011 797 1210 837 materiai
1235 798 1352 851 eopia
1374 796 1583 849 quomodo
1610 796 1774 839 dicatur
1794 811 1878 840 non

426 863 626 916 intellego
651 878 659 904 :
688 867 798 904 reete
835 862 1018 916 ‘quidam
1065 862 1219 916 seripti'
1265 863 1377 917 apud
1413 862 1664 905 Lambinum
1700 866 1878 908 con-new

428 931 579 982 (immo
612 930 816 980 comxA)
839 962 846 983 ‚
881 929 992 983 quod
1013 930 1194 983 probant
1215 929 1408 971 Gifanius
1430 935 1470 971 et
1491 930 1739 986 Creeehius‚
1769 932 1877 974 utin

426 1010 548 1039 versu
582 997 686 1039 160.

539 1064 633 1106 275.
667 1065 988 1105 PERSPICUUM
1017 1077 1158 1104 rioms
1189 1076 1464 1106 srmvmrs.
1486 1066 1533 1106 In
1566 1064 1747 1118 oblongo
1778 1070 1876 1108 ante

425 1141 462 1172 st
489 1144 655 1173 erasum
686 1147 732 1172 e.
754 1131 832 1172 hoe
862 1140 920 1172 est
949 1131 1044 1172 Itali
1075 1131 1131 1172 ad
1151 1130 1287 1171 locum
1319 1144 1436 1172 suum
1468 1136 1743 1175 revocarunt.
1764 1132 1877 1174 idem

427 1199 581 1240 erroris
613 1211 745 1251 genus
777 1211 880 1240 sane
910 1198 1101 1240 mirabile
1122 1197 1359 1239 notabimus
1379 1198 1486 1240 libro
1509 1213 1566 1253 111,
1591 1199 1672 1240 623
1693 1199 1775 1241 674
1795 1199 1878 1242 680

425 1281 480 1318 ιν,
504 1266 586 1307 624
607 1267 687 1307 799
708 1279 747 1316 V,
769 1266 848 1307 227
871 1266 950 1308 331
973 1266 1055 1308 596
1080 1265 1185 1307 1198
1204 1297 1212 1305 .
1235 1265 1424 1307 similiter
1450 1266 1493 1307 in
1514 1278 1638 1308 versu
1658 1266 1739 1308 209
1760 1266 1876 1309 cade-

425 1350 510 1375 rem
543 1334 586 1374 in
617 1342 731 1374 terra
748 1368 756 1376 .

538 1401 631 1443 277.
665 1414 937 1446 QUAMQUAM
972 1414 1046 1439 v1s
1083 1413 1276 1440 EXTERA
1315 1414 1508 1440 Mun-ros
1540 1401 1738 1441 PALLAT
1762 1431 1770 1440 .
1807 1401 1878 1442 Vis

427 1469 565 1510 omisit
600 1468 777 1521 scriptor
813 1467 1006 1521 quadrati
1025 1499 1034 1509 .
1062 1471 1149 1508 tum
1191 1467 1398 1520 oblongus
1439 1471 1479 1509 et
1515 1467 1770 1510 Veronensis
1809 1483 1876 1509 ex-

426 1545 579 1588 trema,
613 1536 766 1576 eoetz‘ma
803 1535 1037 1587 Antonius,
1081 1534 1351 1587 Briximses,
1383 1534 1610 1588 Marullus,
1641 1534 1876 1579 Avantius.

426 1616 523 1644 mox
555 1606 763 1643 corrector
794 1602 967 1655 oblongi
997 1602 1159 1654 Fallat,
1190 1602 1332 1655 itaque
1364 1601 1571 1643 Antonius
1603 1605 1643 1642 et
1673 1601 1772 1643 olim
1803 1601 1876 1643 im-

425 1670 588 1725 pressi:
610 1669 685 1710 sed
718 1669 925 1711 Avantius
955 1673 1066 1710 reete
1096 1669 1315 1722 PELLAT,
1346 1682 1437 1710 eum
1460 1668 1662 1710 Marullus
1693 1668 1877 1711 dedisset

425 1738 555 1779 Fallit
586 1741 626 1778 et
656 1738 788 1791 copsz't.

538 1805 632 1846 279.
664 1804 1104 1848 PRAECIPITESQUE
1149 1817 1318 1857 RAPIT,
1366 1817 1525 1844 TAMEN
1562 1817 1674 1843 ESSE
1717 1817 1878 1844 mmc-

425 1886 617 1914 Tossssuo
650 1871 910 1922 QumnAM.
935 1870 1154 1924 Oblongus
1185 1874 1226 1911 et
1257 1870 1487 1912 Brixiensis
1519 1870 1648 1912 editio
1679 1871 1874 1924 ἐπίθετον,

425 1941 557 1982 tribus
598 1952 706 1992 quae
742 1939 783 1980 in
825 1938 1030 1992 quadrato
1065 1938 1130 1979 his
1161 1937 1352 1979 adiectae
1381 1942 1478 1980 sunt
1507 1937 1652 1979 litteris
1683 1936 1876 1978 omissis:

426 2007 682 2049 Veronensis
720 2010 760 2047 et
790 2006 952 2047 Veneta
988 2006 1158 2047 im'eccor
1194 2004 1268 2058 (in
1291 2013 1454 2060 pectore
1483 2014 1647 2047 nostro.
1669 2003 1877 2046 Antonius

426 2075 548 2116 Marii
594 2090 678 2116 esse
721 2075 766 2115 in
800 2087 1026 2113 meroni:
1063 2085 1275 2113 NOSTRO.
1304 2076 1526 2126 praeterea
1561 2085 1655 2114 eum
1694 2071 1876 2113 Avantio

426 2141 692 2183 scribendum
724 2145 789 2182 est
818 2140 1154 2195 Praecipitesque
1183 2153 1325 2193 ΒΑΜ,
1362 2142 1406 2181 ut
1433 2141 1561 2194 paulo
1591 2142 1690 2181 ante
1719 2139 1781 2180 ire
1809 2153 1877 2179 ra-

416 2211 549 2265 pique
568 2242 575 2250 .

537 2276 631 2317 281.
662 2280 860 2320 QUOQUE
892 2287 1016 2314 CONA
1046 2287 1287 2314 MATERIA.
1309 2273 1406 2315 Itali
1438 2276 1479 2315 et
1506 2272 1700 2327 impressi
1731 2285 1876 2312 coru

425 2345 643 2385 materiai.

538 2411 632 2452 283.
663 2423 923 2454 RETROQUE
951 2422 1176 2448 RESIDIA.
1199 2407 1406 2450 Avantius
1437 2421 1632 2448 Rusml'r
1651 2439 1660 2447 .

539 2478 632 2520 289.
666 2491 750 2516 sm>
782 2490 839 2516 NE
870 2489 954 2515 aas
986 2488 1110 2515 IPSA.
1133 2475 1310 2517 Prorsus
1331 2475 1483 2517 eximie
1505 2475 1734 2517 Lambinus
1754 2486 1876 2514 Meus

425 2547 520 2601 ipsa
537 2578 545 2586 .
1084 2546 1086 2548 ’

540 2613 634 2653 291.
667 2612 735 2652 ΕΤ
765 2623 983 2650 υΕνιοτΑ
1015 2623 1164 2654 QUAEI
1195 2624 1422 2651 coGATUR
1451 2624 1604 2650 muru:
1634 2623 1876 2654 PATmnE.

428 2681 608 2734 Coqatm·
637 2677 776 2732 prima
805 2689 932 2718 manu
962 2676 1196 2732 oblongus,
1229 2678 1340 2720 idem
1372 2691 1398 2719 a
1427 2681 1659 2719 correctore
1687 2685 1876 2730 coeatur,

428 2746 659 2799 quadratur
688 2753 877 2786 coeatus.
900 2747 987 2785 tum
1018 2757 1165 2790 QUASI
1197 2745 1402 2786 Antonius
1434 2743 1557 2784 Marii
1587 2747 1628 2784 et
1657 2743 1876 2798 impressi.

428 2812 501 2854 sed
539 2811 618 2853 hoe
652 2825 738 2852 non
768 2810 948 2864 suffieit,
985 2823 1063 2852 nee
1093 2810 1368 2853 dubitandum
1399 2810 1592 2853 existimo
1622 2810 1723 2864 quin
1752 2813 1878 2864 poeta

429 2877 590 2919 dederit
610 2879 665 2918 Ec
686 2878 845 2920 devicta
876 2879 1003 2933 quasi
1027 2891 1075 2917 11)
1098 2887 1269 2933 coqacur
1285 2879 1410 2934 ferre
1425 2879 1597 2933 patique
1611 2909 1623 2931 ,
1653 2877 1814 2919 seilicet
1833 2875 1878 2918 id

428 2957 646 2991 necessum
667 2945 909 2986 intestinum
929 2977 937 2986 .
960 2958 1098 2999 neque
1120 2945 1228 2986 enim
1251 2945 1420 2987 eredere
1449 2935 1620 3000 possum
1641 2942 1875 2987 Lucretium
