2040 3328
450 233 531 275 386
771 220 774 221 ’
1142 238 1200 278 VI

447 343 532 385 tale
553 344 682 387 fuisse
703 346 828 398 quale
848 346 973 388 modo
995 346 1223 400 simplicius
1250 348 1368 400 posui
1387 379 1396 399 ‚
1418 352 1608 402 resorpta
1636 349 1789 403 maris,
1814 350 1890 392 sed

448 410 586 463 potius
603 411 828 454 calefactas
845 413 973 454 maris
990 418 1153 467 partes,
1177 412 1359 454 ostendit
1376 413 1583 456 adiectum
1596 417 1764 471 penitus
1778 431 1791 457 :
1811 415 1890 458 hoc

448 476 558 517 enim
588 477 644 518 ad
670 488 888 532 peneto-are
908 480 1117 533 pertinere
1137 492 1222 521 non
1252 481 1314 520 est
1334 480 1422 521 veri
1448 480 1609 535 simile,
1631 494 1723 523 cum
1742 483 1786 524 in
1806 482 1889 524 fine
1956 520 1958 522 ,

447 555 593 584 vorsus
614 557 739 598 super
759 545 814 587 sit
834 555 975 601 aperto
990 579 1001 600 ,
1023 546 1204 588 debeant
1233 549 1371 587 autem
1397 547 1443 587 in
1471 555 1656 601 apertum
1670 557 1889 603 penetrare

447 622 556 662 quae
577 609 770 652 efflatura
790 617 910 654 sunt.
933 625 1034 666 ergo
1056 616 1096 655 et
1115 612 1263 654 litteris
1292 616 1332 654 et
1351 613 1584 654 sententiae
1603 626 1774 667 prorsus
1795 627 1888 656 con-

447 675 562 717 venit
581 677 636 718 Ec
657 687 879 732 penetrare
907 692 1054 719 MARIS
1081 680 1246 734 penitus
1275 692 1530 719 P-ERcoc‘rA
1560 693 1606 719 ns
1636 693 1886 732 APERTUM,

445 755 523 784 nec
554 747 692 797 potest
719 744 907 798 profecto
938 746 1154 787 Lueretius
1184 745 1307 786 aliter
1337 745 1580 799 scripsisse.

559 811 651 852 701.
683 811 735 852 IN
757 825 917 852 SUMMO
950 827 1068 853 SUNT
1091 826 1353 852 VERTICENI
1381 825 1654 855 CRATERES.
1685 814 1893 871 Vertiyeni

445 867 673 930 quadratus
691 909 700 917 .
722 878 923 920 Marullus
953 880 1100 921 vertice
1129 880 1251 920 item:
1272 877 1347 920 sed
1367 879 1587 920 Turnebus
1616 880 1659 920 in
1690 880 1887 923 adversa-

443 943 517 983 riis
547 957 645 993 xxn,
667 944 716 985 19
746 945 898 986 rectius
927 947 1073 987 vertice
1103 959 1217 985 EN1M
1234 945 1266 986 .’

556 1010 649 1052 705.
679 1024 891 1051 IACERET
911 1043 919 1052 .
943 1012 1038 1053 Itali
1069 1016 1110 1053 et
1142 1011 1370 1053 Brixiensis
1401 1011 1530 1053 editio
1561 1011 1734 1054 1'ACEEE
1754 1045 1764 1055 .

555 1077 648 1118 708.
681 1078 791 1118 ΝΛΜ
823 1091 918 1122 QUE
948 1091 1071 1119 EUM.
1094 1078 1191 1119 Itali
1222 1075 1430 1123 NEQUE.-

555 1143 647 1184 710.
681 1142 854 1184 UTRUM
890 1159 1080 1185 GENERE
1119 1159 1321 1189 ALIQUID
1367 1158 1479 1185 ESSE
1523 1159 1583 1185 Ex
1619 1159 1721 1186 -Hoc
1757 1160 1885 1192 QUOD

443 1222 736 1249 cONr101rEL
754 1240 763 1249 .
785 1210 942 1252 Horum
979 1212 1126 1253 ultima
1161 1212 1300 1253 littera
1328 1212 1557 1265 quadratus
1588 1215 1727 1266 caret,
1749 1212 1792 1253 in
1823 1225 1887 1254 ce-

440 1275 540 1317 teris
560 1288 652 1317 cum
674 1276 856 1330 oblongo
875 1278 1080 1320 consentit
1097 1310 1106 1320 .
1129 1279 1329 1320 Marullus
1346 1279 1518 1320 VERUM
1536 1311 1545 1320 .
1567 1279 1774 1321 Avantius
1793 1291 1886 1320 cum

441 1342 625 1383 Antonio
657 1342 779 1384 Marii
815 1358 1018 1390 Amomn
1057 1359 1244 1385 GENERE
1268 1377 1278 1386 .
1310 1345 1481 1387 Isaacus
1519 1344 1694 1387 Vossius
1731 1345 1886 1399 optime

442 1408 553 1462 quod
580 1423 814 1450 CONTlGIT
843 1425 915 1452 E1.

552 1476 644 1518 716.
676 1490 876 1521 QUIETES
906 1492 986 1518 1RE
1007 1493 1124 1519 ESSE
1145 1493 1402 1519 FERUNTUR
1419 1511 1428 1519 .
1451 1479 1537 1529 Qui
1560 1491 1767 1519 ETESIAE
1788 1477 1885 1520 Itali

442 1546 482 1583 et
503 1546 710 1584 corrector
737 1545 959 1598 quadrati.
983 1545 1172 1587 Isidorus
1194 1546 1402 1598 originum
1423 1559 1511 1602 xm,
1541 1545 1589 1585 11
1613 1557 1664 1586 ex
1690 1544 1884 1587 Lucretio

439 1610 604 1650 Etesiae
641 1619 775 1652 autem
790 1612 935 1665 flabra
972 1620 1067 1653 sunt
1095 1613 1303 1667 aquilonis
1319 1645 1329 1666 ,
1352 1613 1499 1667 quibus
1535 1627 1679 1653 nomen
1707 1611 1884 1653 inditum

439 1685 496 1716 est
526 1676 637 1730 quod
664 1686 769 1718 certo
790 1679 896 1719 anni
911 1687 1087 1732 tempore
1103 1679 1236 1733 flatus
1262 1694 1383 1733 affere
1403 1679 1607 1733 incipiunt
1623 1709 1632 1718 .
1654 1691 1707 1719 ex
1725 1677 1789 1719 his
1810 1677 1884 1719 Isi-

438 1741 528 1782 dori
547 1774 556 1795 ,
579 1755 663 1783 non
692 1754 744 1782 ex
773 1743 865 1797 ipso
888 1744 1083 1785 Lucretio
1102 1776 1110 1798 ‚
1133 1745 1175 1785 in
1195 1744 1331 1786 Taciti
1358 1744 1622 1785 historiarum
1643 1743 1749 1785 libro
1770 1758 1813 1796 11,
1830 1744 1883 1785 98

437 1808 480 1848 in
510 1808 691 1850 medium
723 1811 941 1851 etesiarum
971 1811 1220 1852 vocabulum
1253 1811 1372 1852 illata
1401 1823 1494 1852 esso
1516 1811 1654 1865 flabra
1674 1810 1882 1865 aquilonis

437 1874 622 1916 ostendit
641 1876 673 1916 Ι.
697 1875 739 1915 F.
764 1875 1001 1918 Gronovius
1030 1877 1074 1918 in
1109 1877 1448 1919 observationum
1477 1877 1583 1918 libro
1614 1890 1670 1930 xv,
1687 1877 1713 1917 2
1742 1890 1782 1930 p.
1799 1876 1879 1918 30.

548 1942 642 1983 719.
674 1955 859 1982 FLABRO
897 1956 1152 1984 FERUNTUR
1175 1974 1184 1984 .
1214 1944 1310 1985 Itali
1357 1947 1398 1984 et
1436 1943 1628 1997 impressi
1664 1956 1880 1984 FLABRA.

435 2008 624 2050 Isidorus
654 2010 771 2050 Haec
801 2024 965 2050 cuo-sum
995 2019 1147 2052 rectum
1177 2027 1204 2052 a
1233 2011 1353 2052 borea
1383 2011 1429 2051 in
1459 2011 1690 2066 Aegyptum
1702 2010 1879 2064 ferunt,

434 2075 584 2129 quibas
615 2084 754 2116 auster
784 2078 1017 2117 contrarius
1047 2085 1103 2117 est
1121 2108 1130 2117 .
1686 2067 1693 2075 ⁹

546 2141 639 2182 723.
673 2142 919 2189 Exomns.
944 2142 1208 2184 Coi-rectores
1239 2147 1402 2185 veteres
1433 2143 1711 2184 Exonmns.

545 2208 639 2249 726.
672 2222 754 2248 RUI
784 2221 950 2249 INTUS.
974 2208 1108 2250 Iidem
1137 2224 1276 2251 RUIT.

544 2275 640 2316 727.
670 2289 812 2315 LIBER
842 2289 991 2316 MINUS
1021 2290 1197 2317 Exx'rus
1228 2290 1402 2316 AMNIS.
1426 2275 1625 2316 Marullus
1656 2289 1796 2316 AMNI.

543 2341 637 2384 729.
668 2355 728 2382 AD
761 2356 915 2383 CAPUT
948 2357 1020 2382 E1.
1045 2343 1141 2384 Itali
1172 2348 1212 2384 et
1242 2343 1443 2384 Marullus
1475 2344 1589 2383 eius.
1610 2341 1877 2384 correctionis

429 2420 598 2449 causam
631 2422 713 2449 non
744 2409 983 2463 perspicio,
1005 2413 1046 2450 et
1075 2409 1361 2462 quaerendum
1396 2413 1496 2462 puto
1535 2409 1627 2461 quis
1657 2412 1755 2449 ante
1784 2407 1876 2448 Hir-

428 2474 530 2515 tium
552 2475 771 2516 Horatium
789 2476 1019 2527 Vergilium
1036 2475 1271 2517 Vitruvium
1290 2475 1443 2516 dixerit
1463 2483 1586 2529 caput
1606 2475 1740 2515 amnis
1753 2506 1764 2526 7
1773 2474 1875 2528 fon-

427 2542 505 2594 tis,
527 2541 688 2595 Rheni,
711 2542 909 2595 genetivo
926 2541 1072 2583 addito
1091 2573 1100 2582 .
1122 2554 1250 2595 supra
1269 2554 1394 2583 versu
1412 2541 1493 2581 636
1516 2549 1551 2582 et
1573 2540 1630 2581 ad
1648 2548 1771 2594 caput
1791 2556 1875 2581 am-

425 2608 547 2650 m'bus
582 2609 713 2650 omnis
751 2609 925 2663 Ooogfluz‘t
941 2639 951 2650 .
974 2608 1016 2648 in
1053 2608 1295 2649 Trinummo
1334 2607 1469 2648 Plauti
1509 2606 1592 2648 940
1628 2606 1875 2648 Ritsohelius

426 2674 538 2715 haud
567 2675 655 2716 scio
687 2687 741 2716 an
762 2688 846 2717 non
877 2679 988 2716 recte
1009 2687 1100 2716 cum
1123 2674 1289 2729 Guyeto
1321 2673 1536 2728 scripserit
1556 2672 1628 2714 Ad
1648 2681 1771 2728 caput
1790 2688 1874 2714 am—

423 2743 490 2782 m's
506 2774 516 2790 ‚
538 2743 616 2796 qui
632 2741 681 2784 de
701 2743 812 2783 caelo
826 2774 837 2795 ‚
860 2754 953 2783 cum
973 2745 1118 2783 vetera
1139 2741 1396 2795 exemplaria
1417 2739 1528 2796 quod
1545 2739 1754 2793 habeant3
1775 2751 1874 2792 quo-

425 2807 535 2849 circa
564 2808 784 2850 videbatur
813 2808 912 2849 mihi
939 2811 1065 2862 poeta
1095 2807 1263 2849 dedisse
1283 2807 1356 2849 Ad
1382 2815 1529 2861 caput,
1551 2807 1686 2847 amnis
1715 2804 1828 2860 quod
1854 2821 1874 2846 e

423 2875 533 2915 eaelo
565 2876 750 2917 emoritur
779 2875 853 2916 sul)
883 2876 985 2917 solio
1015 2875 1127 2916 Iovis
1143 2906 1153 2915 .

536 2941 628 2982 730.
661 2955 756 2986 Quo
787 2955 958 2982 ErEsm
977 2973 985 2981 .
1007 2941 1097 2983 Hoc
1138 2941 1236 2982 serri
1274 2954 1356 2982 non
1393 2940 1542 2992 debet,
1565 2938 1664 2992 quia
1698 2947 1781 2979 tum
1810 2950 1872 2980 se-
