2040 3328
902 236 968 279 ΙΙΙ
1568 257 1571 260 ·
1614 233 1695 276 143

214 358 354 414 ipsum
389 353 599 397 Antonius
634 352 760 395 Marii
800 351 1002 395 exhibet.
1036 349 1138 393 olim
1174 348 1374 404 impressi
1411 352 1453 390 et
1488 347 1695 391 Marullus

214 431 329 470 recte
359 425 394 467 Ε
426 423 603 466 tenebris
633 422 762 464 tantis
780 453 788 462 .

329 491 604 536 'Lcrcmrs
624 523 632 533 .
656 490 725 534 Sic
757 488 966 543 oblongus
986 503 995 530 :
1018 486 1254 542 quadratus
1286 485 1449 528 Oim'is.
1473 483 1517 526 in
1545 499 1588 539 11,
1610 484 1694 529 505

212 565 392 616 uterque
408 576 562 618 cycnea
579 591 588 601 .
606 558 818 612 oblongus
835 557 880 599 in
896 571 938 610 11,
957 555 1041 598 824
1056 570 1112 610 1v,
1135 555 1212 597 181
1231 554 1316 598 910
1331 570 1485 611 cyfflzos
1502 556 1543 595 et
1558 554 1695 610 cqu',

211 630 284 673 ubi
315 628 551 684 quadratus
572 644 592 670 c
620 627 804 670 litteram
835 624 1032 668 exhibet.
1056 623 1278 666 Lucretius
1313 627 1452 665 utrum
1483 621 1696 664 Graecam

212 695 493 741 an·Latinam
523 696 734 738 rationem
763 692 1013 750 praetulerit
1042 692 1216 735 nescio:
1239 696 1351 735 certe
1382 690 1596 747 syllabam
1626 703 1697 732 ne-

212 779 296 821 que
325 765 395 808 hic
424 777 564 819 neque
585 763 803 818 Vergilius
837 760 1069 817 corripuit.
1093 773 1145 803 ea
1165 764 1364 815 correpta
1384 759 1626 802 Martialem
1657 759 1700 801 in

212 850 270 890 rx,
287 835 367 878 103
384 850 515 891 cyqno
539 832 762 888 scripsisse
783 844 870 874 non
891 829 1059 873 videtur
1083 827 1289 871 credibile
1307 861 1316 870 .
1333 841 1433 870 mox
1450 827 1551 870 hedi
1562 827 1701 882 prima

213 916 343 946 manu
373 902 612 956 oblongus,
643 899 774 943 haedi
788 899 903 942 idem
925 911 952 941 a
973 901 1212 940 correctore
1243 901 1285 939 et
1315 894 1581 951 quadratus,
1615 896 1699 938 No-

212 972 310 1015 nius
338 985 381 1027 p.
404 970 501 1025 306,
523 971 549 1013 9
571 978 608 1012 et
622 1002 633 1023 ,
663 969 761 1023 420,
783 968 838 1011 32
859 968 977 1010 aevi.
1000 967 1044 1009 in
1073 981 1117 1022 11,
1140 966 1222 1009 367
1245 964 1519 1007 membranae
1545 963 1698 1007 haedi.

214 1041 257 1083 in
277 1039 486 1083 Varronis
518 1038 572 1080 de
602 1038 752 1091 lingua
772 1036 929 1079 Latina
958 1050 984 1076 v
1014 1049 1056 1091 p.
1079 1035 1133 1078 99
1164 1033 1382 1076 Mediceus
1414 1031 1550 1075 codex
1579 1032 1700 1088 (nam

214 1107 472 1164 Spengelius
508 1119 594 1148 non
630 1106 776 1148 omnia
810 1110 924 1148 recte
956 1103 1133 1157 rettulit)
1168 1104 1283 1146 ircus
1315 1101 1429 1159 quod
1457 1102 1604 1143 savini
1615 1101 1699 1158 fir-

215 1193 315 1220 cus.
337 1175 452 1232 quod
484 1175 575 1218 illic
592 1173 743 1231 foedus
773 1175 819 1216 in
849 1174 951 1216 latio
981 1188 1081 1215 rure
1115 1169 1210 1228 [qui
1234 1172 1280 1214 in
1310 1171 1411 1213 urbe
1442 1169 1599 1222 deleta]
1633 1170 1698 1212 Ice-

215 1244 296 1287 dus
316 1245 396 1300 qui
410 1245 457 1286 in
477 1243 578 1286 urbe
600 1252 643 1285 ut
663 1244 709 1285 in
729 1243 872 1285 multis
904 1255 956 1282 'A‘
989 1240 1134 1284 addito
1163 1239 1295 1283 aedus
1313 1271 1322 1280 .
1345 1251 1472 1281 versu
1503 1238 1698 1294 proximo

215 1321 253 1355 et
267 1312 406 1369 forti-s·
436 1311 533 1354 libri
564 1315 606 1354 et
636 1311 801 1354 Nonius
832 1325 874 1366 p.
896 1310 1006 1364 306,
1039 1308 1152 1351 idem
1182 1322 1224 1364 p.
1246 1307 1332 1350 420
1361 1323 1411 1349 ac
1429 1339 1438 1348 .

327 1382 366 1424 9.
399 1380 497 1436 TU,
534 1394 718 1435 PATER,
755 1394 808 1420 ns
844 1392 1013 1420 RERUM
1047 1390 1302 1419 mvnNToR
1325 1408 1334 1417 .
1365 1375 1592 1430 oblongus
1629 1392 1698 1429 es,

215 1449 452 1506 quadratus
483 1465 529 1503 e,
560 1447 686 1491 huius
717 1452 928 1491 corrector
959 1449 986 1490 ό
1000 1480 1008 1489 .
1062 1474 1065 1476 -

333 1519 398 1560 11.
430 1531 583 1559 omnm
614 1531 823 1559 LIMANT.
846 1517 976 1559 Recte
999 1514 1209 1559 Avantius
1229 1528 1435 1569 LIBANT,
1459 1513 1575 1569 quod
1596 1513 1701 1556 lima

213 1587 335 1630 nulla
355 1590 420 1630 est
444 1586 489 1628 in
519 1598 594 1628 ore
624 1586 766 1641 apium
789 1584 1081 1641 pascentium,
1115 1582 1286 1638 qualem
1307 1582 1453 1625 tribuit
1483 1582 1572 1625 ae‘ri
1603 1582 1699 1625 sub-

215 1656 279 1699 tili
302 1656 540 1710 Vitruvius,
573 1667 666 1696 cum
690 1654 794 1696 dicit
822 1653 867 1696 in
897 1667 942 1704 V,
965 1654 1012 1707 9,
1035 1653 1062 1695 5
1084 1651 1199 1708 quod
1217 1668 1270 1694 ex
1294 1651 1505 1694 viridibus
1534 1652 1700 1694 subtilis

217 1734 254 1767 et
273 1732 518 1767 extenuatus
544 1730 618 1765 ae‘r
636 1731 809 1779 propter
828 1722 1046 1765 motionem
1076 1721 1265 1777 corporis
1295 1720 1473 1776 influens
1499 1720 1701 1777 perlimat

213 1793 390 1850 speciem
405 1825 416 1847 ‚
448 1791 528 1834 hoc
550 1795 616 1834 est
636 1790 804 1834 oculum
822 1823 831 1832 .
853 1789 1032 1832 Horatio
1054 1789 1204 1831 ludere
1234 1788 1378 1843 licuit,
1400 1789 1498 1832 Non
1519 1790 1614 1831 istic
1635 1790 1700 1831 ob-

215 1862 329 1919 liquo
355 1860 473 1904 oculo
493 1875 586 1902 ‘mea-
607 1858 820 1902 commoda
841 1859 1068 1916 quisquam
1088 1858 1234 1900 Limat
1248 1891 1259 1912 ,
1284 1858 1407 1912 quasi
1429 1858 1527 1900 limi
1542 1858 1658 1900 oculi
1674 1871 1701 1900 a

214 1930 318 1972 lima
338 1928 605 1980 dicerentur-3
627 1941 752 1983 quem
774 1926 1007 1970 admodum
1028 1931 1071 1969 et
1091 1926 1268 1969 Plautus
1290 1925 1419 1981 ludit,
1442 1938 1538 1968 cum
1559 1925 1700 1968 dolum

216 1997 361 2040 dolari
381 1997 508 2052 dicit,
541 2001 583 2039 et
604 1997 739 2039 nostri
770 1995 962 2038 homines
992 1995 1151 2050 partim
1181 1994 1402 2050 iocantur,
1434 1994 1592 2049 partim
1623 1993 1701 2036 fal-

215 2066 385 2120 luntur,
417 2078 512 2108 cum
537 2065 724 2123 yeruhen
745 2064 962 2107 deducunt
992 2077 1019 2106 a
1048 2064 1207 2118 ruben,
1239 2076 1419 2117 quorum
1451 2062 1586 2105 altero
1617 2067 1700 2105 stu-

216 2134 335 2177 dium
356 2133 648 2189 significatur,
681 2133 816 2176 altero
838 2132 984 2187 quies.
1008 2131 1126 2187 apud
1142 2130 1385 2174 Phaedrum
1407 2131 1450 2173 in
1471 2145 1531 2187 111,
1559 2132 1622 2186 10,
1644 2131 1700 2175 49

216 2202 318 2246 ferri
339 2215 426 2245 non
447 2202 577 2245 debet
596 2203 639 2244 si
654 2201 918 2244 mendacium
939 2200 1144 2244 Subtz'lz’us
1168 2200 1354 2243 limas-sec
1367 2233 1378 2254 ‚
1407 2199 1484 2242 sed
1505 2213 1592 2243 non
1613 2204 1701 2243 tam

217 2283 311 2314 cum
343 2270 536 2314 Bentleio
571 2271 751 2313 rimatus
786 2268 1060 2312 scribendum
1099 2272 1164 2311 est
1200 2281 1330 2323 quam
1360 2269 1578 2323 rimasset,
1614 2282 1700 2323 quo

215 2344 388 2395 praeter
407 2339 671 2393 antiquiores
692 2338 808 2382 circa
838 2337 953 2381 idem
975 2341 1143 2393 tempus
1163 2335 1326 2380 Iliados
1358 2337 1566 2393 interpres
1596 2351 1701 2381 usus

217 2412 282 2451 est
309 2407 422 2462 456,
462 2407 655 2464 Undique
685 2407 898 2450 rimabant
927 2407 1098 2449 inimico
1127 2421 1306 2462 corpora
1321 2406 1451 2460 ferro
1470 2438 1478 2448 .

332 2475 398 2520 15.
428 2476 676 2519 NATURAM
707 2489 873 2517 RERUM
902 2489 1080 2516 mva
1111 2489 1279 2516 MENTE
1302 2488 1537 2516 coom-AM
1555 2508 1564 2518 .
1588 2475 1701 2528 Qua-

217 2545 365 2588 dratus
395 2554 607 2588 coartam.
629 2545 772 2600 inepte
794 2544 1030 2587 Lambinus
1062 2543 1117 2586 de
1148 2543 1393 2586 coniectura
1414 2544 1575 2587 Donati
1605 2544 1701 2587 Ian-

217 2614 330 2656 nocti
351 2613 588 2656 Florentini
610 2613 728 2656 haud
753 2613 901 2657 divina
916 2629 929 2655 .·
959 2612 1146 2668 ineptius
1177 2612 1472 2656 Wakefieldus
1503 2621 1702 2655 naturam

217 2683 522 2737 interpretatur
557 2683 766 2725 rationem
804 2687 983 2727 naturae
1021 2694 1163 2724 rerum
1181 2712 1190 2722 .
1215 2685 1328 2724 recte
1370 2679 1556 2724 Orellius
1591 2683 1702 2724 racio

218 2759 291 2792 tua
320 2751 454 2806 coepit
483 2751 716 2807 vocvfferari
731 2753 944 2794 Naturam
974 2766 1142 2804 rerum,
1175 2749 1323 2791 divina
1352 2757 1509 2803 mente,
1541 2750 1704 2793 scilicet

216 2821 319 2872 tua,
352 2831 584 2860 coorer.
607 2819 714 2861 haec
750 2822 814 2861 est
849 2819 926 2861 illa
963 2814 1060 2873 ἱερὰ
1091 2813 1235 2873 σοφία
1261 2812 1563 2874 Ἐπικούρου,
1595 2816 1702 2860 haec

215 2887 293 2929 illa
313 2883 408 2942 ἱερὰ
430 2886 602 2944 κεφαλὴ
625 2882 651 2943 ἡ
674 2881 824 2944 πρώτη
844 2885 923 2941 τὴν
943 2883 1110 2942 σοφίαν
1141 2883 1381 2942 ἔξευροῧσα
1396 2919 1408 2937 ,
1441 2886 1561 2928 cuius
1582 2879 1702 2928 'sum-

216 2969 312 2998 mae
341 2956 459 3012 apud
481 2956 688 2998 familiam
709 2955 862 2998 laudes
879 2990 888 2999 .
911 2967 1011 2997 mox
1043 2964 1170 2997 totum
1201 2953 1320 2997 video
1346 2971 1425 3010 per
1455 2956 1582 2997 inane
1608 2955 1708 3011 qeri

217 3041 285 3067 res
315 3025 440 3079 quasi
472 3038 525 3067 ex
555 3024 664 3066 libro
697 3023 833 3079 primo
866 3023 1032 3065 Nonius
1062 3022 1225 3078 profert
1255 3037 1295 3078 p.
1318 3023 1415 3078 446,
1437 3023 1491 3066 5.
