2040 3328
440 231 494 271 32
1155 234 1175 274 I

439 341 591 394 efficit,
614 342 689 384 scd
710 356 892 383 vnsrus
912 375 919 383 .
937 342 1016 383 hoc
1034 343 1252 383 Marullum
1274 356 1355 383 non
1377 343 1532 385 vidisse
1553 345 1704 398 miror,
1727 345 1881 386 Wake—

438 407 587 449 fieldus
617 409 669 449 ab
701 410 835 450 amico
867 409 946 450 sibi
978 409 1162 450 oblatum
1193 409 1369 461 sprevit:
1406 410 1634 464 Forbigcr,
1668 412 1780 464 quod
1812 411 1882 452 ab·

439 474 566 516 surda
595 479 679 516 tam
712 475 875 516 fortiter
905 486 1164 527 concoquere
1202 475 1362 528 possit,
1390 475 1570 517 laudari.
1589 490 1634 519 se
1669 477 1880 530 postulat.

440 541 662 582 Creechius
692 541 844 594 probat
874 545 1148 581 commentum
1180 541 1331 593 Fabri,
1355 554 1435 594 quo
1465 542 1562 584 fecit
1590 544 1750 584 minaci
1774 558 1882 584 mur-

438 623 552 648 mure
583 610 744 659 cortus,
776 606 1060 648 contractione
1091 606 1187 647 mihi
1219 620 1305 648 non
1335 611 1461 648 nota.

549 674 644 715 281.
676 674 742 714 ET
765 687 861 713 CUM
883 687 1061 713 MOLL1s
1082 687 1214 717 AQUE
1236 687 1424 714 FERTUR
1445 687 1641 714 NATURA
1662 689 1882 715 REPENTE

439 741 657 780 FLUMINE
698 754 1003 790 ABUNDANTI,
1043 730 1172 785 QUEM
1209 754 1387 780 LARGIS
1423 754 1658 781 IMBRIBUS
1694 755 1855 782 AUGET
1873 771 1882 782 ·

438 807 563 858 Quem
593 805 889 859 ‘exquisitioris
912 807 1158 860 elegantiac⁷
1182 806 1347 848 videtur
1369 807 1659 849 Wakefieldo.
1681 807 1883 848 Marullus

438 873 566 928 quod:
597 873 671 915 sed
702 878 868 927 poterat
897 874 1032 915 lenius
1063 888 1221 918 QUAM.

548 940 641 980 286.
692 954 960 980 TURBIBUS.
991 940 1062 981 Sic
1098 941 1328 993 oblongus:
1370 940 1599 993 quadratus
1629 943 1671 981 61
1701 939 1882 982 schedae

436 1007 580 1047 turbio.
612 1011 819 1047 corrector
841 1007 1012 1059 oblongi
1034 1020 1298 1059 romunos,
1326 1007 1467 1059 itaque
1489 1006 1695 1047 Antonius
1715 1007 1883 1048 Floren-

436 1073 546 1113 tinus
576 1076 616 1113 61
646 1073 866 1125 impressi.

547 1139 641 1180 288.
700 1152 986 1183 vonvaUE
1019 1153 1105 1180 SUB
1136 1153 1278 1179 umus
1311 1139 1551 1180 GRANDIA
1583 1154 1736 1194 SAXA,
1766 1153 1884 1181 Rul'r

435 1219 532 1251 QUA
563 1219 816 1250 QU1DQU1D
847 1219 1117 1246 FLUCTIBUS
1149 1219 1347 1247 osssrAT.
1398 1207 1490 1256 Qua
1509 1207 1645 1260 prima
1672 1219 1820 1248 manus
1840 1206 1884 1247 in

435 1273 618 1325 oblongo
650 1272 813 1326 omisit,
845 1276 943 1325 puto
975 1272 1073 1325 quia
1103 1273 1238 1314 111111118
1269 1274 1381 1314 clare
1403 1273 1602 1326 scriptum
1631 1277 1720 1315 erat
1747 1273 1791 1314 in
1820 1285 1884 1314 ar-

435 1339 614 1393 chetypo
633 1371 641 1380 .
660 1343 748 1381 erat
769 1343 907 1380 autem
928 1339 1193 1380 scribendum
1212 1341 1298 1381 ruit
1313 1354 1359 1384 Q.
1374 1354 1457 1380 ITA
1475 1339 1682 1395 quidquid
1685 1340 1884 1395 fluctibus

435 1408 587 1448 obstat.
618 1405 880 1447 Wakefieldo
912 1410 952 1446 61
973 1406 1193 1447 Germanis
1224 1406 1510 1459 grammaticis
1541 1407 1642 1448 satis
1672 1405 1885 1460 proprium

435 1474 599 1516 videtur
620 1489 703 1528 qua
723 1473 942 1527 quicquam
955 1505 965 1525 ,
989 1472 1102 1526 quod
1119 1473 1274 1514 habent
1290 1473 1519 1514 Brixiensis
1536 1505 1545 1526 ,
1569 1474 1751 1515 Venetus
1768 1505 1777 1527 ,
1800 1472 1885 1514 Ma-

435 1541 564 1582 rullus
582 1572 591 1581 .

545 1607 641 1649 291.
701 1606 837 1656 QUAE

436 1687 579 1714 TANTI
609 1686 821 1714 TURBINE
849 1687 1068 1714 PORTANT
1086 1705 1095 1713 .
1128 1674 1294 1715 Scilicet
1324 1675 1436 1715 venti
1449 1674 1632 1728 flamina
1652 1685 1719 1714 res
1741 1685 1885 1714 01111168

434 1741 666 1796 corrzpz'unt
686 1740 908 1796 rapidique
925 1748 1114 1796 portant:
1136 1744 1177 1780 61
1197 1745 1338 1782 tamen
1367 1740 1472 1781 haec
1493 1739 1756 1781 Wakefieldo
1789 1752 1886 1781 con-

435 1807 559 1849 cinna
579 1811 620 1848 et
641 1807 792 1849 suavia
812 1807 1008 1849 videntur
1026 1838 1035 1847 .
1058 1806 1258 1848 Marullus
1281 1819 1373 1848 cum
1394 1819 1478 1847 non
1495 1807 1597 1848 satis
1612 1805 1884 1859 attendisset,

437 1874 534 1916 fecit
562 1874 791 1929 rapidoque
821 1883 1027 1916 rotantes:
1065 1873 1162 1915 inde
1192 1873 1420 1915 Lambinus
1450 1873 1627 1927 primum
1656 1872 1886 1928 rapidoque

434 1942 638 1993 rotantia,
678 1946 827 1994 postea
862 1941 1091 1996 rapidoque
1126 1942 1303 1982 rotanti.
1335 1940 1564 1994 quadratus
1595 1939 1732 1994 prima
1759 1951 1886 1980 manu

434 2007 678 2063 rapidisque
695 2039 703 2048 .
721 2008 983 2061 aptissimum
1000 2011 1062 2049 est
1077 2021 1223 2047 RAPn)
1234 2021 1343 2062 Eque
1360 2008 1515 2049 rotanti
1525 2007 1683 2049 turbine
1691 2013 1864 2062 portam
1875 2037 1884 2045 .

438 2087 546 2127 quae
583 2074 724 2115 media
762 2079 858 2116 sunt
893 2075 1001 2116 inter
1031 2073 1107 2115 hos
1137 2087 1310 2128 versus,
1352 2087 1495 2115 eorum
1525 2078 1685 2128 partem
1714 2072 1887 2127 protulit

436 2141 684 2182 scholiastes
706 2141 825 2182 Statii
848 2141 903 2182 ad
924 2140 1167 2182 Thebaidos
1189 2154 1247 2179 v11
1265 2172 1274 2193 ,
1291 2141 1373 2182 585
1397 2172 1406 2181 .
1434 2153 1555 2181 omne
1578 2140 1700 2181 huius
1720 2140 1802 2181 loci
1821 2151 1885 2180 ar-

435 2212 679 2261 gumentum
711 2208 880 2250 Servius
910 2207 1070 2249 indicat
1099 2206 1154 2247 ad
1184 2207 1411 2259 georgicon
1432 2220 1500 2259 IV,
1523 2207 1604 2248 219
1621 2238 1631 2248 .

548 2274 642 2316 304.
692 2276 928 2315 TANGERE
959 2288 1078 2314 ENIM
1108 2288 1167 2312 Er
1199 2287 1377 2313 TANGI.
1423 2273 1513 2314 Hoc
1543 2286 1668 2315 versu
1695 2273 1759 2314 usi
1790 2276 1888 2315 sunt

438 2339 598 2382 Seneca
639 2341 682 2382 in
714 2342 895 2396 epistula
928 2342 1032 2395 106,
1075 2340 1235 2382 Gellius
1267 2340 1500 2381 Atticarum
1530 2341 1711 2382 noctium
1731 2354 1757 2380 v
1775 2373 1784 2390 ,
1807 2339 1884 2394 15,

435 2407 719 2448 Tertullianus
735 2407 788 2449 de
805 2408 946 2449 anima
960 2409 1008 2460 5,
1031 2407 1193 2448 Nonius
1211 2419 1252 2460 p.
1269 2406 1351 2448 408
1370 2438 1379 2460 ,
1398 2407 1450 2447 21
1472 2438 1480 2446 .
1504 2406 1648 2448 horum
1669 2420 1775 2449 unus
1792 2405 1886 2448 Gel-

435 2474 517 2516 lius
551 2475 719 2528 scripsit
749 2484 820 2515 aut
848 2476 988 2530 tanuqz',
1020 2473 1096 2515 sed
1127 2486 1219 2514 cum
1240 2473 1367 2527 paulo
1389 2477 1487 2514 ante
1508 2474 1673 2515 Graeca
1693 2474 1797 2516 haec
1817 2485 1885 2514 ex—

435 2541 666 2595 hibuisset,
705 2540 755 2583 τὸ
786 2542 1005 2598 δρῶμενον
1035 2536 1062 2596 ἢ
1092 2536 1259 2592 πάσχον
1291 2535 1415 2592 σῶμά
1446 2538 1563 2582 ἐστιν
1588 2572 1597 2582 .
1623 2552 1754 2593 quare
1783 2538 1887 2580 nihil

436 2613 526 2651 erat
566 2621 638 2650 cur
669 2608 709 2649 ei
738 2608 940 2649 maiorem
970 2620 1096 2661 quam
1126 2608 1275 2649 ceteris
1305 2606 1429 2648 fidem
1461 2607 1634 2649 haberet
1663 2604 1886 2648 Wakefiel-

437 2676 515 2718 dus
533 2708 544 2717 .
566 2687 713 2718 versus
743 2675 956 2729 proximos
988 2674 1114 2716 habet
1134 2674 1295 2715 Nonius
1316 2687 1357 2727 p.
1378 2674 1483 2728 175,
1506 2674 1557 2728 6,
1587 2673 1659 2715 ubi
1689 2673 1887 2726 scriptum

437 2747 500 2784 est
529 2743 691 2785 eaedem
720 2742 915 2784 candenti
939 2741 1022 2783 sole
1037 2757 1051 2794 ,·
1088 2740 1202 2794 quod
1240 2739 1421 2782 fortasse
1456 2741 1597 2782 verius
1632 2744 1696 2782 est
1724 2739 1857 2781 altero
1874 2771 1884 2780 .

438 2809 537 2851 vide
567 2822 676 2862 quae
707 2809 800 2851 dico
832 2809 887 2851 ad
908 2822 956 2848 111
972 2841 981 2859 ,
1004 2807 1085 2849 988
1115 2811 1156 2849 61
1189 2807 1243 2849 ad
1266 2821 1308 2847 VI
1324 2838 1335 2860 ,
1361 2807 1438 2849 126
1457 2837 1466 2847 .

549 2876 643 2917 313.
689 2875 959 2917 STILICIDII
989 2888 1139 2916 CASUS
1170 2888 1390 2915 LAPIDEM
1420 2887 1607 2914 CAVAT.
1629 2873 1793 2926 Regula
1821 2875 1886 2914 cst

437 2947 534 2999 post
552 2944 724 2996 longam
746 2944 935 2985 vocalem
957 2955 980 2984 e
997 2942 1162 2984 duabus
1180 2942 1386 2993 lalteram
1407 2939 1606 2993 subtrahi,
1629 2940 1664 2980 si
1685 2941 1886 2992 sequatur

1010 1605 1105 1648 294.
1138 1605 1454 1647 Comzn’miwr
1490 1619 1770 1651 RAPIDIQUE
1799 1619 1884 1646 Ro-
