2040 3328
378 249 434 290 24
1093 250 1113 290 I

379 365 420 403 et
435 370 584 414 tumst,-
603 360 644 401 in
665 375 720 415 11,
743 360 824 402 468
840 375 1031 413 necessu,
1054 359 1170 400 euius
1191 359 1383 401 vocabuli
1401 363 1560 414 partem
1576 360 1736 414 perisse
1752 365 1823 414 a'p-

378 432 525 483 paret.
549 427 624 470 sed
661 427 732 469 ubi
771 426 957 468 additum
989 429 1051 467 est
1081 442 1190 479 esse,
1221 429 1360 480 potest
1389 427 1710 468 omitti.finitum
1740 436 1822 469 est.

379 510 394 535 1
410 528 420 549 ,
444 495 523 537 627
546 495 633 536 Illa
649 510 807 550 quoque
824 509 907 534 6336
924 493 1001 533 tibi
1012 492 1148 534 solida
1165 502 1285 548 atque
1302 502 1467 534 aeterna
1469 493 1694 548 fatendum
1711 524 1720 535 .
1741 494 1824 536 963

381 570 498 604 eoetra
510 577 709 603 summam
725 561 917 615 quoniam
933 559 998 600 nil
1012 575 1095 600 esse
1097 559 1324 613 fatendum
1341 591 1350 600 .
1370 573 1423 614 11,
1446 560 1499 602 39
1515 561 1651 602 animo
1667 575 1825 616 quoque

379 629 443 670 nil
453 628 653 684 prodesse
669 626 901 682 putandum
918 657 926 666 .
948 639 1019 679 111,
1041 625 1124 667 543
1144 626 1363 667 Mortalem
1384 634 1518 667 tamen
1539 643 1623 669 esse
1643 629 1824 669 animam

367 695 539 749 fateare
554 709 712 736 neeesse
730 726 738 734 .
760 705 886 746 quam
907 692 959 733 ob
982 704 1069 733 rem
1091 692 1214 733 etiam
1235 693 1279 734 in
1297 707 1371 746 111,
1395 693 1474 734 796
1492 692 1708 735 ferendum
1724 697 1824 748 puto

381 769 490 802 tanto
515 762 650 815 maqis
678 758 940 814 infitiandum
964 759 1106 800 Totum
1119 774 1269 814 posse:
1299 773 1397 801 nam
1412 775 1532 815 posse
1553 764 1616 801 est
1640 768 1796 815 potesse
1810 777 1826 815 ,-

382 840 636 881 quamquam
667 825 871 867 Prisciani
903 825 1068 867 codices
1100 824 1254 867 habent
1282 825 1544 881 infitiandum
1575 835 1657 867 est.

495 895 586 935 117.
619 894 805 935 ENmns
826 905 885 932 UT
912 905 1099 932 NOSTER
1120 906 1341 945 CECINIT,
1373 906 1456 937 QUI
1485 906 1667 934 ramus
1685 925 1694 935 .
1717 893 1825 944 Qua-

383 961 528 1003 dratus
566 965 607 1002 et
642 959 823 1002 schedae
858 968 902 1000 ut
932 960 1096 1014 primus
1134 963 1174 1000 et
1209 961 1285 1014 qui
1316 968 1451 1000 noster
1467 989 1476 1000 .
1497 972 1642 1002 versus
1673 960 1826 1013 Ennii,

383 1028 470 1069 Ova
501 1029 647 1083 parire
682 1027 781 1068 solet
807 1027 924 1081 flend
950 1026 1100 1079 pennis
1130 1025 1466 1079 condecoratam,
1496 1027 1591 1068 Non
1621 1027 1827 1076 animam,

383 1103 418 1135 et
443 1103 537 1149 post
564 1094 660 1134 inde
691 1093 799 1134 venit
828 1092 1015 1133 dim'm‘tu’
1041 1091 1173 1145 pullis
1202 1092 1304 1147 Ipsa
1333 1093 1498 1146 anima,
1536 1092 1649 1146 apud
1678 1092 1829 1133 Varro-

384 1174 479 1203 nem
514 1161 565 1202 de
594 1161 742 1212 lingua
772 1158 924 1199 Latina
953 1171 979 1197 v
1008 1172 1048 1212 p.
1071 1157 1137 1199 64.

498 1227 590 1268 120.
622 1226 743 1267 Ετει
771 1238 1060 1264 PRAETEREA
1091 1238 1253 1264 TAMEN
1273 1239 1385 1264 ESSE
1407 1239 1691 1267 AanRUSM
1712 1241 1828 1267 TEM-

382 1308 470 1334 PLA
501 1293 698 1334 ENNIUS
728 1305 969 1332 AETERNIS
999 1304 1211 1332 EXPONIT
1241 1305 1478 1333 VERSIBUS
1509 1307 1689 1348 EDENS,
1723 1294 1827 1345 Quo

382 1374 545 1405 NEQUE
576 1372 907 1399 PERMANEANT
937 1371 1126 1398 ANIMAE
1145 1389 1153 1398 .
1171 1358 1410 1400 Praetereat
1429 1359 1683 1414 quadratus,
1715 1360 1830 1402 sehe-

384 1428 489 1480 dae,
526 1430 734 1468 corrector
770 1425 939 1478 oblongi
963 1457 971 1466 .
994 1423 1147 1466 deinde
1182 1424 1303 1466 edens
1339 1438 1482 1467 omnes
1501 1441 1511 1480 3
1549 1426 1660 1480 quod
1690 1429 1829 1468 tamen

384 1495 543 1536 nullum
573 1493 740 1548 pondus
762 1492 879 1534 addit
899 1491 1158 1534 sententiae:
1189 1490 1264 1532 sed
1295 1492 1460 1534 vinculo
1489 1505 1595 1547 opus
1626 1497 1714 1548 est,
1746 1506 1829 1547 quo

384 1563 609 1614 iungantur
652 1560 756 1602 haee
810 1572 901 1601 cum
945 1557 1228 1614 superioribus
1250 1591 1259 1612 ,
1298 1559 1462 1601 Ennius
1505 1569 1549 1601 ut
1593 1569 1726 1602 noster
1770 1575 1830 1602 ce—

386 1630 486 1671 cinit
630 1645 644 1682 ,-
662 1628 761 1669 Etsi
768 1636 988 1682 praeterea
1014 1635 1147 1667 tamen
1290 1627 1454 1668 Ennius
1474 1627 1651 1668 aeternis
1667 1628 1832 1682 ewponit

385 1697 572 1739 versibus
601 1707 722 1735 mEM
739 1725 749 1736 .
770 1693 848 1735 hoc
869 1705 1099 1747 pronomen
1122 1692 1251 1734 eidem
1277 1693 1475 1746 seriptum
1506 1697 1568 1735 est
1597 1694 1642 1735 in
1662 1694 1830 1735 Floren-

383 1764 470 1805 tino
500 1762 643 1804 eodiee
665 1760 865 1802 Varronis
887 1759 939 1801 de
959 1759 1107 1812 lingua
1126 1759 1280 1801 Latina
1309 1774 1336 1799 x
1365 1773 1404 1813 p.
1426 1759 1534 1814 550,
1567 1760 1619 1812 2,
1651 1760 1751 1801 item
1780 1760 1824 1800 in

386 1829 629 1872 Florentino
661 1827 932 1882 epistularum
964 1826 1174 1868 Ciceronis
1204 1840 1304 1880 x111,
1344 1827 1390 1880 1,
1431 1827 1483 1879 3,
1514 1826 1557 1867 in
1587 1825 1830 1867 Florentino

385 1896 658 1951 epistularum
689 1894 743 1935 ad
766 1894 945 1935 Atticum
977 1907 1017 1947 1,
1053 1894 1100 1933 11
1120 1925 1129 1947 ,
1163 1894 1182 1933 1
1217 1898 1256 1935 et
1290 1893 1365 1946 14,
1399 1894 1420 1934 1
1443 1893 1469 1934 5
1487 1925 1495 1946 ,
1528 1905 1702 1946 eamque
1731 1892 1829 1934 seri-

387 1963 514 2005 bendi
527 1962 730 2004 rationem
743 1961 935 2003 Cornelio
943 1960 1095 2014 Nepoti
1112 1973 1243 2014 nuper
1259 1959 1541 2002 vindicavitC.
1551 1958 1832 2014 Nipperdeius

385 2031 428 2071 in
457 2028 684 2083 Spieilegio
712 2042 752 2081 p.
773 2028 854 2069 49.
877 2040 929 2068 ex
958 2026 1037 2068 hoo
1066 2039 1143 2068 usu
1173 2031 1296 2068 natus
1327 2039 1442 2067 error
1473 2039 1553 2079 quo
1583 2027 1628 2067 in
1655 2026 1751 2079 lege
1780 2024 1834 2067 de

387 2096 655 2138 Termesibus
673 2094 786 2136 faeta
801 2095 826 2134 2
843 2126 852 2147 ,
875 2094 930 2135 20
945 2094 1048 2135 haee
1071 2097 1191 2147 sunt,
1216 2093 1377 2135 eaedem
1394 2093 1500 2147 Zeyes
1517 2092 1724 2148 eidemque
1742 2093 1833 2134 iou-9

387 2163 606 2216 eademque
626 2160 868 2202 consuetudo
886 2192 894 2201 .
917 2164 1127 2214 postremo
1151 2161 1238 2210 Quo
1267 2175 1395 2214 neque
1416 2167 1689 2214 permaneant
1708 2171 1832 2200 mem-

386 2230 571 2283 branae,
603 2228 811 2269 Antonius
833 2225 979 2280 Marii,
1012 2227 1242 2268 Brixiensis
1265 2226 1417 2268 editio:
1445 2234 1687 2281 permanent
1706 2225 1832 2267 Vero-

384 2297 525 2338 nensis
557 2308 647 2336 eum
677 2295 863 2347 Veneta,
904 2293 1131 2346 Marullus,
1170 2293 1375 2334 AvantiuS
1393 2325 1401 2333 .
1422 2292 1501 2334 hoe
1530 2292 1654 2345 igitur
1683 2304 1832 2334 vereor

384 2376 437 2404 ne
475 2375 575 2403 casu
612 2365 753 2402 natum
789 2360 842 2401 sit
879 2363 919 2401 et
954 2359 1137 2412 quadam
1169 2359 1405 2412 elegantiae
1435 2359 1574 2413 speeie
1605 2358 1832 2400 Marullum

385 2433 630 2480 ceterosque
659 2426 895 2468 induxerit.
918 2430 958 2467 et
987 2426 1089 2467 satis
1120 2430 1231 2467 reete
1253 2441 1498 2481 permanere
1527 2425 1599 2467 illo
1639 2424 1831 2466 dicuntur

386 2495 552 2536 animae
570 2527 579 2548 ,
612 2498 657 2534 ut
677 2494 729 2535 de
751 2495 890 2535 animo
913 2492 1090 2535 Ovidius
1110 2492 1152 2533 in
1173 2492 1275 2534 artis
1296 2506 1352 2546 11,
1387 2492 1466 2534 120
1485 2491 1606 2534 Solus
1626 2491 1685 2533 ad
1703 2500 1831 2533 eaetre-

384 2577 469 2603 mos
491 2569 706 2616 permanet
732 2560 803 2601 ille
831 2575 948 2614 roqos
965 2593 974 2601 .
996 2559 1039 2599 in
1063 2558 1231 2601 decreto
1253 2559 1594 2612 Tergestinorum
1614 2572 1671 2612 11,
1695 2558 1748 2600 26
1770 2558 1836 2600 uti

384 2628 442 2670 ad
463 2637 648 2683 posteros
676 2635 835 2668 nostros
865 2635 947 2667 tam
967 2626 1153 2673 voluntas
1173 2626 1424 2680 amplissimi
1449 2627 1537 2667 viri
1562 2640 1686 2680 quam
1701 2625 1832 2680 facta

382 2703 675 2750 permaneant.
695 2693 840 2735 Cicero
862 2692 915 2734 de
938 2695 1089 2734 natura
1111 2691 1283 2733 deorum
1303 2706 1341 2746 1,
1365 2692 1443 2734 105
1464 2692 1636 2746 speciem
1658 2691 1729 2734 dei
1735 2706 1833 2746 per-

384 2762 472 2816 cipi
488 2762 730 2817 coyitatione
745 2793 755 2813 ,
786 2775 866 2801 non
886 2775 1007 2801 sensu
1019 2791 1030 2812 ‚
1060 2774 1132 2800 nec
1153 2775 1237 2800 esse
1256 2760 1301 2800 in
1324 2774 1372 2800 ea
1400 2758 1530 2799 uttam
1559 2757 1806 2799 soliditatem
1820 2788 1832 2810 ‚

385 2843 513 2882 neque
534 2842 620 2868 eam
642 2827 700 2867 ad
720 2842 933 2868 numerum
944 2841 1190 2881 permanere
1207 2857 1215 2866 .
1237 2825 1335 2866 item
1366 2825 1410 2865 in
1435 2839 1490 2878 11,
1525 2827 1578 2868 85
1591 2823 1832 2879 perdiutur-

384 2910 440 2935 na
454 2926 464 2946 ,
500 2908 751 2949 permanens
781 2894 839 2935 ad
872 2893 1106 2948 Zonqincum
1143 2901 1180 2934 et
1207 2883 1446 2933 immensum
1480 2906 1612 2946 paene
1647 2899 1803 2944 tempus
1822 2919 1831 2929 .

385 2959 516 3000 Varro
538 2973 675 3000 rerum
699 2962 948 3001 rusticarum
968 2974 1023 3011 11,
1055 2961 1107 3011 4,
1140 2962 1164 3002 8
1195 2959 1326 2999 verris
1355 2967 1439 2999 octo
1477 2965 1659 2998 mensum
1687 2955 1834 3010 incipit
