2040 3328
387 205 469 248 332
1092 212 1128 253 V

386 330 641 364 ANIMOQUE
672 334 886 362 VIDERET
904 353 913 361 .
937 321 1139 374 Marullus
1164 322 1272 363 unde
1300 323 1427 365 insita
1454 326 1615 367 notities
1644 336 1701 369 est
1722 327 1834 370 Un-

385 398 578 426 LITATIS
596 387 617 428 ‘P
638 390 724 427 tum
746 387 954 429 Avantius
986 387 1166 442 optime,
1189 387 1264 429 sed
1294 388 1385 442 ipse
1411 403 1495 432 non
1523 391 1771 446 intellegens
1793 397 1834 435 et

386 452 439 494 ab
477 453 561 494 alio
598 452 759 494 furatus
778 486 787 507 ,
809 453 882 508 qui
918 454 1085 495 Utilitas
1126 455 1246 496 etiam
1286 455 1397 498 male
1431 457 1665 512 scripsisset
1699 459 1834 513 (dedit

386 519 497 560 enim
518 520 736 561 utilitatis:
758 522 879 562 etiam
897 520 1024 571 unde)
1043 553 1052 574 ,
1074 520 1182 563 unde
1199 521 1298 563 data
1319 530 1376 563 est
1389 523 1484 565 huic
1495 525 1639 579 prima
1654 534 1833 580 potestas

386 584 498 635 Quid
525 586 643 628 vellet
659 586 810 641 facere
830 596 874 628 ut
903 601 1108 627 SCIRENT
1129 588 1345 643 animoque
1375 602 1618 631 VIDERENT
1633 592 1656 634 *ἓ
1675 592 1833 635 scilicet

385 655 572 704 potestas
603 652 789 695 faciundi
821 657 865 695 ut
894 654 1049 696 scirent
1085 653 1185 707 quid
1216 654 1371 696 vellet.
1393 658 1572 698 ceterum
1601 661 1727 712 poeta
1754 658 1832 701 hoc

384 731 508 760 versu
538 719 688 760 iterum
717 718 816 762 usus
848 724 911 762 est
940 720 982 760 in
1013 719 1092 761 hoc
1119 720 1225 762 libro
1260 721 1364 775 183,
1388 721 1464 763 sed
1494 723 1682 766 oratione
1711 725 1832 768 aliter

385 789 541 827 structa
556 818 565 840 ‚
584 786 758 828 Notities
774 787 980 828 hominum
996 787 1062 828 dis
1074 787 1182 829 unde
1199 796 1255 829 est
1266 788 1397 830 insita
1406 790 1590 843 primum
1605 822 1616 842 ‚
1634 790 1831 841 Quidvel·

386 853 619 907 Zentfacere
634 862 679 894 ut
693 854 845 895 scirent
860 854 1076 909 animoque
1091 853 1275 895 viderent
1291 886 1299 895 .
1322 855 1382 897 ita
1396 855 1440 896 in
1456 869 1511 909 vl,
1525 856 1608 898 200
1623 860 1686 899 est
1702 857 1831 908 Quae-

383 928 594 975 rentesque
614 921 724 961 viam-
739 921 893 962 circum
909 929 1126 962 versantur
1141 928 1177 962 et
1192 921 1304 975 iqnis
1319 920 1488 963 Semina
1503 923 1742 965 convolvunt
1757 939 1770 965 :
1789 927 1834 966 at

384 985 427 1026 in
450 1000 486 1039 v,
502 986 586 1028 520
605 987 720 1042 iqnes
741 986 831 1028 sive
851 987 962 1042 iqnis
977 986 1204 1029 accusandi
1226 999 1326 1028 casu
1343 1019 1352 1041 ,
1375 988 1701 1044 Quaerentesque
1719 990 1833 1032 viam

383 1053 538 1094 circum
552 1061 771 1094 versantur
787 1062 823 1094 et
839 1054 954 1109 iqnes
965 1054 1134 1095 Passim
1144 1070 1222 1109 per
1237 1054 1346 1095 caeti
1353 1054 1519 1096 volvunt
1526 1056 1726 1098 immania
1740 1064 1832 1098 tem-

376 1119 480 1174 pta.
503 1118 614 1161 idem
645 1119 872 1162 observare
891 1120 988 1162 licet
1017 1121 1061 1162 in
1081 1133 1206 1162 versu
1226 1120 1306 1162 211
1339 1124 1380 1162 et
1404 1120 1486 1162 212
1505 1121 1598 1163 libri
1624 1121 1774 1176 primi,
1796 1122 1832 1164 si

386 1185 655 1227 conferantur
685 1198 776 1227 cum
806 1186 889 1228 210
918 1190 959 1228 et
987 1187 1066 1227 211
1099 1187 1258 1240 quinti.

497 1252 617 1295 1052.
667 1253 767 1294 NEc
821 1267 1036 1294 RATIONE
1090 1267 1279 1294 DOCERE
1337 1268 1457 1295 ULLA
1513 1268 1832 1302 snADEREQUE

383 1333 565 1360 SURDES
596 1319 723 1370 Qum
762 1334 836 1360 sm
873 1334 994 1362 opus
1029 1335 1183 1362 FAcro
1203 1353 1211 1362 .
1233 1334 1407 1362 FACILE
1445 1335 1488 1361 st
1523 1335 1682 1367 NEQUE
1718 1336 1832 1364 Eum

383 1400 702 1428 PATERENTUR
719 1419 728 1429 .
751 1387 981 1430 Brixiensis
1013 1387 1148 1430 editor
1178 1402 1349 1429 SURDIS
1367 1418 1376 1428 .
1400 1392 1485 1429 tum
1506 1388 1708 1431 Marullus
1714 1389 1831 1445 faci-

383 1455 440 1496 les
475 1471 604 1510 neque
641 1456 747 1497 enim
778 1463 1020 1510 paterentur
1044 1486 1054 1496 .
1084 1454 1160 1497 sed
1196 1454 1425 1496 Lambinus
1461 1458 1572 1496 recte
1609 1456 1766 1510 sensit,
1794 1456 1831 1499 si

382 1520 486 1563 haec
514 1520 569 1562 ad.
600 1522 695 1564 Non
721 1530 906 1576 poterat,
929 1521 1041 1575 quod
1070 1521 1325 1576 praecessit,
1348 1521 1627 1576 referrentur,
1649 1523 1832 1566 scriben-

382 1587 481 1628 dum
512 1600 605 1629 esse
627 1588 739 1639 Quid
753 1588 877 1642 facto
907 1596 1008 1630 esset
1034 1604 1136 1643 opus
1154 1620 1163 1630 .
1185 1592 1228 1629 at
1258 1587 1369 1630 idem
1399 1588 1435 1630 si
1465 1588 1833 1633 animadvertisset

381 1657 529 1708 poetas
551 1659 738 1697 vetustos
768 1658 867 1696 ante
888 1654 1096 1697 Catullum
1115 1670 1244 1709 neque
1264 1654 1361 1696 aliis
1390 1655 1607 1697 vocabulis
1628 1669 1711 1698 non
1737 1657 1831 1699 sub-

382 1721 594 1776 iunxisse,
617 1721 742 1764 facile
771 1722 1016 1775 intellegere
1050 1722 1185 1775 potuit
1214 1720 1328 1774 quod
1365 1725 1524 1763 ceteros
1556 1721 1717 1776 fugisse
1746 1737 1831 1766 non

381 1788 511 1829 miror
527 1820 536 1842 ,
563 1788 788 1842 legendum
810 1801 903 1830 esse
922 1789 1008 1830 Nec
1027 1789 1186 1830 ratione
1203 1787 1344 1830 docere
1363 1788 1453 1829 ulla
1467 1787 1720 1844 suadereque
1739 1805 1830 1832 sur—

381 1854 447 1896 dis
478 1855 591 1906 Quid
617 1856 671 1897 sit
700 1870 802 1910 opus
818 1854 941 1910 facto
970 1868 1205 1895 FACILEST
1222 1886 1231 1896 .

495 1921 614 1964 1055.
645 1922 797 1964 Voc1s
834 1935 1099 1962 1NAUD1Tos
1136 1935 1311 1963 sommo
1352 1935 1672 1963 SUBTUNDERE
1693 1954 1702 1964 .
1734 1922 1831 1965 Cor-

380 1993 515 2031 rector
545 1989 718 2042 oblongi
750 2002 951 2029 sommus
981 2002 1271 2030 OBTUNDERE
1289 2021 1299 2031 .

494 2055 613 2099 1058.
644 2069 821 2096 VARIAS
856 2070 941 2095 RES
977 2069 1102 2097 vocE
1138 2069 1360 2098 NOTARET
1378 2087 1387 2097 .
1409 2055 1622 2098 Bentleius
1651 2069 1799 2098 vAn1A
1821 2071 1832 2112 3

380 2122 446 2164 cui
477 2122 765 2164 Wakefieldus
802 2121 1069 2178 obloquitur,
1092 2136 1159 2166 me
1195 2123 1333 2166 iudice
1369 2123 1578 2177 absurde,
1602 2123 1830 2178 Forbigero

380 2193 491 2232 recte
508 2221 518 2231 .
1766 2195 1777 2202 '

494 2257 614 2299 1062.
648 2256 835 2308 Quu’PE
891 2270 1070 2297 ETENiM
1124 2270 1267 2297 LxcET
1321 2271 1368 2297 m
1417 2270 1572 2298 REBUS
1622 2270 1830 2298 coenos-

380 2338 505 2365 CERE
542 2338 746 2364 APEnrxs
769 2356 777 2365 .
809 2325 962 2366 Verum
1001 2326 1064 2365 est
1109 2323 1222 2377 quod
1258 2323 1452 2365 Gifanius
1488 2322 1542 2364 ‘in
1579 2323 1830 2376 quibusdam

380 2391 606 2433 codicibus’
631 2403 724 2433 esse
746 2390 873 2444 dicit,
897 2391 988 2431 licet
1017 2403 1065 2430 11)
1084 2422 1092 2431 .
1114 2389 1345 2431 Lambinus
1365 2390 1458 2431 sine
1483 2395 1652 2432 auctore
1672 2389 1721 2432 id
1739 2390 1831 2432 licet

379 2475 400 2500 e
430 2458 551 2500 rebus
569 2489 578 2498 .

494 2524 614 2567 1063.
646 2538 741 2566 cum
771 2538 957 2565 PRIMUM
987 2537 1151 2564 MAGNA
1180 2536 1439 2564 MOLossun
1460 2523 1654 2564 ΜοιωΑ
1683 2536 1831 2563 mc'rA

377 2605 609 2633 PREMUNT
627 2625 635 2633 .
659 2591 783 2646 Apud
803 2591 987 2633 Nonium
1016 2604 1058 2644 p.
1074 2590 1168 2644 221,
1189 2590 1239 2632 18
1270 2598 1472 2632 tremunt:
1493 2588 1697 2631 Marullus
1717 2603 1829 2629 ERE-

378 2673 510 2700 MUNT
527 2692 536 2702 ,
558 2658 634 2701 sed
663 2674 816 2715 maqna
843 2658 989 2700 mollia
1024 2658 1131 2699 ricta
1161 2656 1252 2699 sine
1291 2656 1380 2698 ulla
1409 2656 1451 2698 vi
1483 2656 1676 2698 dicuntur
1704 2655 1829 2698 nimis

379 2725 592 2767 incondite
610 2740 619 2766 ε
641 2726 781 2780 aptius
812 2728 874 2767 est
904 2737 1089 2764 mMANE
1120 2723 1274 2765 Mollia
1302 2724 1408 2765 ricta
1424 2724 1643 2779 fremunt.

494 2792 612 2835 1065.
645 2792 813 2833 LONGE
844 2805 955 2832 Anni
978 2804 1152 2831 soum-u
1182 2803 1329 2830 RABIE
1351 2803 1554 2830 STRICTA
1583 2801 1830 2830 MINATUR.

380 2858 477 2899 Itali
514 2862 555 2900 et
589 2858 790 2901 Marullus
822 2861 964 2914 Lon-qe
1002 2870 1114 2898 ALIO
1155 2858 1290 2898 sonitu
1309 2889 1317 2897 .
1340 2855 1493 2898 deinde
1532 2854 1660 2897 iidem
1695 2855 1830 2896 rabies

381 2925 570 2966 districta
606 2927 787 2967 minatur
807 2959 818 2980 ,
849 2925 963 2980 quod
999 2924 1060 2966 rei
1100 2923 1355 2966 contrarium
1393 2925 1457 2964 est
1479 2954 1487 2963 .
1518 2921 1645 2963 multo
1681 2919 1829 2962 melius
