<?xml version="1.0" encoding="UTF-8"?>
<!DOCTYPE html PUBLIC "-//W3C//DTD XHTML 1.0 Transitional//EN"
    "http://www.w3.org/TR/xhtml1/DTD/xhtml1-transitional.dtd">
<html xmlns="http://www.w3.org/1999/xhtml" xml:lang="en" lang="en">
 <head>
  <title>
</title>
<meta http-equiv="Content-Type" content="text/html;charset=utf-8" />
  <meta name='ocr-system' content='tesseract 3.04.00' />
  <meta name='ocr-capabilities' content='ocr_page ocr_carea ocr_par ocr_line ocrx_word'/>
</head>
<body>
  <div class='ocr_page' id='page_1' title='image "./intlucretiicarid00lachuoft_0322.png"; bbox 0 0 2040 3328; ppageno 0'>
   <div class='ocr_carea' id='block_1_1' title="bbox 411 260 1152 304">
    <p class='ocr_par' dir='ltr' id='par_1_1' title="bbox 411 260 1152 304">
     <span class='ocr_line' id='line_1_1' title="bbox 411 260 1152 304; baseline 0.001 -1"><span class='ocrx_word' id='word_1_1' title='bbox 411 260 492 303; x_wconf 88' lang='lat'><strong>318</strong></span> <span class='ocrx_word' id='word_1_2' title='bbox 1115 263 1152 304; x_wconf 92' lang='lat' dir='ltr'>V</span> 
     </span>
    </p>
   </div>
   <div class='ocr_carea' id='block_1_2' title="bbox 399 372 1880 2948">
    <p class='ocr_par' dir='ltr' id='par_1_2' title="bbox 410 372 1854 561">
     <span class='ocr_line' id='line_1_2' title="bbox 522 372 1854 418; baseline 0.002 -3"><span class='ocrx_word' id='word_1_3' title='bbox 522 372 616 415; x_wconf 88' lang='lat'>914.</span> <span class='ocrx_word' id='word_1_4' title='bbox 646 386 811 414; x_wconf 81' lang='lat' dir='ltr'>PEDUM</span> <span class='ocrx_word' id='word_1_5' title='bbox 851 385 991 412; x_wconf 73' lang='lat' dir='ltr'><strong>rusus</strong></span> <span class='ocrx_word' id='word_1_6' title='bbox 1032 387 1090 413; x_wconf 72' lang='grc' dir='ltr'><strong>υτ</strong></span> <span class='ocrx_word' id='word_1_7' title='bbox 1133 385 1354 414; x_wconf 65' lang='lat' dir='ltr'><strong>pommus</strong></span> <span class='ocrx_word' id='word_1_8' title='bbox 1396 388 1604 416; x_wconf 71' lang='lat' dir='ltr'><strong>Possn&#39;r.</strong></span> <span class='ocrx_word' id='word_1_9' title='bbox 1637 375 1854 418; x_wconf 77' lang='lat' dir='ltr'><strong>eorrector</strong></span> 
     </span>
     <span class='ocr_line' id='line_1_3' title="bbox 412 438 1854 498; baseline 0.003 -18"><span class='ocrx_word' id='word_1_10' title='bbox 412 438 606 493; x_wconf 85' lang='lat' dir='ltr'><strong>quadrati</strong></span> <span class='ocrx_word' id='word_1_11' title='bbox 630 442 671 480; x_wconf 91' lang='lat' dir='ltr'><strong>et</strong></span> <span class='ocrx_word' id='word_1_12' title='bbox 690 439 891 480; x_wconf 78' lang='lat' dir='ltr'><strong>Marullus</strong></span> <span class='ocrx_word' id='word_1_13' title='bbox 910 451 1098 479; x_wconf 61' lang='lat' dir='ltr'><strong>romnus:</strong></span> <span class='ocrx_word' id='word_1_14' title='bbox 1115 471 1124 480; x_wconf 93' lang='lat'><strong>.</strong></span> <span class='ocrx_word' id='word_1_15' title='bbox 1146 439 1189 480; x_wconf 92' lang='lat' dir='ltr'><strong>in</strong></span> <span class='ocrx_word' id='word_1_16' title='bbox 1219 453 1273 493; x_wconf 82' lang='lat' dir='ltr'><strong>lv,</strong></span> <span class='ocrx_word' id='word_1_17' title='bbox 1291 440 1374 482; x_wconf 84' lang='lat'><strong>924</strong></span> <span class='ocrx_word' id='word_1_18' title='bbox 1392 441 1619 498; x_wconf 60' lang='lat' dir='ltr'><strong>vbzduqredi</strong></span> <span class='ocrx_word' id='word_1_19' title='bbox 1627 442 1854 498; x_wconf 78' lang='lat' dir='ltr'><strong><em>pedemque</em></strong></span> 
     </span>
     <span class='ocr_line' id='line_1_4' title="bbox 410 504 1517 561; baseline 0.003 -15"><span class='ocrx_word' id='word_1_20' title='bbox 410 521 562 560; x_wconf 79' lang='lat' dir='ltr'><strong>ponere</strong></span> <span class='ocrx_word' id='word_1_21' title='bbox 580 537 589 545; x_wconf 95' lang='lat'><strong><em>.</em></strong></span> <span class='ocrx_word' id='word_1_22' title='bbox 611 504 725 559; x_wconf 86' lang='lat' dir='ltr'><strong>apud</strong></span> <span class='ocrx_word' id='word_1_23' title='bbox 755 504 1006 547; x_wconf 85' lang='lat' dir='ltr'><strong>scholiasten</strong></span> <span class='ocrx_word' id='word_1_24' title='bbox 1038 505 1159 547; x_wconf 83' lang='lat' dir='ltr'><strong>Statii</strong></span> <span class='ocrx_word' id='word_1_25' title='bbox 1183 521 1338 561; x_wconf 75' lang='lat' dir='ltr'><strong>ponere</strong></span> <span class='ocrx_word' id='word_1_26' title='bbox 1366 507 1488 549; x_wconf 73' lang='lat' dir='ltr'><strong>iussit</strong></span> <span class='ocrx_word' id='word_1_27' title='bbox 1507 539 1517 549; x_wconf 90' lang='lat'><strong>.</strong></span> 
     </span>
    </p>

    <p class='ocr_par' dir='ltr' id='par_1_3' title="bbox 409 570 1853 898">
     <span class='ocr_line' id='line_1_5' title="bbox 522 570 1851 618; baseline 0.002 -4"><span class='ocrx_word' id='word_1_28' title='bbox 522 571 616 614; x_wconf 81' lang='lat'><strong>923.</strong></span> <span class='ocrx_word' id='word_1_29' title='bbox 648 570 746 612; x_wconf 69' lang='lat' dir='ltr'><strong>SED</strong></span> <span class='ocrx_word' id='word_1_30' title='bbox 777 585 818 611; x_wconf 81' lang='lat' dir='ltr'><strong>sx</strong></span> <span class='ocrx_word' id='word_1_31' title='bbox 847 585 1037 617; x_wconf 78' lang='lat' dir='ltr'><strong>QUEQUE</strong></span> <span class='ocrx_word' id='word_1_32' title='bbox 1068 586 1158 613; x_wconf 82' lang='lat' dir='ltr'><strong>suo</strong></span> <span class='ocrx_word' id='word_1_33' title='bbox 1188 586 1301 613; x_wconf 69' lang='lat' dir='ltr'><strong>R1&#39;ru</strong></span> <span class='ocrx_word' id='word_1_34' title='bbox 1330 586 1571 614; x_wconf 72' lang='lat' dir='ltr'><strong>Pnocsnn·</strong></span> <span class='ocrx_word' id='word_1_35' title='bbox 1593 606 1603 616; x_wconf 90' lang='lat'><strong>.</strong></span> <span class='ocrx_word' id='word_1_36' title='bbox 1632 575 1685 618; x_wconf 72' lang='lat' dir='ltr'><strong>Si</strong></span> <span class='ocrx_word' id='word_1_37' title='bbox 1700 576 1851 617; x_wconf 86' lang='lat' dir='ltr'><strong>oratio-</strong></span> 
     </span>
     <span class='ocr_line' id='line_1_6' title="bbox 409 637 1852 693; baseline 0.001 -12"><span class='ocrx_word' id='word_1_38' title='bbox 409 651 503 681; x_wconf 91' lang='lat' dir='ltr'><strong>nem</strong></span> <span class='ocrx_word' id='word_1_39' title='bbox 533 638 702 692; x_wconf 87' lang='lat' dir='ltr'><strong>turbat,</strong></span> <span class='ocrx_word' id='word_1_40' title='bbox 733 638 797 680; x_wconf 90' lang='lat' dir='ltr'><strong>cui</strong></span> <span class='ocrx_word' id='word_1_41' title='bbox 828 637 947 680; x_wconf 82' lang='lat' dir='ltr'>deest</span> <span class='ocrx_word' id='word_1_42' title='bbox 975 651 1127 680; x_wconf 90' lang='lat' dir='ltr'><strong>nomen</strong></span> <span class='ocrx_word' id='word_1_43' title='bbox 1155 638 1400 681; x_wconf 88' lang='lat' dir='ltr'><strong>femininum</strong></span> <span class='ocrx_word' id='word_1_44' title='bbox 1420 673 1430 683; x_wconf 90' lang='lat'><strong>.</strong></span> <span class='ocrx_word' id='word_1_45' title='bbox 1459 652 1558 693; x_wconf 86' lang='lat' dir='ltr'><strong>ergo</strong></span> <span class='ocrx_word' id='word_1_46' title='bbox 1588 642 1852 684; x_wconf 86' lang='lat' dir='ltr'><strong>scribendum</strong></span> 
     </span>
     <span class='ocr_line' id='line_1_7' title="bbox 410 704 1853 761; baseline 0.002 -14"><span class='ocrx_word' id='word_1_47' title='bbox 410 708 473 747; x_wconf 84' lang='lat' dir='ltr'><strong>est</strong></span> <span class='ocrx_word' id='word_1_48' title='bbox 494 704 579 748; x_wconf 80' lang='lat' dir='ltr'><strong>Sed</strong></span> <span class='ocrx_word' id='word_1_49' title='bbox 605 718 681 744; x_wconf 79' lang='lat' dir='ltr'><strong>VIS</strong></span> <span class='ocrx_word' id='word_1_50' title='bbox 711 720 896 760; x_wconf 81' lang='lat' dir='ltr'><strong>quaeque</strong></span> <span class='ocrx_word' id='word_1_51' title='bbox 925 720 999 747; x_wconf 78' lang='lat' dir='ltr'><strong>suo</strong></span> <span class='ocrx_word' id='word_1_52' title='bbox 1027 706 1113 747; x_wconf 73' lang='lat' dir='ltr'><strong>ritu</strong></span> <span class='ocrx_word' id='word_1_53' title='bbox 1136 706 1352 761; x_wconf 74' lang='lat' dir='ltr'><strong>procedit.</strong></span> <span class='ocrx_word' id='word_1_54' title='bbox 1384 706 1612 749; x_wconf 80' lang='lat' dir='ltr'>Lambinus</span> <span class='ocrx_word' id='word_1_55' title='bbox 1640 708 1751 750; x_wconf 84' lang='lat' dir='ltr'><strong>male</strong></span> <span class='ocrx_word' id='word_1_56' title='bbox 1769 709 1853 750; x_wconf 75' lang='lat' dir='ltr'><strong>Res</strong></span> 
     </span>
     <span class='ocr_line' id='line_1_8' title="bbox 409 771 1852 828; baseline 0.003 -16"><span class='ocrx_word' id='word_1_57' title='bbox 409 772 469 813; x_wconf 74' lang='lat' dir='ltr'><strong>sic</strong></span> <span class='ocrx_word' id='word_1_58' title='bbox 499 786 684 827; x_wconf 79' lang='lat' dir='ltr'><strong>quaeque</strong></span> <span class='ocrx_word' id='word_1_59' title='bbox 698 803 709 825; x_wconf 91' lang='lat'><em>,</em></span> <span class='ocrx_word' id='word_1_60' title='bbox 733 771 776 812; x_wconf 92' lang='lat' dir='ltr'><strong>in</strong></span> <span class='ocrx_word' id='word_1_61' title='bbox 797 784 880 826; x_wconf 92' lang='lat' dir='ltr'><strong>quo</strong></span> <span class='ocrx_word' id='word_1_62' title='bbox 896 771 1084 827; x_wconf 73' lang='lat' dir='ltr'><em>procedit</em></span> <span class='ocrx_word' id='word_1_63' title='bbox 1112 771 1339 827; x_wconf 83' lang='lat' dir='ltr'><strong>improprie</strong></span> <span class='ocrx_word' id='word_1_64' title='bbox 1358 773 1539 828; x_wconf 86' lang='lat' dir='ltr'><strong>positum</strong></span> <span class='ocrx_word' id='word_1_65' title='bbox 1561 778 1626 816; x_wconf 90' lang='lat' dir='ltr'><strong>est</strong></span> <span class='ocrx_word' id='word_1_66' title='bbox 1645 805 1654 815; x_wconf 87' lang='lat'><strong>.</strong></span> <span class='ocrx_word' id='word_1_67' title='bbox 1683 774 1852 816; x_wconf 83' lang='lat' dir='ltr'>Marulli</span> 
     </span>
     <span class='ocr_line' id='line_1_9' title="bbox 409 841 1653 898; baseline 0.002 -19"><span class='ocrx_word' id='word_1_68' title='bbox 409 841 642 880; x_wconf 87' lang='lat' dir='ltr'><strong>commenta</strong></span> <span class='ocrx_word' id='word_1_69' title='bbox 670 850 754 879; x_wconf 91' lang='lat' dir='ltr'><strong>non</strong></span> <span class='ocrx_word' id='word_1_70' title='bbox 784 850 1107 880; x_wconf 87' lang='lat' dir='ltr'><strong>commemorare</strong></span> <span class='ocrx_word' id='word_1_71' title='bbox 1136 843 1350 893; x_wconf 86' lang='lat' dir='ltr'><strong>praestat.</strong></span> <span class='ocrx_word' id='word_1_72' title='bbox 1647 891 1653 898; x_wconf 31' lang='lat'><strong><em>¹</em></strong></span> 
     </span>
    </p>

    <p class='ocr_par' dir='ltr' id='par_1_4' title="bbox 407 904 1852 1212">
     <span class='ocr_line' id='line_1_10' title="bbox 520 904 1851 962; baseline 0.002 -16"><span class='ocrx_word' id='word_1_73' title='bbox 520 904 614 946; x_wconf 81' lang='lat'><strong>925.</strong></span> <span class='ocrx_word' id='word_1_74' title='bbox 646 905 711 946; x_wconf 77' lang='lat' dir='ltr'><strong>Er</strong></span> <span class='ocrx_word' id='word_1_75' title='bbox 742 918 896 945; x_wconf 70' lang='lat' dir='ltr'><strong>ansus</strong></span> <span class='ocrx_word' id='word_1_76' title='bbox 926 915 1206 946; x_wconf 65' lang='lat' dir='ltr'><strong>nummum.</strong></span> <span class='ocrx_word' id='word_1_77' title='bbox 1238 906 1294 947; x_wconf 73' lang='lat' dir='ltr'><strong>Et</strong></span> <span class='ocrx_word' id='word_1_78' title='bbox 1328 905 1561 948; x_wconf 88' lang='lat' dir='ltr'><strong>coniunctio</strong></span> <span class='ocrx_word' id='word_1_79' title='bbox 1592 907 1851 962; x_wconf 71' lang='lat' dir='ltr'><strong>omniaper-</strong></span> 
     </span>
     <span class='ocr_line' id='line_1_11' title="bbox 407 970 1852 1016; baseline 0.001 -2"><span class='ocrx_word' id='word_1_80' title='bbox 407 971 558 1014; x_wconf 91' lang='lat' dir='ltr'><strong>vertit.</strong></span> <span class='ocrx_word' id='word_1_81' title='bbox 579 970 844 1013; x_wconf 90' lang='lat' dir='ltr'><strong>scribendum</strong></span> <span class='ocrx_word' id='word_1_82' title='bbox 875 974 938 1013; x_wconf 91' lang='lat' dir='ltr'><strong>est</strong></span> <span class='ocrx_word' id='word_1_83' title='bbox 957 972 1019 1012; x_wconf 70' lang='lat' dir='ltr'><strong>A&#39;r</strong></span> <span class='ocrx_word' id='word_1_84' title='bbox 1037 1003 1046 1011; x_wconf 91' lang='lat'>.</span> <span class='ocrx_word' id='word_1_85' title='bbox 1067 971 1255 1013; x_wconf 91' lang='lat' dir='ltr'><strong>homines</strong></span> <span class='ocrx_word' id='word_1_86' title='bbox 1283 972 1480 1014; x_wconf 86' lang='lat' dir='ltr'><strong>membris</strong></span> <span class='ocrx_word' id='word_1_87' title='bbox 1510 973 1762 1015; x_wconf 83' lang='lat' dir='ltr'><strong>immanibus</strong></span> <span class='ocrx_word' id='word_1_88' title='bbox 1792 974 1852 1016; x_wconf 93' lang='lat' dir='ltr'><strong>in-</strong></span> 
     </span>
     <span class='ocr_line' id='line_1_12' title="bbox 407 1036 1850 1093; baseline 0.002 -14"><span class='ocrx_word' id='word_1_89' title='bbox 407 1038 550 1080; x_wconf 82' lang='lat' dir='ltr'><strong>structi</strong></span> <span class='ocrx_word' id='word_1_90' title='bbox 580 1037 683 1079; x_wconf 90' lang='lat' dir='ltr'><strong>nulli</strong></span> <span class='ocrx_word' id='word_1_91' title='bbox 704 1036 897 1079; x_wconf 86' lang='lat' dir='ltr'><strong>fuerunt:</strong></span> <span class='ocrx_word' id='word_1_92' title='bbox 919 1037 998 1078; x_wconf 91' lang='lat' dir='ltr'><strong>hoc</strong></span> <span class='ocrx_word' id='word_1_93' title='bbox 1027 1038 1138 1079; x_wconf 90' lang='lat' dir='ltr'><strong>enim</strong></span> <span class='ocrx_word' id='word_1_94' title='bbox 1158 1038 1261 1079; x_wconf 91' lang='lat' dir='ltr'><strong>nihil</strong></span> <span class='ocrx_word' id='word_1_95' title='bbox 1291 1039 1584 1093; x_wconf 88' lang='lat' dir='ltr'><strong>apparentium</strong></span> <span class='ocrx_word' id='word_1_96' title='bbox 1610 1039 1850 1082; x_wconf 89' lang='lat' dir='ltr'><strong>confirmat:</strong></span> 
     </span>
     <span class='ocr_line' id='line_1_13' title="bbox 407 1103 1851 1160; baseline 0.001 -14"><span class='ocrx_word' id='word_1_97' title='bbox 407 1109 451 1146; x_wconf 89' lang='lat' dir='ltr'><strong>at</strong></span> <span class='ocrx_word' id='word_1_98' title='bbox 478 1104 608 1146; x_wconf 92' lang='lat' dir='ltr'><strong>multo</strong></span> <span class='ocrx_word' id='word_1_99' title='bbox 639 1103 783 1145; x_wconf 92' lang='lat' dir='ltr'><strong>durius</strong></span> <span class='ocrx_word' id='word_1_100' title='bbox 803 1103 908 1145; x_wconf 91' lang='lat' dir='ltr'><strong>illud</strong></span> <span class='ocrx_word' id='word_1_101' title='bbox 929 1103 1140 1146; x_wconf 91' lang='lat' dir='ltr'><strong>hominum</strong></span> <span class='ocrx_word' id='word_1_102' title='bbox 1163 1117 1297 1158; x_wconf 83' lang='lat' dir='ltr'><strong>genus</strong></span> <span class='ocrx_word' id='word_1_103' title='bbox 1318 1105 1419 1159; x_wconf 79' lang='lat' dir='ltr'><strong>fuit,</strong></span> <span class='ocrx_word' id='word_1_104' title='bbox 1441 1109 1486 1147; x_wconf 91' lang='lat' dir='ltr'><strong>ut</strong></span> <span class='ocrx_word' id='word_1_105' title='bbox 1504 1109 1603 1160; x_wconf 89' lang='lat' dir='ltr'><strong>pote</strong></span> <span class='ocrx_word' id='word_1_106' title='bbox 1633 1120 1685 1149; x_wconf 92' lang='lat' dir='ltr'><strong>ex</strong></span> <span class='ocrx_word' id='word_1_107' title='bbox 1703 1107 1851 1148; x_wconf 89' lang='lat' dir='ltr'><strong>tellure</strong></span> 
     </span>
     <span class='ocr_line' id='line_1_14' title="bbox 407 1171 752 1212; baseline -0.003 0"><span class='ocrx_word' id='word_1_108' title='bbox 407 1171 514 1212; x_wconf 91' lang='lat' dir='ltr'><strong>dura</strong></span> <span class='ocrx_word' id='word_1_109' title='bbox 544 1174 752 1212; x_wconf 87' lang='lat' dir='ltr'><strong>creatum.</strong></span> 
     </span>
    </p>

    <p class='ocr_par' dir='ltr' id='par_1_5' title="bbox 399 1237 1880 2948">
     <span class='ocr_line' id='line_1_15' title="bbox 517 1237 1850 1285; baseline 0.002 -5"><span class='ocrx_word' id='word_1_110' title='bbox 517 1237 752 1280; x_wconf 85' lang='lat'><strong>928—979.</strong></span> <span class='ocrx_word' id='word_1_111' title='bbox 787 1237 1061 1280; x_wconf 64' lang='lat' dir='ltr'><strong>FUNDATUM</strong></span> <span class='ocrx_word' id='word_1_112' title='bbox 1215 1253 1451 1280; x_wconf 63' lang='lat' dir='ltr'><strong>maxuma</strong></span> <span class='ocrx_word' id='word_1_113' title='bbox 1493 1253 1727 1285; x_wconf 77' lang='lat' dir='ltr'><strong>UMQUAM.</strong></span> <span class='ocrx_word' id='word_1_114' title='bbox 1763 1239 1850 1282; x_wconf 82' lang='lat' dir='ltr'><strong>Hos</strong></span> 
     </span>
     <span class='ocr_line' id='line_1_16' title="bbox 404 1303 1850 1361; baseline 0.001 -14"><span class='ocrx_word' id='word_1_115' title='bbox 404 1317 552 1347; x_wconf 84' lang='lat' dir='ltr'><strong>versus</strong></span> <span class='ocrx_word' id='word_1_116' title='bbox 572 1318 629 1344; x_wconf 69' lang='lat' dir='ltr'><strong>nn</strong></span> <span class='ocrx_word' id='word_1_117' title='bbox 649 1303 880 1358; x_wconf 87' lang='lat' dir='ltr'><strong>quadratus</strong></span> <span class='ocrx_word' id='word_1_118' title='bbox 911 1304 979 1347; x_wconf 86' lang='lat' dir='ltr'><strong>hie</strong></span> <span class='ocrx_word' id='word_1_119' title='bbox 1007 1319 1091 1348; x_wconf 92' lang='lat' dir='ltr'><strong>non</strong></span> <span class='ocrx_word' id='word_1_120' title='bbox 1121 1307 1271 1361; x_wconf 88' lang='lat' dir='ltr'><strong>habet,</strong></span> <span class='ocrx_word' id='word_1_121' title='bbox 1294 1306 1369 1348; x_wconf 90' lang='lat' dir='ltr'><strong>sed</strong></span> <span class='ocrx_word' id='word_1_122' title='bbox 1399 1307 1442 1348; x_wconf 91' lang='lat' dir='ltr'><strong>in</strong></span> <span class='ocrx_word' id='word_1_123' title='bbox 1472 1306 1554 1348; x_wconf 91' lang='lat' dir='ltr'><strong>fine</strong></span> <span class='ocrx_word' id='word_1_124' title='bbox 1583 1310 1679 1361; x_wconf 87' lang='lat' dir='ltr'><strong>post</strong></span> <span class='ocrx_word' id='word_1_125' title='bbox 1697 1306 1850 1349; x_wconf 88' lang='lat' dir='ltr'><strong>librum</strong></span> 
     </span>
     <span class='ocr_line' id='line_1_17' title="bbox 404 1370 1880 1427; baseline 0.002 -14"><span class='ocrx_word' id='word_1_126' title='bbox 404 1375 593 1425; x_wconf 87' lang='lat' dir='ltr'><strong>sextum,</strong></span> <span class='ocrx_word' id='word_1_127' title='bbox 616 1375 662 1412; x_wconf 91' lang='lat' dir='ltr'><strong>ut</strong></span> <span class='ocrx_word' id='word_1_128' title='bbox 682 1370 771 1412; x_wconf 88' lang='lat' dir='ltr'><strong>dixi</strong></span> <span class='ocrx_word' id='word_1_129' title='bbox 787 1370 843 1412; x_wconf 89' lang='lat' dir='ltr'><strong>ad</strong></span> <span class='ocrx_word' id='word_1_130' title='bbox 862 1385 889 1425; x_wconf 90' lang='lat'><strong>1,</strong></span> <span class='ocrx_word' id='word_1_131' title='bbox 907 1372 989 1413; x_wconf 82' lang='lat'><strong>734</strong></span> <span class='ocrx_word' id='word_1_132' title='bbox 1005 1403 1014 1413; x_wconf 90' lang='lat'><strong>.</strong></span> <span class='ocrx_word' id='word_1_133' title='bbox 1036 1373 1194 1415; x_wconf 88' lang='lat' dir='ltr'><strong>scilicet</strong></span> <span class='ocrx_word' id='word_1_134' title='bbox 1213 1377 1310 1415; x_wconf 89' lang='lat' dir='ltr'><strong>ante</strong></span> <span class='ocrx_word' id='word_1_135' title='bbox 1330 1373 1434 1416; x_wconf 87' lang='lat' dir='ltr'><strong>haec</strong></span> <span class='ocrx_word' id='word_1_136' title='bbox 1456 1405 1464 1427; x_wconf 94' lang='lat'>‚</span> <span class='ocrx_word' id='word_1_137' title='bbox 1487 1373 1523 1416; x_wconf 90' lang='lat' dir='ltr'><strong>si</strong></span> <span class='ocrx_word' id='word_1_138' title='bbox 1545 1373 1742 1415; x_wconf 81' lang='lat' dir='ltr'><strong>carminis</strong></span> <span class='ocrx_word' id='word_1_139' title='bbox 1757 1386 1850 1416; x_wconf 89' lang='lat' dir='ltr'><strong>ver·</strong></span> <span class='ocrx_word' id='word_1_140' title='bbox 1876 1421 1880 1424; x_wconf 46' lang='grc'>,</span> 
     </span>
     <span class='ocr_line' id='line_1_18' title="bbox 404 1438 1850 1494; baseline 0.001 -14"><span class='ocrx_word' id='word_1_141' title='bbox 404 1438 520 1480; x_wconf 90' lang='lat' dir='ltr'><strong>sibus</strong></span> <span class='ocrx_word' id='word_1_142' title='bbox 554 1451 807 1478; x_wconf 82' lang='lat' dir='ltr'><strong>nccccxxvn</strong></span> <span class='ocrx_word' id='word_1_143' title='bbox 850 1438 1216 1482; x_wconf 79' lang='lat' dir='ltr'><strong>annumerabimus</strong></span> <span class='ocrx_word' id='word_1_144' title='bbox 1257 1440 1531 1494; x_wconf 89' lang='lat' dir='ltr'><strong>capitulorum</strong></span> <span class='ocrx_word' id='word_1_145' title='bbox 1567 1452 1715 1482; x_wconf 85' lang='lat' dir='ltr'><strong>versus</strong></span> <span class='ocrx_word' id='word_1_146' title='bbox 1736 1472 1747 1494; x_wconf 86' lang='lat'>,</span> <span class='ocrx_word' id='word_1_147' title='bbox 1778 1440 1850 1494; x_wconf 91' lang='lat' dir='ltr'><strong>qui</strong></span> 
     </span>
     <span class='ocr_line' id='line_1_19' title="bbox 405 1505 1848 1561; baseline 0 -15"><span class='ocrx_word' id='word_1_148' title='bbox 405 1509 502 1546; x_wconf 88' lang='lat' dir='ltr'><strong>sunt</strong></span> <span class='ocrx_word' id='word_1_149' title='bbox 521 1518 662 1559; x_wconf 86' lang='lat' dir='ltr'><strong>xxxv,</strong></span> <span class='ocrx_word' id='word_1_150' title='bbox 691 1505 954 1548; x_wconf 85' lang='lat' dir='ltr'><strong>inveniemus</strong></span> <span class='ocrx_word' id='word_1_151' title='bbox 984 1506 1028 1547; x_wconf 92' lang='lat' dir='ltr'><strong>in</strong></span> <span class='ocrx_word' id='word_1_152' title='bbox 1058 1506 1137 1548; x_wconf 88' lang='lat' dir='ltr'><strong>hoc</strong></span> <span class='ocrx_word' id='word_1_153' title='bbox 1166 1506 1272 1549; x_wconf 89' lang='lat' dir='ltr'><strong>libro</strong></span> <span class='ocrx_word' id='word_1_154' title='bbox 1304 1519 1398 1549; x_wconf 88' lang='lat' dir='ltr'><strong>esse</strong></span> <span class='ocrx_word' id='word_1_155' title='bbox 1426 1519 1574 1549; x_wconf 87' lang='lat' dir='ltr'><strong>versus</strong></span> <span class='ocrx_word' id='word_1_156' title='bbox 1604 1520 1848 1561; x_wconf 74' lang='lat' dir='ltr'><strong>Dccccnxn‚</strong></span> 
     </span>
     <span class='ocr_line' id='line_1_20' title="bbox 403 1570 1850 1626; baseline 0.002 -15"><span class='ocrx_word' id='word_1_157' title='bbox 403 1571 475 1624; x_wconf 92' lang='lat' dir='ltr'><strong>qui</strong></span> <span class='ocrx_word' id='word_1_158' title='bbox 507 1570 693 1612; x_wconf 89' lang='lat' dir='ltr'><strong>efficiunt</strong></span> <span class='ocrx_word' id='word_1_159' title='bbox 719 1572 903 1625; x_wconf 83' lang='lat' dir='ltr'><strong>paginas</strong></span> <span class='ocrx_word' id='word_1_160' title='bbox 933 1573 1131 1626; x_wconf 83' lang='lat' dir='ltr'><strong>vigenum</strong></span> <span class='ocrx_word' id='word_1_161' title='bbox 1158 1586 1303 1615; x_wconf 92' lang='lat' dir='ltr'><strong>senum</strong></span> <span class='ocrx_word' id='word_1_162' title='bbox 1332 1586 1529 1615; x_wconf 87' lang='lat' dir='ltr'><strong>versuum</strong></span> <span class='ocrx_word' id='word_1_163' title='bbox 1557 1587 1706 1614; x_wconf 86' lang='lat' dir='ltr'><strong>xxxvn</strong></span> <span class='ocrx_word' id='word_1_164' title='bbox 1727 1605 1736 1614; x_wconf 90' lang='lat'><strong>.</strong></span> <span class='ocrx_word' id='word_1_165' title='bbox 1767 1574 1850 1616; x_wconf 91' lang='lat' dir='ltr'><strong>iam</strong></span> 
     </span>
     <span class='ocr_line' id='line_1_21' title="bbox 403 1637 1850 1692; baseline 0.001 -12"><span class='ocrx_word' id='word_1_166' title='bbox 403 1650 504 1680; x_wconf 88' lang='lat' dir='ltr'><strong>vero</strong></span> <span class='ocrx_word' id='word_1_167' title='bbox 534 1637 576 1678; x_wconf 92' lang='lat' dir='ltr'><strong>in</strong></span> <span class='ocrx_word' id='word_1_168' title='bbox 606 1637 711 1678; x_wconf 93' lang='lat' dir='ltr'><strong>libro</strong></span> <span class='ocrx_word' id='word_1_169' title='bbox 734 1639 949 1692; x_wconf 83' lang='lat' dir='ltr'><strong>superiore</strong></span> <span class='ocrx_word' id='word_1_170' title='bbox 979 1652 1006 1681; x_wconf 89' lang='lat' dir='ltr'><strong>a</strong></span> <span class='ocrx_word' id='word_1_171' title='bbox 1026 1653 1150 1682; x_wconf 85' lang='lat' dir='ltr'><strong>versu</strong></span> <span class='ocrx_word' id='word_1_172' title='bbox 1169 1653 1341 1682; x_wconf 90' lang='lat' dir='ltr'><strong>numero</strong></span> <span class='ocrx_word' id='word_1_173' title='bbox 1364 1640 1444 1681; x_wconf 88' lang='lat'><strong>348</strong></span> <span class='ocrx_word' id='word_1_174' title='bbox 1476 1639 1674 1682; x_wconf 80' lang='lat' dir='ltr'><strong>schedam</strong></span> <span class='ocrx_word' id='word_1_175' title='bbox 1695 1640 1850 1682; x_wconf 88' lang='lat' dir='ltr'><strong>codicis</strong></span> 
     </span>
     <span class='ocr_line' id='line_1_22' title="bbox 403 1703 1850 1760; baseline 0.001 -14"><span class='ocrx_word' id='word_1_176' title='bbox 403 1704 620 1758; x_wconf 83' lang='lat' dir='ltr'><strong>archetypi</strong></span> <span class='ocrx_word' id='word_1_177' title='bbox 642 1703 805 1746; x_wconf 90' lang='lat' dir='ltr'><strong>initium</strong></span> <span class='ocrx_word' id='word_1_178' title='bbox 825 1705 986 1759; x_wconf 86' lang='lat' dir='ltr'><strong>cepisse</strong></span> <span class='ocrx_word' id='word_1_179' title='bbox 1018 1719 1069 1748; x_wconf 90' lang='lat' dir='ltr'><strong>ex</strong></span> <span class='ocrx_word' id='word_1_180' title='bbox 1100 1708 1160 1749; x_wconf 89' lang='lat' dir='ltr'><strong>eis</strong></span> <span class='ocrx_word' id='word_1_181' title='bbox 1181 1719 1291 1760; x_wconf 90' lang='lat' dir='ltr'><strong>quae</strong></span> <span class='ocrx_word' id='word_1_182' title='bbox 1310 1706 1368 1748; x_wconf 92' lang='lat' dir='ltr'><strong>ibi</strong></span> <span class='ocrx_word' id='word_1_183' title='bbox 1390 1706 1444 1748; x_wconf 91' lang='lat' dir='ltr'><strong>ad</strong></span> <span class='ocrx_word' id='word_1_184' title='bbox 1471 1720 1638 1749; x_wconf 85' lang='lat' dir='ltr'><strong>versum</strong></span> <span class='ocrx_word' id='word_1_185' title='bbox 1658 1707 1740 1749; x_wconf 83' lang='lat'><strong>323</strong></span> <span class='ocrx_word' id='word_1_186' title='bbox 1761 1707 1850 1748; x_wconf 87' lang='lat' dir='ltr'><strong>dixi</strong></span> 
     </span>
     <span class='ocr_line' id='line_1_23' title="bbox 403 1771 1851 1827; baseline 0.001 -14"><span class='ocrx_word' id='word_1_187' title='bbox 403 1774 606 1825; x_wconf 86' lang='lat' dir='ltr'><strong>apparet.</strong></span> <span class='ocrx_word' id='word_1_188' title='bbox 628 1771 682 1812; x_wconf 92' lang='lat' dir='ltr'><strong>ab</strong></span> <span class='ocrx_word' id='word_1_189' title='bbox 712 1771 784 1812; x_wconf 89' lang='lat' dir='ltr'><strong>illo</strong></span> <span class='ocrx_word' id='word_1_190' title='bbox 807 1776 946 1813; x_wconf 91' lang='lat' dir='ltr'><strong>autem</strong></span> <span class='ocrx_word' id='word_1_191' title='bbox 977 1786 1101 1815; x_wconf 89' lang='lat' dir='ltr'><strong>versu</strong></span> <span class='ocrx_word' id='word_1_192' title='bbox 1119 1786 1252 1827; x_wconf 90' lang='lat' dir='ltr'><strong>usque</strong></span> <span class='ocrx_word' id='word_1_193' title='bbox 1281 1772 1336 1814; x_wconf 89' lang='lat' dir='ltr'><strong>ad</strong></span> <span class='ocrx_word' id='word_1_194' title='bbox 1366 1772 1490 1815; x_wconf 88' lang='lat' dir='ltr'><strong>finem</strong></span> <span class='ocrx_word' id='word_1_195' title='bbox 1520 1773 1615 1815; x_wconf 90' lang='lat' dir='ltr'><strong>libri</strong></span> <span class='ocrx_word' id='word_1_196' title='bbox 1636 1777 1733 1815; x_wconf 90' lang='lat' dir='ltr'><strong>sunt</strong></span> <span class='ocrx_word' id='word_1_197' title='bbox 1761 1787 1851 1816; x_wconf 87' lang='lat' dir='ltr'><strong>ver-</strong></span> 
     </span>
     <span class='ocr_line' id='line_1_24' title="bbox 403 1839 1850 1895; baseline 0.003 -16"><span class='ocrx_word' id='word_1_198' title='bbox 403 1850 474 1879; x_wconf 84' lang='lat' dir='ltr'><strong>sus</strong></span> <span class='ocrx_word' id='word_1_199' title='bbox 504 1851 690 1878; x_wconf 74' lang='lat' dir='ltr'><strong>Dccccxn</strong></span> <span class='ocrx_word' id='word_1_200' title='bbox 720 1842 761 1879; x_wconf 90' lang='lat' dir='ltr'><strong>et</strong></span> <span class='ocrx_word' id='word_1_201' title='bbox 790 1839 976 1893; x_wconf 85' lang='lat' dir='ltr'><strong>capitula</strong></span> <span class='ocrx_word' id='word_1_202' title='bbox 1004 1854 1103 1894; x_wconf 80' lang='lat' dir='ltr'><strong>xxx,</strong></span> <span class='ocrx_word' id='word_1_203' title='bbox 1125 1841 1197 1894; x_wconf 92' lang='lat' dir='ltr'><strong>qui</strong></span> <span class='ocrx_word' id='word_1_204' title='bbox 1228 1843 1324 1882; x_wconf 90' lang='lat' dir='ltr'><strong>sunt</strong></span> <span class='ocrx_word' id='word_1_205' title='bbox 1352 1853 1499 1882; x_wconf 87' lang='lat' dir='ltr'><strong>versus</strong></span> <span class='ocrx_word' id='word_1_206' title='bbox 1519 1854 1749 1895; x_wconf 76' lang='lat' dir='ltr'><strong>Dccccmx,</strong></span> <span class='ocrx_word' id='word_1_207' title='bbox 1771 1840 1850 1883; x_wconf 90' lang='lat' dir='ltr'><strong>hoc</strong></span> 
     </span>
     <span class='ocr_line' id='line_1_25' title="bbox 403 1904 1849 1960; baseline 0.003 -15"><span class='ocrx_word' id='word_1_208' title='bbox 403 1908 466 1946; x_wconf 89' lang='lat' dir='ltr'><strong>est</strong></span> <span class='ocrx_word' id='word_1_209' title='bbox 494 1904 680 1958; x_wconf 86' lang='lat' dir='ltr'><strong>paginae</strong></span> <span class='ocrx_word' id='word_1_210' title='bbox 709 1905 809 1946; x_wconf 91' lang='lat' dir='ltr'><strong>item</strong></span> <span class='ocrx_word' id='word_1_211' title='bbox 839 1919 1015 1960; x_wconf 86' lang='lat' dir='ltr'><strong>xxxvn,</strong></span> <span class='ocrx_word' id='word_1_212' title='bbox 1046 1906 1090 1947; x_wconf 90' lang='lat' dir='ltr'><strong>in</strong></span> <span class='ocrx_word' id='word_1_213' title='bbox 1120 1919 1296 1960; x_wconf 88' lang='lat' dir='ltr'><strong>quarum</strong></span> <span class='ocrx_word' id='word_1_214' title='bbox 1324 1906 1471 1948; x_wconf 86' lang='lat' dir='ltr'><strong>ultima</strong></span> <span class='ocrx_word' id='word_1_215' title='bbox 1508 1906 1674 1948; x_wconf 86' lang='lat' dir='ltr'><strong>fuerunt</strong></span> <span class='ocrx_word' id='word_1_216' title='bbox 1701 1920 1849 1950; x_wconf 88' lang='lat' dir='ltr'><strong>versus</strong></span> 
     </span>
     <span class='ocr_line' id='line_1_26' title="bbox 402 1971 1849 2028; baseline 0.003 -16"><span class='ocrx_word' id='word_1_217' title='bbox 402 1974 554 2026; x_wconf 71' lang='lat' dir='ltr'><strong>poetae</strong></span> <span class='ocrx_word' id='word_1_218' title='bbox 573 1985 710 2012; x_wconf 87' lang='lat' dir='ltr'><strong>xxm.</strong></span> <span class='ocrx_word' id='word_1_219' title='bbox 742 1971 846 2013; x_wconf 87' lang='lat' dir='ltr'><strong>haee</strong></span> <span class='ocrx_word' id='word_1_220' title='bbox 875 1972 911 2014; x_wconf 93' lang='lat' dir='ltr'><strong>si</strong></span> <span class='ocrx_word' id='word_1_221' title='bbox 940 1976 1052 2014; x_wconf 88' lang='lat' dir='ltr'><strong>recte</strong></span> <span class='ocrx_word' id='word_1_222' title='bbox 1078 1972 1293 2027; x_wconf 86' lang='lat' dir='ltr'><strong>disputata</strong></span> <span class='ocrx_word' id='word_1_223' title='bbox 1321 1977 1448 2028; x_wconf 88' lang='lat' dir='ltr'><strong>sunt,</strong></span> <span class='ocrx_word' id='word_1_224' title='bbox 1481 1973 1576 2014; x_wconf 89' lang='lat' dir='ltr'><strong>finis</strong></span> <span class='ocrx_word' id='word_1_225' title='bbox 1596 1972 1691 2014; x_wconf 87' lang='lat' dir='ltr'><strong>libri</strong></span> <span class='ocrx_word' id='word_1_226' title='bbox 1712 1974 1849 2027; x_wconf 80' lang='lat' dir='ltr'><strong>quarti</strong></span> 
     </span>
     <span class='ocr_line' id='line_1_27' title="bbox 403 2037 1850 2094; baseline 0.003 -16"><span class='ocrx_word' id='word_1_227' title='bbox 403 2037 484 2079; x_wconf 89' lang='lat' dir='ltr'><strong>fuit</strong></span> <span class='ocrx_word' id='word_1_228' title='bbox 512 2037 555 2078; x_wconf 92' lang='lat' dir='ltr'><strong>in</strong></span> <span class='ocrx_word' id='word_1_229' title='bbox 577 2037 726 2080; x_wconf 88' lang='lat' dir='ltr'><strong>dextra</strong></span> <span class='ocrx_word' id='word_1_230' title='bbox 745 2039 906 2094; x_wconf 85' lang='lat' dir='ltr'><strong>pagina</strong></span> <span class='ocrx_word' id='word_1_231' title='bbox 923 2072 932 2094; x_wconf 85' lang='lat'>,</span> <span class='ocrx_word' id='word_1_232' title='bbox 954 2039 1116 2081; x_wconf 90' lang='lat' dir='ltr'><strong>initium</strong></span> <span class='ocrx_word' id='word_1_233' title='bbox 1137 2039 1271 2094; x_wconf 87' lang='lat' dir='ltr'><strong>quinti</strong></span> <span class='ocrx_word' id='word_1_234' title='bbox 1292 2039 1335 2080; x_wconf 92' lang='lat' dir='ltr'><strong>in</strong></span> <span class='ocrx_word' id='word_1_235' title='bbox 1356 2040 1526 2082; x_wconf 89' lang='lat' dir='ltr'><strong>sinistra</strong></span> <span class='ocrx_word' id='word_1_236' title='bbox 1541 2071 1551 2080; x_wconf 90' lang='lat'><strong>.</strong></span> <span class='ocrx_word' id='word_1_237' title='bbox 1572 2038 1649 2081; x_wconf 88' lang='lat' dir='ltr'><strong>sed</strong></span> <span class='ocrx_word' id='word_1_238' title='bbox 1671 2052 1746 2082; x_wconf 88' lang='lat' dir='ltr'><strong>eae</strong></span> <span class='ocrx_word' id='word_1_239' title='bbox 1764 2054 1850 2083; x_wconf 90' lang='lat' dir='ltr'><strong>non</strong></span> 
     </span>
     <span class='ocr_line' id='line_1_28' title="bbox 400 2105 1850 2160; baseline 0.003 -14"><span class='ocrx_word' id='word_1_240' title='bbox 400 2108 626 2159; x_wconf 87' lang='lat' dir='ltr'><strong>potuerunt</strong></span> <span class='ocrx_word' id='word_1_241' title='bbox 653 2106 778 2147; x_wconf 91' lang='lat' dir='ltr'><strong>unius</strong></span> <span class='ocrx_word' id='word_1_242' title='bbox 798 2105 981 2148; x_wconf 88' lang='lat' dir='ltr'><strong>schedae</strong></span> <span class='ocrx_word' id='word_1_243' title='bbox 1011 2106 1141 2149; x_wconf 88' lang='lat' dir='ltr'><strong>facies</strong></span> <span class='ocrx_word' id='word_1_244' title='bbox 1171 2119 1290 2160; x_wconf 86' lang='lat' dir='ltr'><strong>esse,</strong></span> <span class='ocrx_word' id='word_1_245' title='bbox 1313 2106 1510 2160; x_wconf 90' lang='lat' dir='ltr'><strong>quoniam</strong></span> <span class='ocrx_word' id='word_1_246' title='bbox 1539 2106 1601 2147; x_wconf 90' lang='lat' dir='ltr'><strong>eis</strong></span> <span class='ocrx_word' id='word_1_247' title='bbox 1627 2106 1754 2149; x_wconf 90' lang='lat' dir='ltr'><strong>index</strong></span> <span class='ocrx_word' id='word_1_248' title='bbox 1782 2119 1850 2150; x_wconf 81' lang='lat' dir='ltr'><strong>ca-</strong></span> 
     </span>
     <span class='ocr_line' id='line_1_29' title="bbox 400 2171 1849 2227; baseline 0.003 -15"><span class='ocrx_word' id='word_1_249' title='bbox 400 2171 626 2224; x_wconf 87' lang='lat' dir='ltr'><strong>pitulorum</strong></span> <span class='ocrx_word' id='word_1_250' title='bbox 657 2172 896 2214; x_wconf 84' lang='lat' dir='ltr'><strong>interiectus</strong></span> <span class='ocrx_word' id='word_1_251' title='bbox 927 2177 1047 2227; x_wconf 86' lang='lat' dir='ltr'><strong>erat,</strong></span> <span class='ocrx_word' id='word_1_252' title='bbox 1079 2173 1145 2215; x_wconf 89' lang='lat' dir='ltr'><strong>cui</strong></span> <span class='ocrx_word' id='word_1_253' title='bbox 1175 2172 1416 2227; x_wconf 87' lang='lat' dir='ltr'><strong>recipiendo</strong></span> <span class='ocrx_word' id='word_1_254' title='bbox 1452 2173 1575 2214; x_wconf 92' lang='lat' dir='ltr'><strong>trium</strong></span> <span class='ocrx_word' id='word_1_255' title='bbox 1604 2173 1729 2215; x_wconf 89' lang='lat' dir='ltr'><strong>modo</strong></span> <span class='ocrx_word' id='word_1_256' title='bbox 1759 2187 1849 2226; x_wconf 31' lang='lat' dir='ltr'><strong>ver-</strong></span> 
     </span>
     <span class='ocr_line' id='line_1_30' title="bbox 400 2239 1848 2294; baseline 0.001 -14"><span class='ocrx_word' id='word_1_257' title='bbox 400 2251 520 2280; x_wconf 88' lang='lat' dir='ltr'><strong>suum</strong></span> <span class='ocrx_word' id='word_1_258' title='bbox 548 2239 729 2292; x_wconf 87' lang='lat' dir='ltr'><strong>spatium</strong></span> <span class='ocrx_word' id='word_1_259' title='bbox 759 2243 956 2281; x_wconf 87' lang='lat' dir='ltr'><strong>vacaret.</strong></span> <span class='ocrx_word' id='word_1_260' title='bbox 978 2241 1119 2294; x_wconf 88' lang='lat' dir='ltr'><strong>itaque</strong></span> <span class='ocrx_word' id='word_1_261' title='bbox 1149 2243 1285 2282; x_wconf 88' lang='lat' dir='ltr'><strong>statuo</strong></span> <span class='ocrx_word' id='word_1_262' title='bbox 1312 2243 1566 2293; x_wconf 86' lang='lat' dir='ltr'><strong>postremam</strong></span> <span class='ocrx_word' id='word_1_263' title='bbox 1594 2239 1689 2282; x_wconf 90' lang='lat' dir='ltr'><strong>libri</strong></span> <span class='ocrx_word' id='word_1_264' title='bbox 1711 2241 1848 2294; x_wconf 85' lang='lat' dir='ltr'><strong>quarti</strong></span> 
     </span>
     <span class='ocr_line' id='line_1_31' title="bbox 400 2305 1847 2361; baseline 0.001 -14"><span class='ocrx_word' id='word_1_265' title='bbox 400 2305 599 2359; x_wconf 89' lang='lat' dir='ltr'><strong>paginam</strong></span> <span class='ocrx_word' id='word_1_266' title='bbox 631 2306 674 2346; x_wconf 89' lang='lat' dir='ltr'><strong>in</strong></span> <span class='ocrx_word' id='word_1_267' title='bbox 695 2318 846 2348; x_wconf 86' lang='lat' dir='ltr'><strong>aversa</strong></span> <span class='ocrx_word' id='word_1_268' title='bbox 874 2311 993 2361; x_wconf 87' lang='lat' dir='ltr'><strong>parte</strong></span> <span class='ocrx_word' id='word_1_269' title='bbox 1014 2310 1087 2349; x_wconf 88' lang='lat' dir='ltr'><strong>aut</strong></span> <span class='ocrx_word' id='word_1_270' title='bbox 1115 2306 1219 2348; x_wconf 87' lang='lat' dir='ltr'><strong>nihil</strong></span> <span class='ocrx_word' id='word_1_271' title='bbox 1241 2306 1386 2360; x_wconf 88' lang='lat' dir='ltr'><strong>scripti</strong></span> <span class='ocrx_word' id='word_1_272' title='bbox 1417 2306 1615 2348; x_wconf 89' lang='lat' dir='ltr'><strong>habuisse</strong></span> <span class='ocrx_word' id='word_1_273' title='bbox 1644 2310 1717 2348; x_wconf 90' lang='lat' dir='ltr'><strong>aut</strong></span> <span class='ocrx_word' id='word_1_274' title='bbox 1737 2310 1847 2349; x_wconf 88' lang='lat' dir='ltr'><strong>certe</strong></span> 
     </span>
     <span class='ocr_line' id='line_1_32' title="bbox 402 2371 1847 2428; baseline -0.001 -14"><span class='ocrx_word' id='word_1_275' title='bbox 402 2371 507 2414; x_wconf 91' lang='lat' dir='ltr'><strong>nihil</strong></span> <span class='ocrx_word' id='word_1_276' title='bbox 526 2375 693 2426; x_wconf 88' lang='lat' dir='ltr'><strong>praeter</strong></span> <span class='ocrx_word' id='word_1_277' title='bbox 720 2372 1068 2428; x_wconf 86' lang='lat' dir='ltr'><strong>subscriptionem</strong></span> <span class='ocrx_word' id='word_1_278' title='bbox 1100 2387 1193 2416; x_wconf 89' lang='lat' dir='ltr'><strong>eam</strong></span> <span class='ocrx_word' id='word_1_279' title='bbox 1221 2374 1356 2428; x_wconf 89' lang='lat' dir='ltr'><strong>ipsam</strong></span> <span class='ocrx_word' id='word_1_280' title='bbox 1386 2386 1511 2426; x_wconf 89' lang='lat' dir='ltr'><strong>quam</strong></span> <span class='ocrx_word' id='word_1_281' title='bbox 1543 2372 1747 2425; x_wconf 82' lang='lat' dir='ltr'><strong>oblongus</strong></span> <span class='ocrx_word' id='word_1_282' title='bbox 1777 2385 1847 2414; x_wconf 89' lang='lat' dir='ltr'><strong>ex-</strong></span> 
     </span>
     <span class='ocr_line' id='line_1_33' title="bbox 399 2438 1847 2493; baseline 0.001 -14"><span class='ocrx_word' id='word_1_283' title='bbox 399 2438 544 2493; x_wconf 81' lang='lat' dir='ltr'><strong>hibet,</strong></span> <span class='ocrx_word' id='word_1_284' title='bbox 576 2453 673 2491; x_wconf 52' lang='grc' dir='ltr'><strong>τιτι</strong></span> <span class='ocrx_word' id='word_1_285' title='bbox 708 2453 935 2482; x_wconf 65' lang='lat' dir='ltr'><strong>Lucum-11</strong></span> <span class='ocrx_word' id='word_1_286' title='bbox 980 2454 1091 2482; x_wconf 74' lang='lat' dir='ltr'><strong>cAR1</strong></span> <span class='ocrx_word' id='word_1_287' title='bbox 1131 2455 1190 2481; x_wconf 82' lang='lat' dir='ltr'><strong>DE</strong></span> <span class='ocrx_word' id='word_1_288' title='bbox 1233 2453 1396 2480; x_wconf 72' lang='lat' dir='ltr'>RERUM</span> <span class='ocrx_word' id='word_1_289' title='bbox 1434 2452 1629 2480; x_wconf 78' lang='lat' dir='ltr'><strong>NATURA</strong></span> <span class='ocrx_word' id='word_1_290' title='bbox 1664 2453 1753 2480; x_wconf 78' lang='lat' dir='ltr'><strong>Lm.</strong></span> <span class='ocrx_word' id='word_1_291' title='bbox 1783 2453 1847 2480; x_wconf 91' lang='lat'>1111</span> 
     </span>
     <span class='ocr_line' id='line_1_34' title="bbox 399 2504 1848 2562; baseline 0.001 -16"><span class='ocrx_word' id='word_1_292' title='bbox 399 2519 625 2546; x_wconf 74' lang='lat' dir='ltr'><strong>nxrmcn:</strong></span> <span class='ocrx_word' id='word_1_293' title='bbox 659 2519 843 2547; x_wconf 64' lang='lat' dir='ltr'><strong>mcum:</strong></span> <span class='ocrx_word' id='word_1_294' title='bbox 879 2522 968 2549; x_wconf 77' lang='lat' dir='ltr'><strong>ms.</strong></span> <span class='ocrx_word' id='word_1_295' title='bbox 1001 2522 1025 2547; x_wconf 89' lang='lat' dir='ltr'><strong>v</strong></span> <span class='ocrx_word' id='word_1_296' title='bbox 1046 2539 1055 2549; x_wconf 92' lang='lat'>.</span> <span class='ocrx_word' id='word_1_297' title='bbox 1085 2508 1130 2548; x_wconf 91' lang='lat' dir='ltr'><strong>in</strong></span> <span class='ocrx_word' id='word_1_298' title='bbox 1164 2507 1357 2562; x_wconf 88' lang='lat' dir='ltr'><strong>proxima</strong></span> <span class='ocrx_word' id='word_1_299' title='bbox 1391 2506 1550 2560; x_wconf 87' lang='lat' dir='ltr'><strong>pagina</strong></span> <span class='ocrx_word' id='word_1_300' title='bbox 1585 2504 1734 2547; x_wconf 88' lang='lat' dir='ltr'><strong>dextra</strong></span> <span class='ocrx_word' id='word_1_301' title='bbox 1768 2505 1848 2548; x_wconf 87' lang='lat' dir='ltr'><strong>fuit</strong></span> 
     </span>
     <span class='ocr_line' id='line_1_35' title="bbox 400 2571 1848 2628; baseline -0.001 -14"><span class='ocrx_word' id='word_1_302' title='bbox 400 2571 528 2614; x_wconf 90' lang='lat' dir='ltr'><strong>index</strong></span> <span class='ocrx_word' id='word_1_303' title='bbox 557 2573 861 2628; x_wconf 89' lang='lat' dir='ltr'><strong>capitulorum,</strong></span> <span class='ocrx_word' id='word_1_304' title='bbox 885 2577 926 2615; x_wconf 92' lang='lat' dir='ltr'><strong>et</strong></span> <span class='ocrx_word' id='word_1_305' title='bbox 954 2573 1124 2627; x_wconf 89' lang='lat' dir='ltr'><strong>quidem</strong></span> <span class='ocrx_word' id='word_1_306' title='bbox 1153 2573 1214 2615; x_wconf 90' lang='lat' dir='ltr'><strong>ita</strong></span> <span class='ocrx_word' id='word_1_307' title='bbox 1242 2573 1420 2628; x_wconf 85' lang='lat' dir='ltr'><strong>scriptus</strong></span> <span class='ocrx_word' id='word_1_308' title='bbox 1449 2577 1494 2614; x_wconf 92' lang='lat' dir='ltr'><strong>ut</strong></span> <span class='ocrx_word' id='word_1_309' title='bbox 1514 2571 1709 2614; x_wconf 88' lang='lat' dir='ltr'><strong>librarius</strong></span> <span class='ocrx_word' id='word_1_310' title='bbox 1729 2586 1848 2613; x_wconf 83' lang='lat' dir='ltr'><strong>xxvrr</strong></span> 
     </span>
     <span class='ocr_line' id='line_1_36' title="bbox 399 2638 1844 2693; baseline 0 -13"><span class='ocrx_word' id='word_1_311' title='bbox 399 2638 531 2680; x_wconf 88' lang='lat' dir='ltr'><strong>titulis</strong></span> <span class='ocrx_word' id='word_1_312' title='bbox 561 2638 764 2682; x_wconf 87' lang='lat' dir='ltr'><strong>absolutis</strong></span> <span class='ocrx_word' id='word_1_313' title='bbox 793 2652 878 2682; x_wconf 90' lang='lat' dir='ltr'><strong>non</strong></span> <span class='ocrx_word' id='word_1_314' title='bbox 906 2639 962 2681; x_wconf 86' lang='lat' dir='ltr'><strong>ad</strong></span> <span class='ocrx_word' id='word_1_315' title='bbox 999 2640 1174 2682; x_wconf 86' lang='lat' dir='ltr'><strong>alteram</strong></span> <span class='ocrx_word' id='word_1_316' title='bbox 1209 2639 1391 2681; x_wconf 86' lang='lat' dir='ltr'><strong>schedae</strong></span> <span class='ocrx_word' id='word_1_317' title='bbox 1425 2640 1578 2682; x_wconf 89' lang='lat' dir='ltr'><strong>faeiem</strong></span> <span class='ocrx_word' id='word_1_318' title='bbox 1605 2638 1844 2693; x_wconf 88' lang='lat' dir='ltr'><strong>transierit,</strong></span> 
     </span>
     <span class='ocr_line' id='line_1_37' title="bbox 399 2705 1845 2760; baseline 0 -12"><span class='ocrx_word' id='word_1_319' title='bbox 399 2705 475 2748; x_wconf 90' lang='lat' dir='ltr'><strong>sed</strong></span> <span class='ocrx_word' id='word_1_320' title='bbox 504 2706 549 2747; x_wconf 92' lang='lat' dir='ltr'><strong>in</strong></span> <span class='ocrx_word' id='word_1_321' title='bbox 569 2706 761 2759; x_wconf 84' lang='lat' dir='ltr'><strong>margine</strong></span> <span class='ocrx_word' id='word_1_322' title='bbox 792 2709 833 2747; x_wconf 89' lang='lat' dir='ltr'><strong>et</strong></span> <span class='ocrx_word' id='word_1_323' title='bbox 851 2706 959 2748; x_wconf 90' lang='lat' dir='ltr'><strong>inter</strong></span> <span class='ocrx_word' id='word_1_324' title='bbox 987 2720 1134 2749; x_wconf 86' lang='lat' dir='ltr'><strong>versus</strong></span> <span class='ocrx_word' id='word_1_325' title='bbox 1156 2706 1319 2760; x_wconf 89' lang='lat' dir='ltr'><strong>reliqua</strong></span> <span class='ocrx_word' id='word_1_326' title='bbox 1348 2706 1580 2749; x_wconf 89' lang='lat' dir='ltr'><strong>adiecerit.</strong></span> <span class='ocrx_word' id='word_1_327' title='bbox 1611 2717 1663 2747; x_wconf 91' lang='lat' dir='ltr'><strong>ea</strong></span> <span class='ocrx_word' id='word_1_328' title='bbox 1682 2706 1845 2748; x_wconf 87' lang='lat' dir='ltr'><strong>ratione</strong></span> 
     </span>
     <span class='ocr_line' id='line_1_38' title="bbox 400 2766 1844 2828; baseline 0 -15"><span class='ocrx_word' id='word_1_329' title='bbox 400 2772 555 2814; x_wconf 87' lang='lat' dir='ltr'><strong>factum</strong></span> <span class='ocrx_word' id='word_1_330' title='bbox 576 2776 639 2815; x_wconf 86' lang='lat' dir='ltr'><strong>est</strong></span> <span class='ocrx_word' id='word_1_331' title='bbox 667 2772 776 2814; x_wconf 84' lang='lat' dir='ltr'><strong>utin</strong></span> <span class='ocrx_word' id='word_1_332' title='bbox 807 2772 1021 2816; x_wconf 87' lang='lat' dir='ltr'><strong>codicibus</strong></span> <span class='ocrx_word' id='word_1_333' title='bbox 1047 2773 1200 2816; x_wconf 84' lang='lat' dir='ltr'><strong>nostris</strong></span> <span class='ocrx_word' id='word_1_334' title='bbox 1230 2772 1298 2815; x_wconf 89' lang='lat' dir='ltr'><strong>hic</strong></span> <span class='ocrx_word' id='word_1_335' title='bbox 1318 2773 1445 2815; x_wconf 88' lang='lat' dir='ltr'><strong>index</strong></span> <span class='ocrx_word' id='word_1_336' title='bbox 1475 2773 1685 2828; x_wconf 89' lang='lat' dir='ltr'><strong>capitum,</strong></span> <span class='ocrx_word' id='word_1_337' title='bbox 1707 2772 1780 2827; x_wconf 88' lang='lat' dir='ltr'><strong>qui</strong></span> <span class='ocrx_word' id='word_1_338' title='bbox 1800 2766 1844 2813; x_wconf 89' lang='lat' dir='ltr'><strong>in</strong></span> 
     </span>
     <span class='ocr_line' id='line_1_39' title="bbox 399 2837 1843 2895; baseline 0.001 -16"><span class='ocrx_word' id='word_1_339' title='bbox 399 2837 581 2892; x_wconf 86' lang='lat' dir='ltr'><strong>oblongo</strong></span> <span class='ocrx_word' id='word_1_340' title='bbox 609 2839 842 2881; x_wconf 88' lang='lat' dir='ltr'><strong>continetur</strong></span> <span class='ocrx_word' id='word_1_341' title='bbox 869 2840 1062 2884; x_wconf 87' lang='lat' dir='ltr'><strong>versibus</strong></span> <span class='ocrx_word' id='word_1_342' title='bbox 1083 2854 1210 2882; x_wconf 88' lang='lat' dir='ltr'><strong>xxx1v</strong></span> <span class='ocrx_word' id='word_1_343' title='bbox 1228 2872 1238 2895; x_wconf 87' lang='lat'>‚</span> <span class='ocrx_word' id='word_1_344' title='bbox 1259 2840 1616 2894; x_wconf 87' lang='lat' dir='ltr'><strong>perturbatissime</strong></span> <span class='ocrx_word' id='word_1_345' title='bbox 1645 2839 1843 2882; x_wconf 87' lang='lat' dir='ltr'><strong>scribere-</strong></span> 
     </span>
     <span class='ocr_line' id='line_1_40' title="bbox 399 2905 914 2948; baseline 0.006 -3"><span class='ocrx_word' id='word_1_346' title='bbox 399 2909 465 2946; x_wconf 88' lang='lat' dir='ltr'><strong>tur</strong></span> <span class='ocrx_word' id='word_1_347' title='bbox 494 2905 548 2946; x_wconf 89' lang='lat' dir='ltr'><strong>ad</strong></span> <span class='ocrx_word' id='word_1_348' title='bbox 579 2905 886 2948; x_wconf 63' lang='lat' dir='ltr'><strong>hunc‘modum</strong></span> <span class='ocrx_word' id='word_1_349' title='bbox 905 2939 914 2948; x_wconf 92' lang='lat'><strong>.</strong></span> 
     </span>
    </p>
   </div>
   <div class='ocr_carea' id='block_1_3' title="bbox 1082 1263 1195 1268">
    <p class='ocr_par' dir='ltr' id='par_1_6' title="bbox 1082 1263 1195 1268">
     <span class='ocr_line' id='line_1_41' title="bbox 1082 1263 1195 1268; baseline 0 0"><span class='ocrx_word' id='word_1_350' title='bbox 1082 1263 1195 1268; x_wconf 95' lang='lat' dir='ltr'><strong> </strong></span> 
     </span>
    </p>
   </div>
  </div>
 </body>
</html>
