2040 3328
1011 241 1070 284 VI
1697 241 1782 283 423

298 359 415 401 Huic
444 356 615 413 aliquid
642 357 800 412 populo
831 365 1025 398 ‘natorum
1057 370 1182 412 posse
1212 371 1394 398 ‘meorum
1414 388 1423 397 .
1460 355 1517 398 ad
1548 359 1780 399 extremum

295 425 512 482 quomodo
533 425 597 467 illi
620 425 769 480 optimi
792 424 986 466 homines
1007 432 1210 466 certantes
1235 423 1444 466 redeunt?
1469 425 1543 479 qui
1566 424 1782 467 debebant

294 495 478 550 primum
509 493 653 547 exire,
686 492 844 535 deinde
875 497 1066 546 certare,
1099 491 1285 546 denique
1317 493 1550 535 certamine
1576 491 1696 535 finito
1717 506 1780 536 re-

295 563 416 605 dire.
455 562 562 604 haec
593 561 738 604 omnia
768 574 896 616 quam
927 560 1118 603 absurda
1155 565 1299 603 essent
1326 561 1468 603 nullus
1499 562 1779 616 interpretum

293 630 430 674 vidit:
463 643 571 673 unus
602 630 820 672 minimam
852 634 1018 685 partem
1038 629 1258 684 perspexit
1279 629 1495 684 Tanaquil
1516 629 1682 683 Faber,
1705 630 1778 685 qui

293 698 478 741 correxit
511 699 648 756 Inque
677 699 781 741 aliis
816 699 931 740 alius
949 730 958 739 .
998 697 1122 740 nobis
1159 701 1301 740 autem
1319 730 1328 752 ,
1367 698 1403 740 si
1442 710 1611 740 versum
1648 698 1777 753 paulo

292 771 392 810 ante
422 767 660 823 sepositum
691 767 773 809 huc
794 766 1168 821 revocaverimus,
1201 766 1347 809 licebit
1366 766 1564 808 Lucretio
1587 762 1779 808 carmina

291 850 370 879 Sua
391 840 433 879 et
453 836 702 879 dulcissima
722 834 902 878 reddere
931 835 1010 877 hoc
1030 834 1158 877 modo
1175 866 1184 876 .
1212 835 1462 877 Incomz'tata
1481 835 1584 891 rapi
1602 848 1777 876 CERNE-

290 919 417 946 BANT
425 905 594 962 funera
613 913 750 958 vasta,
769 905 903 960 Inque
924 903 1026 946 aliis
1042 904 1175 945 alium
1191 904 1397 960 populum
1414 903 1590 960 sepelire
1606 918 1777 945 suorum

292 973 528 1016 Certantes:
557 972 747 1016 lacrimis
778 973 888 1014 lassi
914 972 1108 1028 luctuque
1137 962 1331 1014 redibant
1348 1004 1357 1013 .
1391 972 1555 1014 scilicet
1581 971 1695 1014 omni
1715 971 1776 1013 la-

291 1041 394 1084 bore
423 1041 540 1084 obito
558 1074 568 1096 ,
596 1041 718 1084 cuius
740 1045 932 1084 extrema
952 1053 1053 1096 pars
1075 1044 1168 1083 erat
1188 1053 1290 1083 cura
1312 1040 1474 1082 funeris
1492 1073 1501 1094 ,
1525 1039 1776 1082 foedissima

288 1123 484 1165 quaeque
505 1109 596 1152 fieri
618 1109 846 1164 videbant,
870 1108 1023 1152 funera
1044 1109 1231 1152 obscena
1251 1109 1345 1152 sine
1367 1108 1570 1151 comitatu
1591 1107 1773 1163 proripi,

287 1179 418 1233 inque
448 1179 547 1221 aliis
579 1178 801 1222 funeribus
834 1178 966 1220 alium
998 1191 1099 1221 suos
1121 1178 1314 1221 certatim
1336 1177 1548 1233 sepelire:
1579 1176 1647 1219 his
1668 1176 1773 1219 visis

286 1247 402 1292 luctu
433 1251 475 1290 et
505 1247 693 1290 lacrimis
726 1247 895 1302 fatigati
926 1247 1151 1291 redibant.

406 1315 527 1359 1249.
553 1330 813 1358 1N1ECTUM.
832 1316 1045 1359 Antonius
1062 1315 1186 1358 Marii
1203 1316 1249 1358 in
1267 1317 1390 1359 letum
1408 1315 1636 1369 dabantur,
1657 1314 1772 1370 quod

287 1384 474 1428 debebat
504 1397 600 1428 esse
631 1390 706 1428 aut
736 1384 796 1427 ad
815 1385 939 1427 letum
962 1388 1035 1427 aut
1055 1386 1099 1428 in
1122 1385 1301 1429 Orcum.
1324 1384 1530 1427 Marullus
1551 1384 1704 1426 Latine
1725 1397 1772 1424 m

286 1467 439 1495 nEcrU
450 1467 480 1494 M
498 1485 507 1495 .

404 1523 526 1567 1250.
559 1536 691 1568 QUEM
721 1538 883 1570 NEQUE
914 1537 1110 1565 Momm.
1144 1522 1244 1566 Itali
1274 1535 1498 1563 MORBUS.

403 1591 526 1634 1251.
559 1606 788 1634 TEMPORE
820 1607 960 1635 TALI.
993 1592 1063 1635 Sic
1094 1591 1336 1646 oblongus,
1367 1592 1389 1633 i
1414 1590 1558 1632 littera
1578 1589 1622 1631 in
1643 1590 1771 1633 litura

283 1659 446 1715 scripta
467 1673 494 1702 a
514 1666 755 1704 correctore
771 1694 780 1703 .
803 1661 1041 1716 quadratus
1063 1661 1162 1703 celeo
1176 1693 1188 1714 ,
1210 1676 1237 1702 a
1258 1673 1386 1715 super
1406 1659 1549 1715 priore
1571 1675 1590 1701 e
1611 1659 1771 1714 scripta

283 1733 326 1772 et
345 1745 366 1771 c
388 1727 530 1772 deleta
551 1729 691 1784 prima
721 1743 849 1772 manu
868 1762 877 1772 .
908 1729 1181 1785 perspicuum
1214 1731 1278 1770 est
1307 1727 1350 1769 in
1371 1727 1604 1782 archetypo
1638 1727 1769 1770 fuisse

283 1811 459 1853 TALEI,
492 1802 536 1840 ut
567 1811 699 1853 supra
733 1798 842 1840 1143
873 1799 1035 1841 οπιηεί.

400 1865 523 1909 1256.
557 1866 808 1908 EXANIst
839 1881 1017 1908 PUER1s
1056 1880 1237 1907 SUPER·
1286 1865 1358 1908 Sic
1387 1863 1628 1918 oblongus:
1666 1877 1767 1919 qua-

282 1934 432 1978 dratus
461 1935 695 1989 Exanimi,
729 1935 849 1978 cuius
880 1939 1093 1978 corrector
1125 1934 1224 1977 fecit
1249 1934 1381 1990 pueri
1395 1965 1403 1974 .

399 2003 521 2046 1260.
553 2017 811 2045 LANGUENS
843 2017 977 2050 QUEM
1009 2017 1254 2045 com-Umr
1284 2015 1646 2043 AGRICOLARUM
1677 2001 1765 2045 Co-

279 2087 361 2114 PIA
394 2085 708 2113 CONVENJENS
730 2087 792 2114 EX
814 2086 935 2114 OMNI
955 2086 1180 2114 MORBIDE
1201 2085 1359 2112 PARTE
1377 2103 1386 2112 .
1419 2070 1640 2113 Correetor
1662 2083 1764 2125 qua-

279 2141 393 2184 drati
411 2174 422 2196 ,
443 2140 542 2184 Itali
561 2173 571 2195 ‚
595 2140 765 2184 codices
787 2141 985 2197 impressi
1004 2174 1014 2196 ,
1035 2154 1266 2182 mensum
1284 2173 1294 2182 .
1316 2140 1396 2182 hoc
1417 2143 1461 2181 ut
1482 2142 1641 2182 certum
1673 2143 1763 2193 est,

277 2210 340 2252 ita
370 2209 606 2252 orationem
636 2209 781 2265 inepte
812 2215 989 2265 onerat,
1024 2211 1228 2267 lanquoris
1249 2210 1371 2265 copia
1391 2209 1635 2251 conveniens
1655 2224 1762 2250 mor-

277 2277 406 2320 bida.
439 2290 542 2332 ergo
566 2277 682 2332 quod
704 2278 770 2321 his
787 2282 1009 2334 superest,
1034 2278 1238 2335 lanquens
1254 2311 1264 2331 ,
1288 2277 1325 2319 si
1346 2276 1437 2319 fieri
1459 2275 1640 2331 poterit,
1670 2288 1764 2318 cum

277 2345 570 2401 superioribus
616 2346 927 2401 coniungemus
947 2379 956 2401 ,
1004 2345 1156 2400 quibus
1203 2345 1324 2388 deest
1367 2344 1629 2399 subiectum,
1676 2345 1763 2387 Neo

275 2415 494 2457 minimam
521 2423 685 2471 partem
716 2431 768 2457 επ
789 2417 908 2472 ayo-is
929 2415 1133 2457 maeroris
1160 2413 1354 2469 (meroris
1375 2412 1606 2468 oblongus)
1627 2413 1672 2454 in
1693 2429 1762 2454 ur-

276 2483 365 2526 bem
386 2482 622 2539 Covfiuxz't.
656 2482 770 2526 adde
800 2483 865 2525 his
895 2497 1070 2525 LAsssss:
1101 2482 1269 2536 utrique
1300 2481 1490 2524 membro
1523 2480 1762 2522 consultum

276 2550 357 2593 erit
372 2583 382 2593 .
405 2554 450 2593 at
473 2551 556 2594 viri
578 2551 693 2594 docti
720 2551 765 2594 in
786 2552 929 2607 priore
950 2551 1177 2594 haerentes
1199 2550 1322 2594 varia
1342 2563 1428 2592 non
1450 2549 1607 2605 optime
1629 2552 1760 2602 temp-

275 2623 444 2661 tarunt.
483 2619 697 2675 Hauptius
733 2620 779 2662 in
811 2619 1186 2663 observationibus
1217 2633 1259 2674 p.
1280 2617 1336 2661 45
1367 2618 1427 2660 ita
1458 2618 1759 2672 interpretatur

275 2687 400 2741 quasi
429 2687 633 2742 seriptum
665 2688 721 2730 sit
741 2689 829 2731 Nec
850 2689 1021 2731 minimi
1036 2689 1242 2730 maeroris
1260 2687 1424 2743 partim
1447 2703 1499 2728 ex
1520 2686 1638 2742 ayrz's
1665 2700 1756 2726 con-

270 2756 421 2810 ssawic,
451 2768 586 2811 prope
617 2759 662 2799 ut
693 2755 955 2810 Lambinus,
995 2755 1068 2810 qui
1099 2754 1313 2797 scribebat
1339 2754 1427 2796 Nec
1458 2754 1675 2795 minimum
1706 2768 1758 2794 ea:

274 2824 393 2881 ayris
430 2824 637 2865 maeroris
668 2824 828 2880 partim
865 2823 1065 2879 conflascit
1076 2855 1087 2875 ,
1127 2826 1174 2864 ut
1211 2837 1282 2864 nec
1319 2822 1536 2863 minimum
1577 2824 1691 2862 esset
1720 2829 1757 2863 et

274 2890 396 2934 valde
411 2924 422 2945 ,
455 2891 509 2934 de
539 2903 624 2945 quo
654 2904 735 2933 usu
757 2890 953 2933 Handius
985 2889 1074 2944 egit
1094 2891 1138 2932 in
1160 2888 1389 2932 Tursellini
1411 2892 1525 2930 tomo
1546 2902 1595 2929 111
1613 2901 1653 2943 p.
1672 2888 1755 2930 615

273 2973 315 3002 n.
336 2959 391 3001 4.
423 2958 500 3002 sed
531 2972 612 3013 ego
644 2975 881 3002 maerorum
908 2959 1068 3014 partim
1098 2957 1331 3012 intellego,
1358 2957 1521 3012 partim
1550 2958 1755 2999 maeroris

274 3027 426 3070 Latine
448 3027 531 3070 dici
553 3040 638 3070 non
662 3026 790 3069 credo
809 3059 816 3067 .
850 3027 936 3068 alio
958 3025 1085 3068 modo
1113 3025 1226 3068 idem
1250 3025 1483 3067 Lambinus
1506 3039 1668 3067 macros
1688 3025 1752 3079 τἐ,
