2040 3328
980 245 1040 288 IV
1668 243 1749 287 267

388 362 509 407 1037.
554 362 932 405 SonmcrrATun
970 374 1020 401 11)
1060 373 1205 401 NOBIS
1235 392 1245 402 .
1278 358 1400 402 Idem
1438 357 1488 409 id
1522 359 1569 401 in
1605 358 1724 401 nobis
1742 390 1752 400 .

270 431 427 476 rectius
458 434 524 474 est
551 444 578 471 Ε
595 462 605 472 .
787 472 789 474 .

387 499 509 544 1038.
539 513 724 541 Anmu
753 512 910 540 Anus
931 530 942 541 .
974 497 1196 541 Corrector
1226 496 1427 551 quadrati
1458 500 1500 539 et
1527 499 1626 552 post
1655 509 1754 539 eum

269 569 432 626 primus
462 567 670 610 Marullus
702 581 901 609 Anum-A
919 598 928 608 .

387 635 509 680 1052.
540 650 742 677 Accn‘n·
773 648 918 677 icrns
941 666 951 677 .
985 633 1209 687 Oblongus
1240 634 1361 676 ictis.

387 704 509 748 1055.
555 703 699 747 Usus
748 716 962 745 mnu-nn
991 734 1000 744 .
1041 701 1112 743 Sic
1161 714 1188 743 a
1232 705 1470 744 correctore
1514 701 1753 757 oblongus,

268 772 410 829 prima
439 785 567 815 manu
583 773 698 830 ferit
720 804 730 829 ‚
762 770 997 827 quadratus
1029 770 1228 812 territur.

387 840 509 884 1057.
548 854 683 883 unu
717 853 935 882 cunno.
967 838 1019 880 Id
1054 841 1120 881 est
1155 850 1283 880 caeca
1304 870 1316 893 ,
1346 851 1478 894 supra
1510 839 1619 882 1046
1655 838 1755 881 dira

270 908 412 952 lubido
436 941 446 952 .
477 909 540 952 sic
570 908 812 963 oblongus,
845 907 1090 961 Antonius,
1122 906 1222 948 olim
1256 907 1486 962 impressi,
1519 906 1726 949 Marullus
1744 939 1753 948 .

270 981 419 1020 contra
448 977 683 1032 quadratus
714 977 848 1019 multa
869 1009 880 1030 ,
905 976 1050 1030 itaque
1078 975 1289 1019 Avantius
1321 975 1564 1031 Naugerius
1586 974 1754 1017 Lambi-

270 1058 350 1088 nus
380 1050 423 1089 et
451 1045 554 1088 inde
585 1045 778 1088 certatim
808 1056 982 1086 omnes.

387 1113 510 1157 1058.
541 1113 680 1156 HAEC
711 1126 868 1154 venus
895 1126 983 1153 EST
1003 1126 1319 1168 N0131s‚111nc
1340 1127 1566 1155 AUTEMST
1588 1126 1754 1155 NOMEN

269 1181 629 1224 Auon1s:H1nc
657 1195 769 1223 1LLE
799 1195 988 1223 mmmm
1011 1195 1224 1224 mustus
1246 1196 1546 1224 nuncsmms
1577 1196 1627 1223 m
1658 1196 1756 1224 con

271 1250 545 1294 SrrnLAvr'r
576 1264 764 1304 curi-A,
786 1263 842 1290 ΕΤ
869 1264 1133 1292 succussrr
1163 1265 1370 1293 smcmA
1402 1265 1530 1293 cUnA
1557 1283 1566 1292 .
1598 1249 1755 1294 Oblon-

269 1332 351 1374 gus
387 1318 527 1374 prima
566 1331 697 1361 manu
736 1319 803 1361 hic
843 1328 1020 1362 autemst
1038 1353 1049 1374 ‚
1081 1319 1319 1374 quadratus
1355 1321 1451 1362 hinc
1489 1328 1628 1362 autem
1667 1328 1727 1362 est
1743 1350 1753 1361 .

268 1392 358 1430 tum
383 1386 596 1441 oblongus
616 1388 732 1430 Hinc
752 1387 825 1430 ille
842 1421 852 1438 ‚
875 1399 902 1429 a
928 1392 1166 1431 correctore
1197 1389 1314 1430 Hinc
1344 1388 1469 1431 illaec
1485 1403 1498 1430 .-
1518 1387 1756 1443 quadratus

268 1457 385 1499 Hinc
413 1456 493 1498 illa
512 1489 523 1510 ,
546 1455 647 1498 olim
676 1455 876 1511 impressi
908 1457 1032 1498 illata
1052 1489 1063 1511 ,
1087 1456 1296 1499 Antonius
1326 1457 1406 1499 illa
1436 1465 1472 1499 ec
1495 1489 1504 1498 .
1534 1456 1657 1498 unice
1687 1468 1756 1498 ve-

269 1537 362 1567 rum
391 1527 457 1567 est
485 1515 601 1566 Hinc
630 1538 779 1565 ILLAEC
802 1557 811 1580 ,
835 1528 877 1566 et
906 1524 1018 1566 infra
1043 1525 1151 1567 1083
1182 1526 1305 1568 illaec
1331 1525 1556 1581 yermz'na.
1586 1523 1666 1566 hoc
1695 1524 1756 1566 lo-

269 1605 365 1635 cum
401 1591 531 1635 habet
565 1592 639 1635 ubi
669 1593 748 1635 illa
779 1605 950 1635 versum
988 1605 1075 1635 non
1106 1594 1280 1649 explet,
1312 1598 1359 1635 ut
1394 1592 1511 1648 apud
1541 1592 1757 1635 Tibullum

269 1662 397 1704 istaec
427 1673 505 1716 pro
537 1661 622 1703 ista
641 1694 652 1715 ‚
675 1675 701 1716 1,
720 1663 759 1715 9,
777 1661 831 1703 68
862 1661 954 1703 Ista
984 1661 1084 1703 haec
1110 1661 1338 1717 persuadet
1355 1662 1502 1719 facies
1524 1692 1533 1701 .
1564 1660 1756 1704 Catullus

268 1729 337 1784 67,
351 1729 406 1772 73
427 1730 506 1786 qui
522 1737 567 1772 tu
586 1729 744 1772 isthaec
755 1761 766 1782 ‚
785 1729 938 1783 ianua,
955 1731 1068 1772 nosti
1079 1730 1098 1771 52
1118 1730 1372 1786 interpretes
1394 1729 1462 1772 hic
1482 1729 1524 1771 in
1546 1729 1643 1784 ipsa
1662 1729 1757 1771 luce

268 1797 542 1853 caecutiunt,
573 1810 668 1840 cum
699 1796 904 1840 deberent
939 1797 1190 1852 intellegere
1219 1799 1399 1854 repetito
1430 1798 1526 1840 hinc
1558 1810 1652 1840 eam
1684 1810 1757 1853 op-

267 1865 527 1922 positionem
548 1866 733 1909 indicari
751 1899 760 1921 ,
784 1879 896 1921 quae
917 1865 985 1908 hic
1006 1871 1216 1922 perpetua
1237 1872 1302 1909 est
1321 1867 1479 1909 amoris
1501 1870 1543 1908 et
1563 1866 1756 1908 Veneris.

267 1933 414 1990 Haec,
437 1934 601 1989 inquit,
625 1947 737 1990 quae
758 1934 815 1976 ad
838 1947 992 1990 corpus
1014 1938 1055 1977 et
1085 1935 1259 1977 seminis
1292 1934 1474 1978 eiciendi
1496 1934 1757 1977 voluntatem

267 2002 511 2059 pertinent,
534 2003 655 2045 Haeo
685 2004 820 2045 Venus
842 2011 901 2046 est
920 2003 1038 2045 nobis
1059 2035 1068 2046 .
1092 2016 1146 2045 ea
1176 2003 1231 2045 ab
1263 2004 1401 2046 altera
1430 2007 1552 2058 parte
1583 2007 1674 2058 est,
1697 2002 1757 2044 al-

268 2076 405 2115 terum
434 2074 695 2113 momentum
725 2083 846 2112 amor
877 2070 978 2113 facit
1002 2085 1011 2112 :
1039 2072 1135 2114 hinc
1165 2080 1342 2114 autemst
1370 2085 1539 2112 ΜοΜΕΝ
1570 2071 1754 2125 amoris,

267 2140 384 2183 Hinc
412 2139 538 2182 illaec
560 2170 569 2181 .
591 2139 654 2181 ita
684 2138 791 2182 haec
820 2139 972 2182 leniter
1002 2139 1255 2182 adiuvanda
1285 2144 1382 2183 sunt
1404 2154 1412 2181 :
1435 2139 1542 2182 nihil
1570 2138 1673 2181 facit
1698 2137 1756 2180 ad

268 2206 524 2251 sententiam
554 2222 701 2250 nomen
731 2209 914 2263 amoris,
938 2212 980 2251 et
1009 2208 1242 2251 absurdum
1264 2212 1329 2251 est
1351 2208 1545 2252 Creechii
1575 2198 1727 2249 numen
1742 2222 1757 2261 ,-

266 2276 519 2332 praesertim
557 2288 652 2318 cum
688 2276 996 2332 Epicureorum
1031 2277 1246 2320 sententia
1283 2277 1340 2320 sit
1376 2272 1430 2320 οὐ
1459 2272 1758 2330 θεόπεμπτον

267 2338 385 2388 εἶναι
413 2342 491 2387 τὸν
521 2340 664 2401 ἔρωτα
686 2378 695 2400 ,
719 2345 835 2401 apud
860 2344 1101 2400 Diogenem
1122 2346 1341 2388 Laertium
1371 2346 1416 2388 in
1446 2360 1488 2401 x,
1509 2346 1590 2388 118
1613 2378 1622 2387 .
1644 2357 1757 2400 quae

265 2416 455 2469 restant,
477 2413 639 2456 nullam
657 2413 951 2456 difficultatem
972 2413 1131 2456 habent
1147 2429 1156 2456 ε
1171 2415 1363 2471 primum
1384 2415 1555 2457 Veneris
1572 2413 1757 2456 dulcedi-

266 2483 334 2524 nis
354 2482 401 2524 in
421 2497 492 2524 cor
507 2481 695 2525 stillavit
711 2491 859 2540 quera,
879 2495 974 2525 cum
992 2483 1149 2538 cupido
1166 2477 1432 2538 voluptatem
1452 2482 1701 2539 praesagit,
1720 2490 1757 2524 et

238 2603 245 2609 ι
266 2553 356 2592 tum
375 2550 535 2593 amoris
556 2550 600 2594 vi
621 2553 819 2594 successit
835 2551 1020 2608 frzjqz‘da
1041 2567 1146 2594 cura
1167 2556 1209 2594 et
1234 2552 1358 2607 quasi
1386 2551 1598 2607 medella,
1622 2554 1757 2607 θερα-

268 2613 377 2660 πεία
397 2613 573 2676 ψυχρά,
596 2619 843 2674 cupiditatis
862 2652 871 2674 ,
894 2632 1006 2674 quae
1037 2619 1224 2676 luditur,
1248 2634 1334 2663 non
1362 2621 1582 2676 expletur,
1606 2632 1756 2675 corpo-

267 2699 360 2727 rum
397 2686 637 2729 absentium
679 2687 920 2730 simulacris
943 2719 953 2730 .
983 2688 1046 2730 ita
1085 2690 1358 2744 perspicuum
1397 2694 1462 2732 est
1500 2692 1547 2730 ut
1586 2701 1613 2730 a
1652 2700 1754 2730 vero

266 2753 396 2807 longe
426 2753 637 2797 aberrarit
666 2755 875 2798 Marullus
906 2755 1135 2799 scribendo
1153 2757 1337 2813 fervida
1367 2773 1470 2798 cura
1492 2789 1501 2798 .
1523 2769 1649 2799 curas
1682 2755 1755 2798 fri-

267 2820 397 2876 gidas
428 2821 539 2864 dixit
568 2838 768 2866 curarum
786 2825 942 2880 friqus
965 2823 1144 2867 Ovidius
1166 2838 1219 2867 ex
1240 2825 1376 2866 Ponto
1405 2825 1512 2866 libro
1535 2839 1595 2879 111,
1614 2826 1653 2878 9,
1671 2824 1753 2879 25,

269 2890 491 2946 Compere
512 2913 567 2921 --
596 2892 783 2934 animum
815 2893 922 2934 lento
953 2908 1152 2934 cwrarum
1171 2893 1347 2949 frzjqore
1377 2893 1507 2935 laedit
1527 2925 1537 2934 .
1566 2892 1681 2935 idem
1711 2893 1755 2934 in

267 2973 326 3015 ly,
347 2960 388 3015 2,
408 2958 464 3001 45
495 2959 611 3011 Quid
638 2961 728 3002 nisi
754 2959 949 3002 Pierides
963 2992 975 3014 ,
997 2960 1158 3002 solacia
1175 2960 1356 3017 frzjqida
1371 2994 1382 3015 ,
1406 2961 1570 3004 restat?

387 3027 510 3071 1061.
541 3027 713 3072 NAMST
742 3041 898 3070 ABEST
928 3024 1064 3075 ouon
1093 3042 1247 3086 AMES,
1270 3042 1444 3071 Pnnsro
1472 3043 1755 3072 smunAcrzA
