2040 3328
391 257 470 298 132
1096 257 1138 298 II

386 367 462 409 hoc
492 370 555 409 est
584 367 799 409 instabilia
829 379 951 419 esse,
974 366 1049 408 sed
1070 379 1154 407 non
1180 367 1222 407 in
1253 367 1422 407 summis
1450 367 1593 420 rebus,
1615 380 1758 409 verum
1787 369 1832 410 in

385 447 588 475 cuncus
609 466 618 475 .
642 434 888 486 interpretes
908 432 1055 473 horum
1071 432 1176 474 nihil
1193 444 1344 486 capere
1363 436 1611 488 potuerunt,
1633 435 1830 487 quoniam

385 500 429 542 id
459 499 571 554 quod
602 499 869 540 manifestum
891 502 954 539 est
973 511 1057 539 non
1078 497 1297 551 viderunt,
1320 511 1372 540 ea
1394 511 1502 552 quae
1531 500 1725 542 versibus
1745 515 1832 541 xcn

384 567 612 608 interiectis
649 566 871 617 leguntur,
894 564 1108 619 Blultaque
1139 573 1234 620 post
1267 564 1416 607 mundi
1446 574 1601 620 tempus
1626 568 1830 621 9enitale,

384 632 573 684 intellegi
603 631 718 672 nullo
749 630 873 671 modo
903 643 1055 684 posse,
1078 631 1158 673 nisi
1189 631 1283 684 quis
1315 630 1367 672 ab
1398 629 1462 672 his
1488 630 1531 671 in
1552 632 1702 684 quibus
1722 645 1832 674 nunc

383 712 598 742 versamur
620 697 759 738 statim
780 695 835 737 ad
855 696 931 738 illa
960 698 1213 749 processerit
1232 729 1240 738 .
1265 701 1392 751 atque
1422 709 1474 738 ea
1493 697 1588 751 ipsa
1608 711 1717 752 quae
1736 703 1832 753 poe-

384 771 468 807 tam
489 765 584 805 huic
610 763 716 805 libro
749 763 895 805 ceteris
927 763 1018 805 eius
1047 763 1238 818 partibus
1269 763 1353 804 iam
1383 763 1586 805 absolutis
1617 764 1832 807 addidisse

385 832 651 886 perspicuum
675 834 763 883 est,
787 829 840 871 de
861 831 992 871 variis
1017 830 1183 872 ‘mundis
1203 831 1325 879 varia
1346 831 1503 871 ratione
1523 831 1696 884 creatis,
1717 831 1831 872 nullo

385 900 468 940 alio
500 899 592 939 loco
624 910 785 938 rursum
817 896 1037 949 tractavit,
1059 897 1141 938 nisi
1162 896 1203 937 in
1225 895 1349 937 simili
1371 895 1555 949 quodam
1586 896 1834 940 emblemate

383 966 478 1006 libri
500 963 632 1017 quinti
653 962 888 1005 526—530
902 995 912 1015 ‚
935 963 988 1005 de
1011 976 1092 1016 quo
1115 975 1321 1016 exponam
1348 961 1402 1004 ad
1431 963 1522 1004 eius
1553 962 1648 1004 libri
1668 976 1834 1005 versum

382 1034 464 1075 509
485 1047 493 1072 :
515 1044 612 1072 nam
644 1030 751 1071 alios
781 1033 865 1071 tres
895 1029 938 1070 in
969 1029 1115 1071 eodem
1145 1029 1253 1071 libro
1283 1042 1455 1081 versus,
1478 1029 1548 1082 qui
1579 1029 1635 1070 ad
1654 1029 1832 1071 eandem

383 1112 471 1141 rem
508 1101 729 1152 spectant,
762 1095 1048 1137 1344—1346
1073 1096 1286 1150 ‚Lucretii
1322 1108 1406 1137 non
1445 1108 1538 1138 esse
1569 1095 1611 1137 in
1641 1096 1732 1138 loeo
1763 1097 1832 1139 de-

383 1164 624 1207 monstrabo
644 1196 652 1205 .

498 1231 615 1274 1015.
664 1231 783 1273 1016.
815 1231 1030 1274 NAMQUE
1064 1243 1230 1270 EADEM
1266 1242 1456 1271 CAELUM
1491 1242 1618 1270 MARE
1647 1243 1830 1271 'ra-mus

382 1313 597 1340 rnummA
633 1311 786 1338 sonim
816 1297 1163 1351 SIGNIFICANT‚
1196 1309 1358 1337 EADEM
1392 1310 1576 1336 raucas
1613 1309 1833 1338 Annum-A

383 1379 650 1407 ANIMANTIS
668 1395 677 1405 .
699 1365 814 1406 Haec
844 1364 998 1417 optime
1028 1368 1155 1418 poeta
1186 1363 1239 1405 de
1269 1362 1506 1417 primordiis
1538 1362 1642 1404 dixit
1661 1363 1704 1404 in
1724 1363 1832 1406 libro

383 1448 408 1487 1,
432 1433 540 1487 820,
563 1432 633 1474 ubi
664 1435 727 1473 est
758 1431 1040 1484 Constituant,
1063 1429 1130 1472 hic
1160 1434 1298 1472 autem
1328 1428 1587 1482 ineptissime
1616 1429 1672 1471 ad
1702 1430 1834 1472 verba

383 1500 532 1554 quibus
573 1512 719 1541 versus
750 1502 942 1540 constant
970 1497 1301 1539 transferuntur.
1323 1496 1456 1538 verbzs
1486 1495 1622 1550 enim,
1644 1508 1727 1538 non
1758 1497 1833 1539 ele-

384 1568 556 1618 mentffis
579 1578 631 1607 ea
660 1578 770 1619 quae
798 1564 864 1606 his
894 1563 1082 1606 subiecta
1111 1566 1207 1605 sunt
1236 1562 1512 1616 conveniunt,

500 1633 620 1675 1017.
653 1631 703 1673 S1
738 1645 829 1672 NON
868 1645 1024 1672 OMNIA
1062 1643 1279 1682 S1NT,A'r
1314 1642 1472 1669 MULTO
1509 1641 1702 1670 MAxmA
1738 1644 1831 1670 PAR

383 1714 470 1742 nsr
502 1699 819 1741 CONSIMILIS.
841 1698 889 1739 In
921 1697 1072 1751 quibus
1103 1699 1309 1738 corrector
1339 1695 1531 1749 quadrati
1563 1707 1655 1737 cum
1685 1697 1833 1739 ceteris

384 1781 505 1808 PARS
545 1775 602 1808 est
624 1797 633 1807 .
661 1770 884 1819 praeterea
920 1763 1184 1806 scribendum
1222 1767 1286 1804 est
1314 1762 1366 1804 Si
1397 1778 1478 1803 non
1513 1763 1650 1804 omnia
1687 1767 1832 1818 suin-3

385 1839 432 1875 ut
461 1846 587 1876 versu
606 1832 689 1874 458
719 1840 940 1884 necessest,
962 1831 1014 1873 Si
1028 1832 1165 1872 minus
1191 1829 1365 1871 omnibu'
1387 1837 1480 1870 sunt
1500 1844 1519 1870 e
1541 1828 1695 1870 levibus
1714 1838 1836 1884 atque

384 1899 604 1953 rutundis,
627 1900 684 1940 At
712 1913 794 1940 non
824 1914 908 1940 esse
939 1907 1072 1939 tamen
1098 1896 1311 1952 perpleoez's
1340 1894 1584 1950 indupedita
1601 1926 1610 1936 .

499 1966 618 2009 1020.
679 1966 991 2006 INTERVALLA
1039 1977 1147 2004 vus
1195 1974 1414 2002 conexus
1463 1975 1687 2002 PONDERA
1723 1976 1832 2003 PLA-

384 2019 473 2076 GAg
493 2067 500 2075 .
523 2033 639 2075 Haec
676 2044 840 2085 quoque
871 2031 922 2073 de
952 2031 1170 2072 seminibus
1201 2030 1291 2070 sive
1316 2029 1542 2083 principiale
1570 2033 1667 2082 apte
1696 2029 1834 2083 posita

386 2106 484 2144 sunt
512 2114 636 2143 versu
658 2100 738 2140 726
770 2103 810 2140 et
838 2099 882 2139 in
911 2098 1017 2139 libro
1037 2111 1075 2151 V,
1092 2096 1169 2137 441
1192 2129 1200 2150 ,
1223 2095 1289 2136 hie
1310 2094 1362 2136 de
1388 2096 1563 2136 materia
1584 2096 1718 2138 minus
1739 2109 1831 2150 pro-

383 2169 500 2223 prie,
530 2167 724 2221 quamvis
756 2169 867 2207 recte
897 2165 1092 2206 materies
1122 2164 1267 2205 habere
1297 2161 1460 2203 dicatur
1490 2164 1627 2204 varios
1657 2178 1833 2205 conamus

375 2235 569 2291 pondera
592 2234 748 2289 plassas
779 2233 822 2273 in
843 2247 869 2285 1,
892 2232 974 2274 633
994 2236 1060 2272 :et
1081 2229 1290 2272 sufficiunt
1322 2229 1363 2270 in
1386 2227 1463 2269 hoc
1484 2227 1576 2270 loco
1599 2229 1832 2271 Concursus

383 2311 512 2344 motus
534 2301 633 2342 ordo
647 2300 1019 2356 posz'turafiqurae
1034 2331 1044 2352 ,
1069 2303 1112 2339 ut
1132 2298 1175 2338 in
1195 2311 1221 2349 1,
1239 2295 1319 2337 685
1337 2327 1344 2335 .
1365 2298 1545 2336 ceterum
1565 2297 1657 2336 vias
1677 2295 1832 2336 habent

382 2369 677 2420 membranae,
698 2366 932 2419 Antonius,
955 2365 1056 2407 olim
1072 2362 1263 2418 impressi
1281 2393 1291 2415 ‚
1309 2361 1383 2403 sed
1395 2362 1527 2418 playa
1548 2377 1588 2403 es
1610 2361 1830 2414 oblongus,

377 2437 537 2492 plaqoes
567 2433 822 2488 quadratus,
846 2432 1052 2474 Antonius
1073 2435 1114 2473 et
1133 2430 1234 2472 olim
1259 2427 1451 2483 impressi
1476 2428 1630 2483 playas
1645 2443 1658 2469 .·
1678 2429 1770 2469 viae
1791 2431 1831 2468 et

374 2503 531 2559 pla-qvae
561 2500 791 2542 Marullus.
815 2500 974 2541 scilicet
1003 2498 1074 2552 qui
1104 2497 1214 2539 hunc
1243 2508 1407 2538 versum
1439 2507 1491 2536 ex
1521 2506 1596 2536 suo
1627 2494 1719 2536 loco
1751 2493 1831 2536 huc

381 2567 593 2611 transtulit
622 2580 674 2608 ne
704 2566 998 2619 grammatices
1029 2564 1198 2619 quidem
1228 2563 1429 2604 rationem
1461 2561 1633 2603 habuit.

496 2634 615 2676 1023.
647 2647 973 2674 ADHIBUERAM
1002 2646 1063 2672 AD
1093 2643 1367 2671 RA'rloNEM.
1390 2629 1607 2671 corrector
1635 2627 1830 2682 quadrati

381 2707 422 2744 et
451 2701 578 2744 ceteri
614 2714 797 2740 Annum
837 2715 975 2742 veram
998 2731 1006 2739 .
1035 2699 1076 2739 in
1112 2697 1220 2740 libro
1241 2711 1269 2750 1,
1290 2696 1341 2738 51
1385 2695 1504 2738 adibe
1539 2711 1678 2738 veram
1707 2707 1830 2737 mem-

380 2769 540 2810 branae
557 2800 566 2811 .

381 2879 384 2883 ,
498 2835 614 2877 1024.
659 2835 769 2876 ΝΛΜ
814 2848 912 2873 'nni
956 2844 1277 2872 vnnssumvrns
1319 2843 1446 2871 nova
1488 2842 1574 2870 aas
1610 2839 1829 2868 monn-ua

380 2916 440 2942 AD
471 2916 613 2942 Aums
645 2902 945 2942 Accanmuz.
978 2899 1195 2942 Gorrector
1232 2897 1426 2952 quadrati
1466 2901 1507 2938 et
1535 2894 1736 2937 Marullus
1765 2907 1828 2934 ve-

380 2968 603 3009 hementer.
626 2967 700 3007 sed
731 2968 772 3007 in
803 2981 862 3015 111,
889 2966 967 3008 152
997 2970 1170 3019 uterque
1208 2969 1327 3007 vetus
1363 2964 1564 3015 vementi,
1597 2962 1638 3002 in
1672 2973 1724 3014 vl,
1745 2959 1826 3001 517
