<?xml version="1.0" encoding="UTF-8"?>
<!DOCTYPE html PUBLIC "-//W3C//DTD XHTML 1.0 Transitional//EN"
    "http://www.w3.org/TR/xhtml1/DTD/xhtml1-transitional.dtd">
<html xmlns="http://www.w3.org/1999/xhtml" xml:lang="en" lang="en">
 <head>
  <title>
</title>
<meta http-equiv="Content-Type" content="text/html;charset=utf-8" />
  <meta name='ocr-system' content='tesseract 3.04.00' />
  <meta name='ocr-capabilities' content='ocr_page ocr_carea ocr_par ocr_line ocrx_word'/>
</head>
<body>
  <div class='ocr_page' id='page_1' title='image "./intlucretiicarid00lachuoft_0402.png"; bbox 0 0 2040 3328; ppageno 0'>
   <div class='ocr_carea' id='block_1_1' title="bbox 442 225 1188 267">
    <p class='ocr_par' dir='ltr' id='par_1_1' title="bbox 442 225 1188 267">
     <span class='ocr_line' id='line_1_1' title="bbox 442 225 1188 267; baseline 0.001 -1"><span class='ocrx_word' id='word_1_1' title='bbox 442 225 523 266; x_wconf 88' lang='lat'><em>398</em></span> <span class='ocrx_word' id='word_1_2' title='bbox 1131 227 1188 267; x_wconf 94' lang='lat' dir='ltr'><em>VI</em></span> 
     </span>
    </p>
   </div>
   <div class='ocr_carea' id='block_1_2' title="bbox 437 336 1890 1524">
    <p class='ocr_par' dir='ltr' id='par_1_2' title="bbox 441 336 1890 587">
     <span class='ocr_line' id='line_1_2' title="bbox 442 336 1890 395; baseline 0.004 -19"><span class='ocrx_word' id='word_1_3' title='bbox 442 336 650 377; x_wconf 73' lang='lat' dir='ltr'><em>oculorum</em></span> <span class='ocrx_word' id='word_1_4' title='bbox 689 344 725 377; x_wconf 74' lang='lat' dir='ltr'><em>et</em></span> <span class='ocrx_word' id='word_1_5' title='bbox 753 336 931 376; x_wconf 76' lang='lat' dir='ltr'><em>aliorum</em></span> <span class='ocrx_word' id='word_1_6' title='bbox 968 336 1237 378; x_wconf 73' lang='lat' dir='ltr'><em>membrorum</em></span> <span class='ocrx_word' id='word_1_7' title='bbox 1271 338 1366 378; x_wconf 74' lang='lat' dir='ltr'><em>nisu</em></span> <span class='ocrx_word' id='word_1_8' title='bbox 1401 354 1521 393; x_wconf 76' lang='lat' dir='ltr'><em>saepe</em></span> <span class='ocrx_word' id='word_1_9' title='bbox 1550 339 1715 395; x_wconf 78' lang='lat' dir='ltr'><em>aliquid</em></span> <span class='ocrx_word' id='word_1_10' title='bbox 1742 341 1890 382; x_wconf 78' lang='lat' dir='ltr'><em>conari</em></span> 
     </span>
     <span class='ocr_line' id='line_1_3' title="bbox 442 402 1885 457; baseline 0.005 -15"><span class='ocrx_word' id='word_1_11' title='bbox 442 402 594 443; x_wconf 77' lang='lat' dir='ltr'><em>dictum</em></span> <span class='ocrx_word' id='word_1_12' title='bbox 630 410 688 442; x_wconf 78' lang='lat' dir='ltr'><em>est</em></span> <span class='ocrx_word' id='word_1_13' title='bbox 722 403 772 443; x_wconf 75' lang='lat' dir='ltr'><em>ab</em></span> <span class='ocrx_word' id='word_1_14' title='bbox 809 403 994 457; x_wconf 72' lang='lat' dir='ltr'><em>antiquis</em></span> <span class='ocrx_word' id='word_1_15' title='bbox 1011 434 1020 444; x_wconf 93' lang='lat'><strong>.</strong></span> <span class='ocrx_word' id='word_1_16' title='bbox 1051 410 1095 443; x_wconf 79' lang='lat' dir='ltr'><em>ut</em></span> <span class='ocrx_word' id='word_1_17' title='bbox 1122 403 1341 444; x_wconf 73' lang='lat' dir='ltr'><em>Lueretius</em></span> <span class='ocrx_word' id='word_1_18' title='bbox 1371 404 1397 444; x_wconf 86' lang='lat' dir='ltr'><em>Z.</em></span> <span class='ocrx_word' id='word_1_19' title='bbox 1418 417 1481 443; x_wconf 83' lang='lat'>1111</span> <span class='ocrx_word' id='word_1_20' title='bbox 1510 405 1594 446; x_wconf 82' lang='lat' dir='ltr'><em>Hie</em></span> <span class='ocrx_word' id='word_1_21' title='bbox 1630 406 1705 447; x_wconf 81' lang='lat' dir='ltr'><em>ubi</em></span> <span class='ocrx_word' id='word_1_22' title='bbox 1737 407 1885 448; x_wconf 84' lang='lat' dir='ltr'><em>nexari</em></span> 
     </span>
     <span class='ocr_line' id='line_1_4' title="bbox 441 469 1883 526; baseline 0.005 -18"><span class='ocrx_word' id='word_1_23' title='bbox 441 476 643 522; x_wconf 75' lang='lat' dir='ltr'><em>nequeunt</em></span> <span class='ocrx_word' id='word_1_24' title='bbox 671 469 938 523; x_wconf 76' lang='lat' dir='ltr'><em>insistereque</em></span> <span class='ocrx_word' id='word_1_25' title='bbox 973 470 1079 510; x_wconf 81' lang='lat' dir='ltr'><em>alis.</em></span> <span class='ocrx_word' id='word_1_26' title='bbox 1116 481 1168 510; x_wconf 84' lang='lat' dir='ltr'><em>ex</em></span> <span class='ocrx_word' id='word_1_27' title='bbox 1201 469 1296 523; x_wconf 86' lang='lat' dir='ltr'><em>ipsa</em></span> <span class='ocrx_word' id='word_1_28' title='bbox 1332 470 1537 524; x_wconf 81' lang='lat' dir='ltr'><em>scriptura</em></span> <span class='ocrx_word' id='word_1_29' title='bbox 1566 476 1742 526; x_wconf 85' lang='lat' dir='ltr'><em>apparet</em></span> <span class='ocrx_word' id='word_1_30' title='bbox 1771 473 1883 515; x_wconf 83' lang='lat' dir='ltr'><em>Festi</em></span> 
     </span>
     <span class='ocr_line' id='line_1_5' title="bbox 442 535 1548 587; baseline 0.004 -13"><span class='ocrx_word' id='word_1_31' title='bbox 442 547 624 575; x_wconf 88' lang='lat' dir='ltr'><em>errorem</em></span> <span class='ocrx_word' id='word_1_32' title='bbox 654 547 773 587; x_wconf 90' lang='lat' dir='ltr'><em>esse,</em></span> <span class='ocrx_word' id='word_1_33' title='bbox 805 535 875 587; x_wconf 88' lang='lat' dir='ltr'><em>qui</em></span> <span class='ocrx_word' id='word_1_34' title='bbox 905 535 1096 577; x_wconf 89' lang='lat' dir='ltr'><em>Verrium</em></span> <span class='ocrx_word' id='word_1_35' title='bbox 1127 537 1237 577; x_wconf 89' lang='lat' dir='ltr'><em>male</em></span> <span class='ocrx_word' id='word_1_36' title='bbox 1267 537 1548 578; x_wconf 78' lang='lat' dir='ltr'><em>contraxerit.</em></span> 
     </span>
    </p>

    <p class='ocr_par' dir='ltr' id='par_1_3' title="bbox 437 605 1886 1524">
     <span class='ocr_line' id='line_1_6' title="bbox 554 605 1886 648; baseline 0.005 -8"><span class='ocrx_word' id='word_1_37' title='bbox 554 615 644 641; x_wconf 70' lang='lat' dir='ltr'><em>cun</em></span> <span class='ocrx_word' id='word_1_38' title='bbox 677 614 809 646; x_wconf 84' lang='lat' dir='ltr'><strong>AQUA</strong></span> <span class='ocrx_word' id='word_1_39' title='bbox 844 614 891 641; x_wconf 80' lang='grc' dir='ltr'><em>ΙΝ</em></span> <span class='ocrx_word' id='word_1_40' title='bbox 926 615 1101 643; x_wconf 73' lang='lat' dir='ltr'><em>Puruxs</em></span> <span class='ocrx_word' id='word_1_41' title='bbox 1140 616 1356 643; x_wconf 77' lang='lat' dir='ltr'>AESTATE</span> <span class='ocrx_word' id='word_1_42' title='bbox 1398 616 1624 643; x_wconf 80' lang='lat' dir='ltr'>FRIGIDIO</span> <span class='ocrx_word' id='word_1_43' title='bbox 1661 617 1758 646; x_wconf 75' lang='lat' dir='ltr'><em>srr.</em></span> <span class='ocrx_word' id='word_1_44' title='bbox 1803 605 1886 648; x_wconf 88' lang='grc'><em>840</em></span> 
     </span>
     <span class='ocr_line' id='line_1_7' title="bbox 443 666 1883 724; baseline 0.006 -19"><span class='ocrx_word' id='word_1_45' title='bbox 443 666 547 716; x_wconf 64' lang='lat' dir='ltr'><em>Qus</em></span> <span class='ocrx_word' id='word_1_46' title='bbox 577 680 836 708; x_wconf 77' lang='lat' dir='ltr'>FRIGIDIOR</span> <span class='ocrx_word' id='word_1_47' title='bbox 865 682 1020 709; x_wconf 77' lang='lat' dir='ltr'><em>PoRRo</em></span> <span class='ocrx_word' id='word_1_48' title='bbox 1051 683 1098 709; x_wconf 85' lang='lat' dir='ltr'><em>IN</em></span> <span class='ocrx_word' id='word_1_49' title='bbox 1134 683 1330 715; x_wconf 80' lang='lat' dir='ltr'><strong>PUTEIS.</strong></span> <span class='ocrx_word' id='word_1_50' title='bbox 1375 668 1566 711; x_wconf 82' lang='lat' dir='ltr'><em>Schedac</em></span> <span class='ocrx_word' id='word_1_51' title='bbox 1602 684 1692 710; x_wconf 84' lang='lat' dir='ltr'><em>coR</em></span> <span class='ocrx_word' id='word_1_52' title='bbox 1731 675 1772 712; x_wconf 84' lang='lat' dir='ltr'><em>et</em></span> <span class='ocrx_word' id='word_1_53' title='bbox 1793 672 1883 724; x_wconf 81' lang='lat' dir='ltr'><em>fri-</em></span> 
     </span>
     <span class='ocr_line' id='line_1_8' title="bbox 437 733 1885 791; baseline 0.004 -18"><span class='ocrx_word' id='word_1_54' title='bbox 437 733 578 789; x_wconf 42' lang='lat' dir='ltr'><em>,qidior</em></span> <span class='ocrx_word' id='word_1_55' title='bbox 598 735 676 774; x_wconf 73' lang='lat' dir='ltr'><em>sit.</em></span> <span class='ocrx_word' id='word_1_56' title='bbox 701 734 872 789; x_wconf 91' lang='lat' dir='ltr'><em>capituli</em></span> <span class='ocrx_word' id='word_1_57' title='bbox 901 735 992 777; x_wconf 88' lang='lat' dir='ltr'><em>loco</em></span> <span class='ocrx_word' id='word_1_58' title='bbox 1014 736 1192 790; x_wconf 91' lang='lat' dir='ltr'><em>spatium</em></span> <span class='ocrx_word' id='word_1_59' title='bbox 1214 748 1392 777; x_wconf 87' lang='lat' dir='ltr'><em>vacuum</em></span> <span class='ocrx_word' id='word_1_60' title='bbox 1414 736 1539 778; x_wconf 91' lang='lat' dir='ltr'><em>habet</em></span> <span class='ocrx_word' id='word_1_61' title='bbox 1558 736 1813 791; x_wconf 86' lang='lat' dir='ltr'><em>quadratus,</em></span> <span class='ocrx_word' id='word_1_62' title='bbox 1840 741 1885 779; x_wconf 90' lang='lat' dir='ltr'><em>ut</em></span> 
     </span>
     <span class='ocr_line' id='line_1_9' title="bbox 441 801 1886 857; baseline 0.003 -16"><span class='ocrx_word' id='word_1_63' title='bbox 441 813 630 854; x_wconf 79' lang='lat' dir='ltr'><em>semper:</em></span> <span class='ocrx_word' id='word_1_64' title='bbox 654 801 791 855; x_wconf 89' lang='lat' dir='ltr'><em>idem,</em></span> <span class='ocrx_word' id='word_1_65' title='bbox 815 802 849 852; x_wconf 69' lang='lat' dir='ltr'><strong><em>Q</em></strong></span> <span class='ocrx_word' id='word_1_66' title='bbox 870 801 1011 843; x_wconf 88' lang='lat' dir='ltr'><em>littera</em></span> <span class='ocrx_word' id='word_1_67' title='bbox 1040 802 1138 843; x_wconf 88' lang='lat' dir='ltr'><em>item</em></span> <span class='ocrx_word' id='word_1_68' title='bbox 1165 801 1217 843; x_wconf 87' lang='lat' dir='ltr'><em>de</em></span> <span class='ocrx_word' id='word_1_69' title='bbox 1237 814 1353 844; x_wconf 90' lang='lat' dir='ltr'><em>more</em></span> <span class='ocrx_word' id='word_1_70' title='bbox 1374 802 1555 856; x_wconf 91' lang='lat' dir='ltr'><em>omissa,</em></span> <span class='ocrx_word' id='word_1_71' title='bbox 1577 818 1655 845; x_wconf 80' lang='lat' dir='ltr'><em>uae</em></span> <span class='ocrx_word' id='word_1_72' title='bbox 1666 819 1681 857; x_wconf 81' lang='lat'><em>,-</em></span> <span class='ocrx_word' id='word_1_73' title='bbox 1705 803 1886 846; x_wconf 78' lang='lat' dir='ltr'><em>schedae</em></span> 
     </span>
     <span class='ocr_line' id='line_1_10' title="bbox 441 867 1885 923; baseline 0.003 -15"><span class='ocrx_word' id='word_1_74' title='bbox 441 867 526 917; x_wconf 77' lang='lat' dir='ltr'><em>Que</em></span> <span class='ocrx_word' id='word_1_75' title='bbox 556 879 649 908; x_wconf 88' lang='lat' dir='ltr'><em>cum</em></span> <span class='ocrx_word' id='word_1_76' title='bbox 679 868 888 921; x_wconf 88' lang='lat' dir='ltr'><em>oblongo.</em></span> <span class='ocrx_word' id='word_1_77' title='bbox 927 868 1005 910; x_wconf 87' lang='lat' dir='ltr'><em>hoc</em></span> <span class='ocrx_word' id='word_1_78' title='bbox 1038 869 1079 909; x_wconf 94' lang='lat' dir='ltr'><em>in</em></span> <span class='ocrx_word' id='word_1_79' title='bbox 1118 869 1216 909; x_wconf 90' lang='lat' dir='ltr'><em>olim</em></span> <span class='ocrx_word' id='word_1_80' title='bbox 1251 869 1466 923; x_wconf 78' lang='lat' dir='ltr'><em>impressis</em></span> <span class='ocrx_word' id='word_1_81' title='bbox 1493 869 1578 911; x_wconf 82' lang='lat' dir='ltr'><em>Gur</em></span> <span class='ocrx_word' id='word_1_82' title='bbox 1606 868 1760 911; x_wconf 88' lang='lat' dir='ltr'><em>factum</em></span> <span class='ocrx_word' id='word_1_83' title='bbox 1791 870 1885 912; x_wconf 87' lang='lat' dir='ltr'><em>Itali</em></span> 
     </span>
     <span class='ocr_line' id='line_1_11' title="bbox 440 933 1885 990; baseline 0.003 -16"><span class='ocrx_word' id='word_1_84' title='bbox 440 933 522 974; x_wconf 89' lang='lat' dir='ltr'><em>iam</em></span> <span class='ocrx_word' id='word_1_85' title='bbox 554 935 837 989; x_wconf 82' lang='lat' dir='ltr'><strong>sustulerant,</strong></span> <span class='ocrx_word' id='word_1_86' title='bbox 876 947 1012 988; x_wconf 93' lang='lat' dir='ltr'><em>neque</em></span> <span class='ocrx_word' id='word_1_87' title='bbox 1048 936 1123 976; x_wconf 88' lang='lat' dir='ltr'><em>hos</em></span> <span class='ocrx_word' id='word_1_88' title='bbox 1159 936 1229 989; x_wconf 88' lang='lat' dir='ltr'><em>qui</em></span> <span class='ocrx_word' id='word_1_89' title='bbox 1259 936 1389 977; x_wconf 88' lang='lat' dir='ltr'><em>secuti</em></span> <span class='ocrx_word' id='word_1_90' title='bbox 1426 939 1524 977; x_wconf 90' lang='lat' dir='ltr'><em>sunt</em></span> <span class='ocrx_word' id='word_1_91' title='bbox 1552 936 1633 977; x_wconf 88' lang='lat' dir='ltr'><em>sibi</em></span> <span class='ocrx_word' id='word_1_92' title='bbox 1663 935 1885 990; x_wconf 86' lang='lat' dir='ltr'><em>quicquam</em></span> 
     </span>
     <span class='ocr_line' id='line_1_12' title="bbox 441 1000 1886 1056; baseline 0.001 -15"><span class='ocrx_word' id='word_1_93' title='bbox 441 1000 552 1042; x_wconf 88' lang='lat' dir='ltr'><em>ultra</em></span> <span class='ocrx_word' id='word_1_94' title='bbox 580 1001 866 1053; x_wconf 87' lang='lat' dir='ltr'><em>quaerendum</em></span> <span class='ocrx_word' id='word_1_95' title='bbox 888 1015 980 1043; x_wconf 88' lang='lat' dir='ltr'><em>esse</em></span> <span class='ocrx_word' id='word_1_96' title='bbox 1002 1002 1294 1044; x_wconf 84' lang='lat' dir='ltr'><em>existimarunt</em></span> <span class='ocrx_word' id='word_1_97' title='bbox 1309 1037 1318 1046; x_wconf 85' lang='lat'><strong>.</strong></span> <span class='ocrx_word' id='word_1_98' title='bbox 1339 1015 1468 1056; x_wconf 87' lang='lat' dir='ltr'><em>supra</em></span> <span class='ocrx_word' id='word_1_99' title='bbox 1487 1003 1593 1044; x_wconf 88' lang='lat' dir='ltr'><em>libro</em></span> <span class='ocrx_word' id='word_1_100' title='bbox 1614 1016 1642 1045; x_wconf 87' lang='lat' dir='ltr'><strong>v</strong></span> <span class='ocrx_word' id='word_1_101' title='bbox 1661 1015 1809 1045; x_wconf 86' lang='lat' dir='ltr'><em>versus</em></span> <span class='ocrx_word' id='word_1_102' title='bbox 1829 1017 1886 1043; x_wconf 79' lang='lat' dir='ltr'><em>Lu</em></span> 
     </span>
     <span class='ocr_line' id='line_1_13' title="bbox 440 1067 1886 1124; baseline 0.002 -16"><span class='ocrx_word' id='word_1_103' title='bbox 440 1080 467 1108; x_wconf 88' lang='lat' dir='ltr'><em>a</em></span> <span class='ocrx_word' id='word_1_104' title='bbox 487 1067 567 1109; x_wconf 79' lang='lat'><em>928</em></span> <span class='ocrx_word' id='word_1_105' title='bbox 595 1080 728 1121; x_wconf 84' lang='lat' dir='ltr'><em>usque</em></span> <span class='ocrx_word' id='word_1_106' title='bbox 754 1068 809 1110; x_wconf 89' lang='lat' dir='ltr'><em>ad</em></span> <span class='ocrx_word' id='word_1_107' title='bbox 827 1069 908 1110; x_wconf 85' lang='lat'><em>979</em></span> <span class='ocrx_word' id='word_1_108' title='bbox 936 1069 1042 1110; x_wconf 87' lang='lat' dir='ltr'><em>duas</em></span> <span class='ocrx_word' id='word_1_109' title='bbox 1070 1069 1226 1110; x_wconf 87' lang='lat' dir='ltr'><em>codicis</em></span> <span class='ocrx_word' id='word_1_110' title='bbox 1254 1069 1531 1122; x_wconf 79' lang='lat' dir='ltr'><em>antiquissimi</em></span> <span class='ocrx_word' id='word_1_111' title='bbox 1553 1069 1733 1124; x_wconf 81' lang='lat' dir='ltr'><em>paginas</em></span> <span class='ocrx_word' id='word_1_112' title='bbox 1753 1069 1886 1111; x_wconf 85' lang='lat' dir='ltr'><em>fuisse</em></span> 
     </span>
     <span class='ocr_line' id='line_1_14' title="bbox 440 1133 1882 1189; baseline 0.001 -15"><span class='ocrx_word' id='word_1_113' title='bbox 440 1133 760 1176; x_wconf 88' lang='lat' dir='ltr'><em>vidimus.inde</em></span> <span class='ocrx_word' id='word_1_114' title='bbox 789 1147 922 1188; x_wconf 90' lang='lat' dir='ltr'><em>usque</em></span> <span class='ocrx_word' id='word_1_115' title='bbox 953 1135 1007 1177; x_wconf 89' lang='lat' dir='ltr'><em>ad</em></span> <span class='ocrx_word' id='word_1_116' title='bbox 1037 1149 1202 1178; x_wconf 87' lang='lat' dir='ltr'><em>versum</em></span> <span class='ocrx_word' id='word_1_117' title='bbox 1238 1136 1344 1177; x_wconf 85' lang='lat'>1444</span> <span class='ocrx_word' id='word_1_118' title='bbox 1365 1140 1460 1178; x_wconf 90' lang='lat' dir='ltr'><em>sunt</em></span> <span class='ocrx_word' id='word_1_119' title='bbox 1480 1137 1666 1178; x_wconf 88' lang='lat' dir='ltr'><em>carmina</em></span> <span class='ocrx_word' id='word_1_120' title='bbox 1686 1150 1882 1189; x_wconf 80' lang='lat' dir='ltr'><em>ccchxv,</em></span> 
     </span>
     <span class='ocr_line' id='line_1_15' title="bbox 440 1201 1885 1256; baseline 0.002 -15"><span class='ocrx_word' id='word_1_121' title='bbox 440 1201 623 1254; x_wconf 88' lang='lat' dir='ltr'><em>capitula</em></span> <span class='ocrx_word' id='word_1_122' title='bbox 651 1201 758 1242; x_wconf 90' lang='lat' dir='ltr'><em>tria:</em></span> <span class='ocrx_word' id='word_1_123' title='bbox 776 1201 816 1242; x_wconf 89' lang='lat' dir='ltr'><em>hi</em></span> <span class='ocrx_word' id='word_1_124' title='bbox 847 1215 994 1243; x_wconf 89' lang='lat' dir='ltr'><em>versus</em></span> <span class='ocrx_word' id='word_1_125' title='bbox 1025 1216 1258 1243; x_wconf 71' lang='lat' dir='ltr'><em>ccccnxvm</em></span> <span class='ocrx_word' id='word_1_126' title='bbox 1279 1201 1464 1244; x_wconf 89' lang='lat' dir='ltr'><em>efficiunt</em></span> <span class='ocrx_word' id='word_1_127' title='bbox 1483 1203 1664 1256; x_wconf 84' lang='lat' dir='ltr'><em>paginas</em></span> <span class='ocrx_word' id='word_1_128' title='bbox 1684 1217 1809 1244; x_wconf 86' lang='lat' dir='ltr'><em>xvm.</em></span> <span class='ocrx_word' id='word_1_129' title='bbox 1841 1203 1885 1244; x_wconf 92' lang='lat' dir='ltr'><em>in</em></span> 
     </span>
     <span class='ocr_line' id='line_1_16' title="bbox 439 1267 1885 1322; baseline 0.003 -14"><span class='ocrx_word' id='word_1_130' title='bbox 439 1267 599 1321; x_wconf 85' lang='lat' dir='ltr'><em>pagina</em></span> <span class='ocrx_word' id='word_1_131' title='bbox 627 1267 739 1308; x_wconf 93' lang='lat' dir='ltr'><em>unde</em></span> <span class='ocrx_word' id='word_1_132' title='bbox 768 1268 976 1321; x_wconf 88' lang='lat' dir='ltr'><em>vigesima</em></span> <span class='ocrx_word' id='word_1_133' title='bbox 1005 1269 1171 1311; x_wconf 87' lang='lat' dir='ltr'><em>fuerunt</em></span> <span class='ocrx_word' id='word_1_134' title='bbox 1190 1269 1372 1311; x_wconf 87' lang='lat' dir='ltr'><em>Lucretii</em></span> <span class='ocrx_word' id='word_1_135' title='bbox 1403 1282 1550 1312; x_wconf 87' lang='lat' dir='ltr'><em>versus</em></span> <span class='ocrx_word' id='word_1_136' title='bbox 1579 1269 1726 1322; x_wconf 89' lang='lat' dir='ltr'><em>reliqui</em></span> <span class='ocrx_word' id='word_1_137' title='bbox 1751 1269 1885 1312; x_wconf 87' lang='lat' dir='ltr'><em>trede-</em></span> 
     </span>
     <span class='ocr_line' id='line_1_17' title="bbox 439 1334 1885 1390; baseline 0.003 -16"><span class='ocrx_word' id='word_1_138' title='bbox 439 1334 517 1374; x_wconf 90' lang='lat' dir='ltr'><em>cim</em></span> <span class='ocrx_word' id='word_1_139' title='bbox 551 1338 592 1375; x_wconf 94' lang='lat' dir='ltr'><em>et</em></span> <span class='ocrx_word' id='word_1_140' title='bbox 621 1334 806 1388; x_wconf 89' lang='lat' dir='ltr'><em>capitula</em></span> <span class='ocrx_word' id='word_1_141' title='bbox 835 1335 929 1376; x_wconf 88' lang='lat' dir='ltr'><em>libri</em></span> <span class='ocrx_word' id='word_1_142' title='bbox 962 1337 1068 1377; x_wconf 86' lang='lat' dir='ltr'><em>sexti</em></span> <span class='ocrx_word' id='word_1_143' title='bbox 1098 1338 1269 1390; x_wconf 85' lang='lat' dir='ltr'><em>propter</em></span> <span class='ocrx_word' id='word_1_144' title='bbox 1290 1337 1414 1390; x_wconf 87' lang='lat' dir='ltr'><em>spatii</em></span> <span class='ocrx_word' id='word_1_145' title='bbox 1437 1337 1676 1389; x_wconf 84' lang='lat' dir='ltr'><em>angustiam</em></span> <span class='ocrx_word' id='word_1_146' title='bbox 1697 1336 1776 1378; x_wconf 90' lang='lat' dir='ltr'><em>hac</em></span> <span class='ocrx_word' id='word_1_147' title='bbox 1796 1337 1885 1378; x_wconf 83' lang='lat' dir='ltr'><em>fere</em></span> 
     </span>
     <span class='ocr_line' id='line_1_18' title="bbox 438 1401 1886 1457; baseline 0.001 -16"><span class='ocrx_word' id='word_1_148' title='bbox 438 1401 600 1442; x_wconf 84' lang='lat' dir='ltr'><em>ratione</em></span> <span class='ocrx_word' id='word_1_149' title='bbox 630 1401 861 1454; x_wconf 90' lang='lat' dir='ltr'><em>disposita.</em></span> <span class='ocrx_word' id='word_1_150' title='bbox 880 1402 924 1443; x_wconf 93' lang='lat' dir='ltr'><em>in</em></span> <span class='ocrx_word' id='word_1_151' title='bbox 954 1402 1136 1456; x_wconf 89' lang='lat' dir='ltr'><em>oblongo</em></span> <span class='ocrx_word' id='word_1_152' title='bbox 1167 1403 1293 1445; x_wconf 85' lang='lat' dir='ltr'><em>index</em></span> <span class='ocrx_word' id='word_1_153' title='bbox 1321 1403 1598 1457; x_wconf 87' lang='lat' dir='ltr'><em>capitulorum</em></span> <span class='ocrx_word' id='word_1_154' title='bbox 1619 1416 1765 1445; x_wconf 86' lang='lat' dir='ltr'><em>versus</em></span> <span class='ocrx_word' id='word_1_155' title='bbox 1785 1416 1886 1442; x_wconf 84' lang='lat' dir='ltr'>xxv1</span> 
     </span>
     <span class='ocr_line' id='line_1_19' title="bbox 438 1469 1596 1524; baseline 0.003 -16"><span class='ocrx_word' id='word_1_156' title='bbox 438 1472 578 1522; x_wconf 89' lang='lat' dir='ltr'><em>tenet,</em></span> <span class='ocrx_word' id='word_1_157' title='bbox 611 1480 786 1521; x_wconf 92' lang='lat' dir='ltr'><em>quorum</em></span> <span class='ocrx_word' id='word_1_158' title='bbox 816 1482 1011 1511; x_wconf 89' lang='lat' dir='ltr'><em>numeros</em></span> <span class='ocrx_word' id='word_1_159' title='bbox 1041 1469 1322 1524; x_wconf 86' lang='lat' dir='ltr'><em>praescripsi.</em></span> <span class='ocrx_word' id='word_1_160' title='bbox 1594 1487 1596 1489; x_wconf 49' lang='lat'>&gt;</span> 
     </span>
    </p>
   </div>
   <div class='ocr_carea' id='block_1_3' title="bbox 356 1577 1848 1672">
    <p class='ocr_par' dir='ltr' id='par_1_4' title="bbox 356 1577 1848 1672">
     <span class='ocr_line' id='line_1_20' title="bbox 356 1577 1331 1613; baseline 0.004 -4"><span class='ocrx_word' id='word_1_161' title='bbox 356 1577 460 1610; x_wconf 82' lang='lat' dir='ltr'>TITI</span> <span class='ocrx_word' id='word_1_162' title='bbox 476 1577 708 1611; x_wconf 84' lang='lat' dir='ltr'>LUCRETII</span> <span class='ocrx_word' id='word_1_163' title='bbox 725 1577 842 1611; x_wconf 86' lang='lat' dir='ltr'>CARI</span> <span class='ocrx_word' id='word_1_164' title='bbox 855 1579 920 1612; x_wconf 89' lang='lat' dir='ltr'><em>DE</em></span> <span class='ocrx_word' id='word_1_165' title='bbox 935 1579 1110 1613; x_wconf 88' lang='lat' dir='ltr'>RERUM</span> <span class='ocrx_word' id='word_1_166' title='bbox 1125 1578 1331 1613; x_wconf 84' lang='lat' dir='ltr'>NATURA</span> 
     </span>
     <span class='ocr_line' id='line_1_21' title="bbox 358 1629 1848 1672; baseline 0.005 -11"><span class='ocrx_word' id='word_1_167' title='bbox 358 1629 487 1662; x_wconf 87' lang='lat' dir='ltr'>LIB.V.</span> <span class='ocrx_word' id='word_1_168' title='bbox 498 1629 735 1663; x_wconf 82' lang='lat' dir='ltr'>EXPLICIT.</span> <span class='ocrx_word' id='word_1_169' title='bbox 746 1629 935 1664; x_wconf 85' lang='lat' dir='ltr'>INCIPIT</span> <span class='ocrx_word' id='word_1_170' title='bbox 946 1630 1104 1664; x_wconf 88' lang='lat' dir='ltr'>LIB.VI.</span> <span class='ocrx_word' id='word_1_171' title='bbox 1193 1650 1315 1669; x_wconf 50' lang='lat' dir='ltr'><em>Autumno</em></span> <span class='ocrx_word' id='word_1_172' title='bbox 1332 1650 1409 1672; x_wconf 52' lang='lat' dir='ltr'><em>mam,</em></span> <span class='ocrx_word' id='word_1_173' title='bbox 1425 1649 1530 1669; x_wconf 52' lang='lat' dir='ltr'><em>numina</em></span> <span class='ocrx_word' id='word_1_174' title='bbox 1572 1654 1639 1671; x_wconf 59' lang='lat' dir='ltr'><em>nm.</em></span> <span class='ocrx_word' id='word_1_175' title='bbox 1657 1657 1690 1671; x_wconf 58' lang='lat' dir='ltr'><em>m.</em></span> <span class='ocrx_word' id='word_1_176' title='bbox 1709 1653 1779 1671; x_wconf 58' lang='lat' dir='ltr'>omns.</span> <span class='ocrx_word' id='word_1_177' title='bbox 1796 1658 1848 1671; x_wconf 65' lang='lat' dir='ltr'><em>em,</em></span> 
     </span>
    </p>
   </div>
   <div class='ocr_carea' id='block_1_4' title="bbox 292 1688 1869 1715">
    <p class='ocr_par' dir='ltr' id='par_1_5' title="bbox 292 1688 1869 1715">
     <span class='ocr_line' id='line_1_22' title="bbox 292 1688 1869 1715; baseline 0.003 -7"><span class='ocrx_word' id='word_1_178' title='bbox 292 1697 294 1699; x_wconf 96' lang='lat'>·</span> <span class='ocrx_word' id='word_1_179' title='bbox 331 1688 339 1708; x_wconf 90' lang='lat' dir='ltr'><em>l</em></span> <span class='ocrx_word' id='word_1_180' title='bbox 357 1689 402 1713; x_wconf 80' lang='lat' dir='ltr'><em>Qui</em></span> <span class='ocrx_word' id='word_1_181' title='bbox 424 1691 618 1712; x_wconf 72' lang='lat' dir='ltr'><em>procurationem</em></span> <span class='ocrx_word' id='word_1_182' title='bbox 641 1690 678 1709; x_wconf 85' lang='lat' dir='ltr'><em>dis</em></span> <span class='ocrx_word' id='word_1_183' title='bbox 701 1690 813 1709; x_wconf 78' lang='lat' dir='ltr'><em>attribuit</em></span> <span class='ocrx_word' id='word_1_184' title='bbox 834 1690 931 1714; x_wconf 70' lang='lat' dir='ltr'><em>mnndi,</em></span> <span class='ocrx_word' id='word_1_185' title='bbox 955 1690 1002 1710; x_wconf 78' lang='lat' dir='ltr'><em>sihi</em></span> <span class='ocrx_word' id='word_1_186' title='bbox 1025 1691 1105 1715; x_wconf 75' lang='lat' dir='ltr'><em>ipsum</em></span> <span class='ocrx_word' id='word_1_187' title='bbox 1192 1691 1215 1709; x_wconf 77' lang='lat' dir='ltr'><em>ot</em></span> <span class='ocrx_word' id='word_1_188' title='bbox 1230 1691 1337 1710; x_wconf 73' lang='lat' dir='ltr'><em>tonitrua</em></span> <span class='ocrx_word' id='word_1_189' title='bbox 1353 1691 1412 1710; x_wconf 70' lang='lat' dir='ltr'><em>fleri.</em></span> <span class='ocrx_word' id='word_1_190' title='bbox 1465 1711 1468 1714; x_wconf 75' lang='grc'>,</span> <span class='ocrx_word' id='word_1_191' title='bbox 1528 1695 1554 1712; x_wconf 73' lang='lat'><em>25</em></span> <span class='ocrx_word' id='word_1_192' title='bbox 1568 1694 1694 1712; x_wconf 71' lang='lat' dir='ltr'><em>Pestilentia</em></span> <span class='ocrx_word' id='word_1_193' title='bbox 1711 1694 1767 1712; x_wconf 78' lang='lat' dir='ltr'><em>unde</em></span> <span class='ocrx_word' id='word_1_194' title='bbox 1783 1696 1869 1712; x_wconf 71' lang='lat' dir='ltr'><em>crs-tur</em></span> 
     </span>
    </p>
   </div>
   <div class='ocr_carea' id='block_1_5' title="bbox 317 1730 2001 2125">
    <p class='ocr_par' dir='ltr' id='par_1_6' title="bbox 317 1730 2001 2125">
     <span class='ocr_line' id='line_1_23' title="bbox 357 1730 2001 1762; baseline 0.001 -13"><span class='ocrx_word' id='word_1_195' title='bbox 357 1731 386 1750; x_wconf 76' lang='lat' dir='ltr'><em>de</em></span> <span class='ocrx_word' id='word_1_196' title='bbox 402 1731 440 1749; x_wconf 84' lang='lat' dir='ltr'><em>dis</em></span> <span class='ocrx_word' id='word_1_197' title='bbox 457 1730 637 1750; x_wconf 73' lang='lat' dir='ltr'><em>immortalibus</em></span> <span class='ocrx_word' id='word_1_198' title='bbox 652 1731 832 1751; x_wconf 77' lang='lat' dir='ltr'><em>sollicitudines</em></span> <span class='ocrx_word' id='word_1_199' title='bbox 848 1731 1002 1751; x_wconf 77' lang='lat' dir='ltr'><em>constituero.</em></span> <span class='ocrx_word' id='word_1_200' title='bbox 1193 1731 1227 1751; x_wconf 76' lang='lat' dir='ltr'><em>De</em></span> <span class='ocrx_word' id='word_1_201' title='bbox 1243 1732 1356 1751; x_wconf 75' lang='lat' dir='ltr'><em>nubibus.</em></span> <span class='ocrx_word' id='word_1_202' title='bbox 1523 1757 1530 1762; x_wconf 51' lang='lat'><strong>.</strong></span> <span class='ocrx_word' id='word_1_203' title='bbox 1568 1735 1602 1750; x_wconf 75' lang='lat' dir='ltr'><em>DE</em></span> <span class='ocrx_word' id='word_1_204' title='bbox 1616 1735 1789 1752; x_wconf 51' lang='lat' dir='ltr'><em>Pnsrnlmwrm</em></span> <span class='ocrx_word' id='word_1_205' title='bbox 1799 1735 2001 1752; x_wconf 62' lang='lat' dir='ltr'><em>Awnmxmnsnm.</em></span> 
     </span>
     <span class='ocr_line' id='line_1_24' title="bbox 357 1771 1430 1797; baseline 0.002 -6"><span class='ocrx_word' id='word_1_206' title='bbox 357 1772 390 1791; x_wconf 77' lang='lat' dir='ltr'><em>De</em></span> <span class='ocrx_word' id='word_1_207' title='bbox 406 1771 505 1791; x_wconf 75' lang='lat' dir='ltr'><em>tonitru.</em></span> <span class='ocrx_word' id='word_1_208' title='bbox 1151 1771 1178 1792; x_wconf 81' lang='lat'><em>15</em></span> <span class='ocrx_word' id='word_1_209' title='bbox 1193 1772 1323 1797; x_wconf 74' lang='lat' dir='ltr'><em>Spiracula</em></span> <span class='ocrx_word' id='word_1_210' title='bbox 1338 1773 1430 1794; x_wconf 78' lang='lat' dir='ltr'><em>mundi.</em></span> 
     </span>
     <span class='ocr_line' id='line_1_25' title="bbox 358 1813 1370 1839; baseline 0.001 -7"><span class='ocrx_word' id='word_1_211' title='bbox 358 1813 391 1832; x_wconf 84' lang='lat' dir='ltr'><em>De</em></span> <span class='ocrx_word' id='word_1_212' title='bbox 408 1813 512 1837; x_wconf 77' lang='lat' dir='ltr'><em>fulgure.</em></span> <span class='ocrx_word' id='word_1_213' title='bbox 542 1817 567 1834; x_wconf 82' lang='lat' dir='ltr'><em>ln</em></span> <span class='ocrx_word' id='word_1_214' title='bbox 582 1817 644 1838; x_wconf 65' lang='lat' dir='ltr'><em>syr-ln</em></span> <span class='ocrx_word' id='word_1_215' title='bbox 656 1816 805 1839; x_wconf 70' lang='lat' dir='ltr'><em>quadripedis.</em></span> <span class='ocrx_word' id='word_1_216' title='bbox 1194 1814 1228 1834; x_wconf 86' lang='lat' dir='ltr'><em>Ds</em></span> <span class='ocrx_word' id='word_1_217' title='bbox 1243 1814 1370 1835; x_wconf 76' lang='lat' dir='ltr'><em>imbribus.</em></span> 
     </span>
     <span class='ocr_line' id='line_1_26' title="bbox 330 1854 1325 1881; baseline 0.001 -7"><span class='ocrx_word' id='word_1_218' title='bbox 330 1854 342 1873; x_wconf 81' lang='lat'><strong>5</strong></span> <span class='ocrx_word' id='word_1_219' title='bbox 359 1855 386 1874; x_wconf 85' lang='lat' dir='ltr'><em>ln</em></span> <span class='ocrx_word' id='word_1_220' title='bbox 402 1854 508 1874; x_wconf 83' lang='lat' dir='ltr'><em>nubibus</em></span> <span class='ocrx_word' id='word_1_221' title='bbox 524 1854 626 1874; x_wconf 77' lang='lat' dir='ltr'><em>seminet</em></span> <span class='ocrx_word' id='word_1_222' title='bbox 646 1859 690 1876; x_wconf 78' lang='lat' dir='ltr'><em>Cur</em></span> <span class='ocrx_word' id='word_1_223' title='bbox 703 1863 759 1881; x_wconf 71' lang='lat' dir='ltr'><em>nqun</em></span> <span class='ocrx_word' id='word_1_224' title='bbox 772 1859 794 1876; x_wconf 84' lang='lat' dir='ltr'><em>ln</em></span> <span class='ocrx_word' id='word_1_225' title='bbox 807 1859 878 1881; x_wconf 72' lang='lat' dir='ltr'><em>puteis</em></span> <span class='ocrx_word' id='word_1_226' title='bbox 892 1858 990 1880; x_wconf 73' lang='lat' dir='ltr'><em>fflgldlor</em></span> <span class='ocrx_word' id='word_1_227' title='bbox 1193 1856 1227 1875; x_wconf 83' lang='lat' dir='ltr'><em>De</em></span> <span class='ocrx_word' id='word_1_228' title='bbox 1243 1861 1325 1881; x_wconf 79' lang='lat' dir='ltr'><em>nrquo.</em></span> 
     </span>
     <span class='ocr_line' id='line_1_27' title="bbox 358 1896 1394 1920; baseline 0.001 -5"><span class='ocrx_word' id='word_1_229' title='bbox 358 1896 426 1920; x_wconf 74' lang='lat' dir='ltr'><em>ignes</em></span> <span class='ocrx_word' id='word_1_230' title='bbox 443 1896 528 1915; x_wconf 80' lang='lat' dir='ltr'><em>inesse.</em></span> <span class='ocrx_word' id='word_1_231' title='bbox 550 1899 579 1917; x_wconf 71' lang='lat' dir='ltr'><em>»lt</em></span> <span class='ocrx_word' id='word_1_232' title='bbox 591 1901 679 1918; x_wconf 68' lang='lat' dir='ltr'><em>aestate.</em></span> <span class='ocrx_word' id='word_1_233' title='bbox 1194 1897 1228 1917; x_wconf 80' lang='lat' dir='ltr'><em>De</em></span> <span class='ocrx_word' id='word_1_234' title='bbox 1243 1898 1306 1917; x_wconf 81' lang='lat' dir='ltr'><em>terre</em></span> <span class='ocrx_word' id='word_1_235' title='bbox 1321 1898 1394 1917; x_wconf 80' lang='lat' dir='ltr'><em>motu.</em></span> 
     </span>
     <span class='ocr_line' id='line_1_28' title="bbox 360 1937 1577 1963; baseline 0.001 -6"><span class='ocrx_word' id='word_1_236' title='bbox 360 1937 392 1956; x_wconf 77' lang='lat' dir='ltr'><em>De</em></span> <span class='ocrx_word' id='word_1_237' title='bbox 409 1937 519 1956; x_wconf 74' lang='lat' dir='ltr'><em>fulmins.</em></span> <span class='ocrx_word' id='word_1_238' title='bbox 543 1941 574 1958; x_wconf 80' lang='lat' dir='ltr'><em>De</em></span> <span class='ocrx_word' id='word_1_239' title='bbox 588 1941 647 1958; x_wconf 76' lang='lat' dir='ltr'><em>fonte</em></span> <span class='ocrx_word' id='word_1_240' title='bbox 659 1941 684 1958; x_wconf 80' lang='lat' dir='ltr'><em>nu</em></span> <span class='ocrx_word' id='word_1_241' title='bbox 699 1941 832 1959; x_wconf 73' lang='lat' dir='ltr'><em>llammonls.</em></span> <span class='ocrx_word' id='word_1_242' title='bbox 1194 1938 1272 1963; x_wconf 73' lang='lat' dir='ltr'><em>Quare</em></span> <span class='ocrx_word' id='word_1_243' title='bbox 1287 1944 1352 1958; x_wconf 74' lang='lat' dir='ltr'><em>mare</em></span> <span class='ocrx_word' id='word_1_244' title='bbox 1368 1938 1447 1958; x_wconf 71' lang='lat' dir='ltr'><em>maius</em></span> <span class='ocrx_word' id='word_1_245' title='bbox 1462 1943 1511 1958; x_wconf 88' lang='lat' dir='ltr'><em>non</em></span> <span class='ocrx_word' id='word_1_246' title='bbox 1527 1938 1577 1958; x_wconf 79' lang='lat' dir='ltr'><em>flat.</em></span> 
     </span>
     <span class='ocr_line' id='line_1_29' title="bbox 361 1978 1328 2004; baseline 0.001 -6"><span class='ocrx_word' id='word_1_247' title='bbox 361 1979 427 2003; x_wconf 74' lang='lat' dir='ltr'><em>Ignis</em></span> <span class='ocrx_word' id='word_1_248' title='bbox 443 1984 471 1998; x_wconf 76' lang='lat' dir='ltr'><em>ox</em></span> <span class='ocrx_word' id='word_1_249' title='bbox 489 1978 592 1998; x_wconf 75' lang='lat' dir='ltr'><em>fulmine</em></span> <span class='ocrx_word' id='word_1_250' title='bbox 607 1980 700 1998; x_wconf 61' lang='lat' dir='ltr'><em>nutura,</em></span> <span class='ocrx_word' id='word_1_251' title='bbox 724 1983 748 1999; x_wconf 83' lang='lat' dir='ltr'><em>In</em></span> <span class='ocrx_word' id='word_1_252' title='bbox 761 1987 818 2004; x_wconf 72' lang='lat' dir='ltr'><em>aqna</em></span> <span class='ocrx_word' id='word_1_253' title='bbox 831 1983 914 2001; x_wconf 66' lang='lat' dir='ltr'><em>merlam</em></span> <span class='ocrx_word' id='word_1_254' title='bbox 926 1983 1010 2001; x_wconf 65' lang='lat' dir='ltr'><em>ardere.</em></span> <span class='ocrx_word' id='word_1_255' title='bbox 1151 1979 1181 1999; x_wconf 84' lang='lat'><em>20</em></span> <span class='ocrx_word' id='word_1_256' title='bbox 1192 1979 1227 1999; x_wconf 83' lang='lat' dir='ltr'><em>Dc</em></span> <span class='ocrx_word' id='word_1_257' title='bbox 1243 1980 1328 1999; x_wconf 74' lang='lat' dir='ltr'><em>Aetna.</em></span> 
     </span>
     <span class='ocr_line' id='line_1_30' title="bbox 358 2019 1396 2042; baseline 0.001 -4"><span class='ocrx_word' id='word_1_258' title='bbox 358 2019 471 2039; x_wconf 73' lang='lat' dir='ltr'><em>Fulmina</em></span> <span class='ocrx_word' id='word_1_259' title='bbox 486 2020 511 2039; x_wconf 88' lang='lat' dir='ltr'><em>in</em></span> <span class='ocrx_word' id='word_1_260' title='bbox 527 2019 690 2040; x_wconf 76' lang='lat' dir='ltr'><em>crassioribus</em></span> <span class='ocrx_word' id='word_1_261' title='bbox 713 2024 744 2041; x_wconf 74' lang='lat' dir='ltr'><em>De</em></span> <span class='ocrx_word' id='word_1_262' title='bbox 758 2025 816 2042; x_wconf 66' lang='lat' dir='ltr'><em>sonte</em></span> <span class='ocrx_word' id='word_1_263' title='bbox 830 2024 898 2042; x_wconf 75' lang='lat' dir='ltr'><em>Aradi</em></span> <span class='ocrx_word' id='word_1_264' title='bbox 911 2025 932 2042; x_wconf 86' lang='lat' dir='ltr'><em>in</em></span> <span class='ocrx_word' id='word_1_265' title='bbox 946 2029 1011 2042; x_wconf 71' lang='lat' dir='ltr'><em>maro.</em></span> <span class='ocrx_word' id='word_1_266' title='bbox 1194 2021 1228 2040; x_wconf 79' lang='lat' dir='ltr'><em>De</em></span> <span class='ocrx_word' id='word_1_267' title='bbox 1242 2020 1298 2041; x_wconf 85' lang='lat' dir='ltr'><em>Nilo</em></span> <span class='ocrx_word' id='word_1_268' title='bbox 1315 2020 1396 2040; x_wconf 83' lang='lat' dir='ltr'><em>fluvio.</em></span> 
     </span>
     <span class='ocr_line' id='line_1_31' title="bbox 317 2060 1413 2088; baseline 0.004 -8"><span class='ocrx_word' id='word_1_269' title='bbox 317 2060 345 2081; x_wconf 77' lang='lat' dir='ltr'><em>lo</em></span> <span class='ocrx_word' id='word_1_270' title='bbox 361 2061 468 2081; x_wconf 71' lang='lat' dir='ltr'><em>nubibus</em></span> <span class='ocrx_word' id='word_1_271' title='bbox 484 2063 507 2081; x_wconf 82' lang='lat' dir='ltr'><em>et</em></span> <span class='ocrx_word' id='word_1_272' title='bbox 522 2062 571 2081; x_wconf 80' lang='lat' dir='ltr'><em>alte</em></span> <span class='ocrx_word' id='word_1_273' title='bbox 587 2062 663 2086; x_wconf 65' lang='lat' dir='ltr'><em>gigni·</em></span> <span class='ocrx_word' id='word_1_274' title='bbox 686 2067 717 2083; x_wconf 75' lang='lat' dir='ltr'><em>De</em></span> <span class='ocrx_word' id='word_1_275' title='bbox 729 2066 802 2087; x_wconf 72' lang='lat' dir='ltr'><em>lupulo</em></span> <span class='ocrx_word' id='word_1_276' title='bbox 814 2068 919 2088; x_wconf 74' lang='lat' dir='ltr'><em>magnete.</em></span> <span class='ocrx_word' id='word_1_277' title='bbox 1194 2062 1227 2081; x_wconf 77' lang='lat' dir='ltr'><em>De</em></span> <span class='ocrx_word' id='word_1_278' title='bbox 1243 2062 1299 2082; x_wconf 81' lang='lat' dir='ltr'><em>lncu</em></span> <span class='ocrx_word' id='word_1_279' title='bbox 1316 2062 1413 2082; x_wconf 72' lang='lat' dir='ltr'><em>Averni-</em></span> 
     </span>
     <span class='ocr_line' id='line_1_32' title="bbox 360 2101 1731 2125; baseline 0 -3"><span class='ocrx_word' id='word_1_280' title='bbox 360 2103 393 2123; x_wconf 83' lang='lat' dir='ltr'><em>De</em></span> <span class='ocrx_word' id='word_1_281' title='bbox 413 2103 543 2122; x_wconf 80' lang='lat' dir='ltr'><em>tonitribus</em></span> <span class='ocrx_word' id='word_1_282' title='bbox 562 2104 584 2122; x_wconf 86' lang='lat' dir='ltr'><em>ot</em></span> <span class='ocrx_word' id='word_1_283' title='bbox 602 2104 664 2122; x_wconf 76' lang='lat' dir='ltr'><em>terre</em></span> <span class='ocrx_word' id='word_1_284' title='bbox 682 2104 756 2123; x_wconf 83' lang='lat' dir='ltr'><em>motu.</em></span> <span class='ocrx_word' id='word_1_285' title='bbox 778 2107 855 2124; x_wconf 69' lang='lat' dir='ltr'><em>Pluere</em></span> <span class='ocrx_word' id='word_1_286' title='bbox 872 2107 899 2124; x_wconf 66' lang='lat' dir='ltr'><em>ab</em></span> <span class='ocrx_word' id='word_1_287' title='bbox 914 2107 1014 2125; x_wconf 68' lang='lat' dir='ltr'><em>omnihus</em></span> <span class='ocrx_word' id='word_1_288' title='bbox 1032 2107 1104 2125; x_wconf 75' lang='lat' dir='ltr'><em>rebus.</em></span> <span class='ocrx_word' id='word_1_289' title='bbox 1193 2103 1302 2123; x_wconf 75' lang='lat' dir='ltr'><em>Cornicis</em></span> <span class='ocrx_word' id='word_1_290' title='bbox 1318 2103 1420 2123; x_wconf 78' lang='lat' dir='ltr'><em>Athenis</em></span> <span class='ocrx_word' id='word_1_291' title='bbox 1435 2102 1519 2122; x_wconf 78' lang='lat' dir='ltr'><em>nedem</em></span> <span class='ocrx_word' id='word_1_292' title='bbox 1534 2101 1640 2122; x_wconf 66' lang='lat' dir='ltr'><em>Minerva</em></span> <span class='ocrx_word' id='word_1_293' title='bbox 1655 2107 1704 2122; x_wconf 86' lang='lat' dir='ltr'><em>non</em></span> <span class='ocrx_word' id='word_1_294' title='bbox 1718 2106 1731 2122; x_wconf 78' lang='lat' dir='ltr'><em>e</em></span> 
     </span>
    </p>
   </div>
   <div class='ocr_carea' id='block_1_6' title="bbox 425 2195 1889 2984">
    <p class='ocr_par' dir='ltr' id='par_1_7' title="bbox 425 2195 1889 2984">
     <span class='ocr_line' id='line_1_33' title="bbox 438 2195 1888 2238; baseline -0.001 -1"><span class='ocrx_word' id='word_1_295' title='bbox 438 2196 533 2237; x_wconf 85' lang='lat' dir='ltr'><em>libri</em></span> <span class='ocrx_word' id='word_1_296' title='bbox 569 2196 675 2237; x_wconf 83' lang='lat' dir='ltr'><em>sexti</em></span> <span class='ocrx_word' id='word_1_297' title='bbox 711 2196 903 2238; x_wconf 88' lang='lat' dir='ltr'><em>versibus</em></span> <span class='ocrx_word' id='word_1_298' title='bbox 941 2196 995 2237; x_wconf 89' lang='lat' dir='ltr'><em>ab</em></span> <span class='ocrx_word' id='word_1_299' title='bbox 1034 2196 1152 2237; x_wconf 90' lang='lat' dir='ltr'><em>initio</em></span> <span class='ocrx_word' id='word_1_300' title='bbox 1182 2210 1416 2236; x_wconf 81' lang='lat' dir='ltr'><em>Dcccxxxlx</em></span> <span class='ocrx_word' id='word_1_301' title='bbox 1453 2195 1756 2237; x_wconf 84' lang='lat' dir='ltr'><em>adnumerandi</em></span> <span class='ocrx_word' id='word_1_302' title='bbox 1791 2199 1888 2237; x_wconf 90' lang='lat' dir='ltr'><em>sunt</em></span> 
     </span>
     <span class='ocr_line' id='line_1_34' title="bbox 438 2261 1887 2317; baseline -0.001 -13"><span class='ocrx_word' id='word_1_303' title='bbox 438 2264 545 2304; x_wconf 86' lang='lat' dir='ltr'><em>tituli</em></span> <span class='ocrx_word' id='word_1_304' title='bbox 578 2277 674 2314; x_wconf 74' lang='lat' dir='ltr'><em>xm,</em></span> <span class='ocrx_word' id='word_1_305' title='bbox 705 2262 809 2304; x_wconf 91' lang='lat' dir='ltr'><em>fiunt</em></span> <span class='ocrx_word' id='word_1_306' title='bbox 842 2277 1076 2304; x_wconf 74' lang='lat' dir='ltr'><em>ncccnvm:</em></span> <span class='ocrx_word' id='word_1_307' title='bbox 1115 2275 1192 2304; x_wconf 89' lang='lat' dir='ltr'><em>eae</em></span> <span class='ocrx_word' id='word_1_308' title='bbox 1221 2267 1316 2305; x_wconf 89' lang='lat' dir='ltr'><em>sunt</em></span> <span class='ocrx_word' id='word_1_309' title='bbox 1345 2262 1528 2317; x_wconf 87' lang='lat' dir='ltr'><em>paginae</em></span> <span class='ocrx_word' id='word_1_310' title='bbox 1557 2276 1733 2314; x_wconf 53' lang='lat' dir='ltr'><em>xxxm„</em></span> <span class='ocrx_word' id='word_1_311' title='bbox 1754 2261 1820 2303; x_wconf 88' lang='lat' dir='ltr'><em>his</em></span> <span class='ocrx_word' id='word_1_312' title='bbox 1851 2263 1887 2304; x_wconf 89' lang='lat' dir='ltr'><em>si</em></span> 
     </span>
     <span class='ocr_line' id='line_1_35' title="bbox 438 2328 1885 2384; baseline -0.001 -14"><span class='ocrx_word' id='word_1_313' title='bbox 438 2330 534 2371; x_wconf 87' lang='lat' dir='ltr'><em>illas</em></span> <span class='ocrx_word' id='word_1_314' title='bbox 562 2344 634 2370; x_wconf 72' lang='lat' dir='ltr'><em>mx</em></span> <span class='ocrx_word' id='word_1_315' title='bbox 665 2330 871 2384; x_wconf 86' lang='lat' dir='ltr'><em>paginas,</em></span> <span class='ocrx_word' id='word_1_316' title='bbox 904 2343 1012 2384; x_wconf 91' lang='lat' dir='ltr'><em>quae</em></span> <span class='ocrx_word' id='word_1_317' title='bbox 1042 2334 1162 2372; x_wconf 90' lang='lat' dir='ltr'><em>erant</em></span> <span class='ocrx_word' id='word_1_318' title='bbox 1191 2330 1284 2372; x_wconf 86' lang='lat' dir='ltr'><em>libri</em></span> <span class='ocrx_word' id='word_1_319' title='bbox 1317 2330 1450 2384; x_wconf 90' lang='lat' dir='ltr'><em>quinti</em></span> <span class='ocrx_word' id='word_1_320' title='bbox 1481 2341 1607 2383; x_wconf 88' lang='lat' dir='ltr'><em>pars,</em></span> <span class='ocrx_word' id='word_1_321' title='bbox 1645 2328 1885 2383; x_wconf 86' lang='lat' dir='ltr'><em>addideris,</em></span> 
     </span>
     <span class='ocr_line' id='line_1_36' title="bbox 438 2396 1888 2451; baseline -0.001 -13"><span class='ocrx_word' id='word_1_322' title='bbox 438 2396 601 2438; x_wconf 82' lang='lat' dir='ltr'><em>videbis</em></span> <span class='ocrx_word' id='word_1_323' title='bbox 632 2396 685 2437; x_wconf 85' lang='lat' dir='ltr'><em>ab</em></span> <span class='ocrx_word' id='word_1_324' title='bbox 716 2397 795 2438; x_wconf 85' lang='lat' dir='ltr'><em>hoc</em></span> <span class='ocrx_word' id='word_1_325' title='bbox 825 2397 1008 2451; x_wconf 82' lang='lat' dir='ltr'><em>capitulo</em></span> <span class='ocrx_word' id='word_1_326' title='bbox 1040 2397 1151 2450; x_wconf 88' lang='lat' dir='ltr'><em>quod</em></span> <span class='ocrx_word' id='word_1_327' title='bbox 1183 2400 1245 2438; x_wconf 82' lang='lat' dir='ltr'><em>est</em></span> <span class='ocrx_word' id='word_1_328' title='bbox 1266 2397 1350 2438; x_wconf 75' lang='lat' dir='ltr'><em>Cur</em></span> <span class='ocrx_word' id='word_1_329' title='bbox 1380 2412 1491 2451; x_wconf 79' lang='lat' dir='ltr'><em>aqua</em></span> <span class='ocrx_word' id='word_1_330' title='bbox 1511 2397 1555 2437; x_wconf 75' lang='lat' dir='ltr'><em>in</em></span> <span class='ocrx_word' id='word_1_331' title='bbox 1580 2396 1718 2450; x_wconf 72' lang='lat' dir='ltr'><em>puteis</em></span> <span class='ocrx_word' id='word_1_332' title='bbox 1737 2403 1888 2437; x_wconf 70' lang='lat' dir='ltr'><em>aestate</em></span> 
     </span>
     <span class='ocr_line' id='line_1_37' title="bbox 425 2461 1887 2519; baseline -0.002 -14"><span class='ocrx_word' id='word_1_333' title='bbox 425 2462 638 2519; x_wconf 64' lang='lat' dir='ltr'><em>friqz‘dz’or</em></span> <span class='ocrx_word' id='word_1_334' title='bbox 665 2465 719 2504; x_wconf 77' lang='lat' dir='ltr'><em>sit</em></span> <span class='ocrx_word' id='word_1_335' title='bbox 738 2463 902 2504; x_wconf 89' lang='lat' dir='ltr'><em>initium</em></span> <span class='ocrx_word' id='word_1_336' title='bbox 924 2476 1073 2518; x_wconf 83' lang='lat' dir='ltr'><em>capere</em></span> <span class='ocrx_word' id='word_1_337' title='bbox 1094 2464 1291 2518; x_wconf 89' lang='lat' dir='ltr'><em>paginam</em></span> <span class='ocrx_word' id='word_1_338' title='bbox 1313 2461 1702 2515; x_wconf 85' lang='lat' dir='ltr'><em>quinquagesimam</em></span> <span class='ocrx_word' id='word_1_339' title='bbox 1723 2462 1887 2503; x_wconf 84' lang='lat' dir='ltr'><em>tertiam</em></span> 
     </span>
     <span class='ocr_line' id='line_1_38' title="bbox 438 2527 1888 2583; baseline -0.001 -11"><span class='ocrx_word' id='word_1_340' title='bbox 438 2531 527 2572; x_wconf 85' lang='lat' dir='ltr'><em>sive</em></span> <span class='ocrx_word' id='word_1_341' title='bbox 557 2529 755 2572; x_wconf 88' lang='lat' dir='ltr'><em>schedam</em></span> <span class='ocrx_word' id='word_1_342' title='bbox 785 2544 929 2571; x_wconf 85' lang='lat' dir='ltr'><em>xxvn.</em></span> <span class='ocrx_word' id='word_1_343' title='bbox 961 2530 1028 2571; x_wconf 88' lang='lat' dir='ltr'><em>hic</em></span> <span class='ocrx_word' id='word_1_344' title='bbox 1058 2530 1243 2571; x_wconf 90' lang='lat' dir='ltr'><em>calculus</em></span> <span class='ocrx_word' id='word_1_345' title='bbox 1273 2528 1482 2570; x_wconf 89' lang='lat' dir='ltr'><em>ineundus</em></span> <span class='ocrx_word' id='word_1_346' title='bbox 1510 2527 1614 2582; x_wconf 88' lang='lat' dir='ltr'><em>fuit,</em></span> <span class='ocrx_word' id='word_1_347' title='bbox 1645 2532 1690 2570; x_wconf 89' lang='lat' dir='ltr'><em>ut</em></span> <span class='ocrx_word' id='word_1_348' title='bbox 1710 2541 1888 2583; x_wconf 86' lang='lat' dir='ltr'><em>appare-</em></span> 
     </span>
     <span class='ocr_line' id='line_1_39' title="bbox 438 2595 1886 2650; baseline -0.001 -12"><span class='ocrx_word' id='word_1_349' title='bbox 438 2601 500 2638; x_wconf 86' lang='lat' dir='ltr'><em>ret</em></span> <span class='ocrx_word' id='word_1_350' title='bbox 530 2596 633 2638; x_wconf 83' lang='lat' dir='ltr'><em>nihil</em></span> <span class='ocrx_word' id='word_1_351' title='bbox 665 2596 832 2638; x_wconf 86' lang='lat' dir='ltr'><em>obstare</em></span> <span class='ocrx_word' id='word_1_352' title='bbox 861 2610 944 2650; x_wconf 89' lang='lat' dir='ltr'><em>quo</em></span> <span class='ocrx_word' id='word_1_353' title='bbox 975 2597 1111 2638; x_wconf 91' lang='lat' dir='ltr'><em>minus</em></span> <span class='ocrx_word' id='word_1_354' title='bbox 1141 2596 1208 2638; x_wconf 89' lang='lat' dir='ltr'><em>hic</em></span> <span class='ocrx_word' id='word_1_355' title='bbox 1239 2595 1395 2637; x_wconf 88' lang='lat' dir='ltr'><em>scheda</em></span> <span class='ocrx_word' id='word_1_356' title='bbox 1425 2595 1571 2648; x_wconf 90' lang='lat' dir='ltr'><em>aliqua</em></span> <span class='ocrx_word' id='word_1_357' title='bbox 1601 2606 1653 2638; x_wconf 86' lang='lat' dir='ltr'><em>ex</em></span> <span class='ocrx_word' id='word_1_358' title='bbox 1674 2595 1816 2637; x_wconf 91' lang='lat' dir='ltr'><em>codice</em></span> <span class='ocrx_word' id='word_1_359' title='bbox 1837 2608 1886 2637; x_wconf 90' lang='lat' dir='ltr'><em>eo</em></span> 
     </span>
     <span class='ocr_line' id='line_1_40' title="bbox 439 2662 1887 2718; baseline -0.002 -12"><span class='ocrx_word' id='word_1_360' title='bbox 439 2665 508 2717; x_wconf 94' lang='lat' dir='ltr'><em>qui</em></span> <span class='ocrx_word' id='word_1_361' title='bbox 538 2668 773 2706; x_wconf 89' lang='lat' dir='ltr'><em>nostrorum</em></span> <span class='ocrx_word' id='word_1_362' title='bbox 804 2677 958 2718; x_wconf 88' lang='lat' dir='ltr'><em>parens</em></span> <span class='ocrx_word' id='word_1_363' title='bbox 989 2667 1052 2706; x_wconf 87' lang='lat' dir='ltr'><em>est</em></span> <span class='ocrx_word' id='word_1_364' title='bbox 1071 2663 1277 2706; x_wconf 83' lang='lat' dir='ltr'><em>excidisse</em></span> <span class='ocrx_word' id='word_1_365' title='bbox 1309 2662 1592 2704; x_wconf 86' lang='lat' dir='ltr'><em>existimetur.</em></span> <span class='ocrx_word' id='word_1_366' title='bbox 1615 2662 1719 2704; x_wconf 88' lang='lat' dir='ltr'><em>satis</em></span> <span class='ocrx_word' id='word_1_367' title='bbox 1748 2666 1887 2704; x_wconf 88' lang='lat' dir='ltr'><em>autem</em></span> 
     </span>
     <span class='ocr_line' id='line_1_41' title="bbox 439 2728 1887 2782; baseline -0.001 -10"><span class='ocrx_word' id='word_1_368' title='bbox 439 2743 594 2772; x_wconf 89' lang='lat' dir='ltr'><em>causae</em></span> <span class='ocrx_word' id='word_1_369' title='bbox 634 2743 728 2772; x_wconf 89' lang='lat' dir='ltr'><em>esse</em></span> <span class='ocrx_word' id='word_1_370' title='bbox 765 2743 836 2772; x_wconf 92' lang='lat' dir='ltr'><em>cur</em></span> <span class='ocrx_word' id='word_1_371' title='bbox 872 2731 937 2772; x_wconf 89' lang='lat' dir='ltr'><em>hic</em></span> <span class='ocrx_word' id='word_1_372' title='bbox 966 2731 1094 2773; x_wconf 89' lang='lat' dir='ltr'><em>lector</em></span> <span class='ocrx_word' id='word_1_373' title='bbox 1131 2729 1359 2771; x_wconf 89' lang='lat' dir='ltr'><em>editoribus</em></span> <span class='ocrx_word' id='word_1_374' title='bbox 1391 2728 1571 2770; x_wconf 85' lang='lat' dir='ltr'><em>Lucretii</em></span> <span class='ocrx_word' id='word_1_375' title='bbox 1601 2729 1727 2782; x_wconf 88' lang='lat' dir='ltr'><em>paulo</em></span> <span class='ocrx_word' id='word_1_376' title='bbox 1757 2732 1887 2770; x_wconf 89' lang='lat' dir='ltr'><em>atten-</em></span> 
     </span>
     <span class='ocr_line' id='line_1_42' title="bbox 437 2795 1889 2852; baseline -0.001 -14"><span class='ocrx_word' id='word_1_377' title='bbox 437 2798 519 2838; x_wconf 90' lang='lat' dir='ltr'><em>tior</em></span> <span class='ocrx_word' id='word_1_378' title='bbox 548 2798 747 2852; x_wconf 89' lang='lat' dir='ltr'><em>haereat,</em></span> <span class='ocrx_word' id='word_1_379' title='bbox 780 2797 1058 2840; x_wconf 88' lang='lat' dir='ltr'><em>demonstrari</em></span> <span class='ocrx_word' id='word_1_380' title='bbox 1089 2796 1286 2838; x_wconf 85' lang='lat' dir='ltr'><em>facillime</em></span> <span class='ocrx_word' id='word_1_381' title='bbox 1316 2799 1480 2850; x_wconf 89' lang='lat' dir='ltr'><em>potest:</em></span> <span class='ocrx_word' id='word_1_382' title='bbox 1511 2808 1619 2836; x_wconf 87' lang='lat' dir='ltr'><em>nam·</em></span> <span class='ocrx_word' id='word_1_383' title='bbox 1637 2807 1773 2849; x_wconf 85' lang='lat' dir='ltr'><em>neque</em></span> <span class='ocrx_word' id='word_1_384' title='bbox 1794 2795 1889 2849; x_wconf 88' lang='lat' dir='ltr'><em>ipsa</em></span> 
     </span>
     <span class='ocr_line' id='line_1_43' title="bbox 439 2860 1887 2919; baseline -0.002 -15"><span class='ocrx_word' id='word_1_385' title='bbox 439 2878 505 2905; x_wconf 89' lang='lat' dir='ltr'><em>res</em></span> <span class='ocrx_word' id='word_1_386' title='bbox 551 2878 675 2918; x_wconf 91' lang='lat' dir='ltr'><em>quam</em></span> <span class='ocrx_word' id='word_1_387' title='bbox 721 2868 846 2919; x_wconf 79' lang='lat' dir='ltr'><em>poeta</em></span> <span class='ocrx_word' id='word_1_388' title='bbox 891 2865 957 2906; x_wconf 90' lang='lat' dir='ltr'><em>hic</em></span> <span class='ocrx_word' id='word_1_389' title='bbox 1002 2863 1138 2916; x_wconf 85' lang='lat' dir='ltr'><em>tangit</em></span> <span class='ocrx_word' id='word_1_390' title='bbox 1180 2863 1282 2904; x_wconf 87' lang='lat' dir='ltr'><em>satis</em></span> <span class='ocrx_word' id='word_1_391' title='bbox 1318 2865 1620 2916; x_wconf 83' lang='lat' dir='ltr'><em>pertractatur,</em></span> <span class='ocrx_word' id='word_1_392' title='bbox 1662 2873 1799 2914; x_wconf 90' lang='lat' dir='ltr'><em>neque</em></span> <span class='ocrx_word' id='word_1_393' title='bbox 1834 2860 1887 2902; x_wconf 77' lang='lat' dir='ltr'><em>ab</em></span> 
     </span>
     <span class='ocr_line' id='line_1_44' title="bbox 440 2927 1885 2984; baseline -0.003 -12"><span class='ocrx_word' id='word_1_394' title='bbox 440 2932 610 2972; x_wconf 82' lang='lat' dir='ltr'><em>Averno</em></span> <span class='ocrx_word' id='word_1_395' title='bbox 637 2931 691 2973; x_wconf 89' lang='lat' dir='ltr'><em>ad</em></span> <span class='ocrx_word' id='word_1_396' title='bbox 723 2931 883 2984; x_wconf 87' lang='lat' dir='ltr'><em>frigora</em></span> <span class='ocrx_word' id='word_1_397' title='bbox 903 2935 944 2973; x_wconf 89' lang='lat' dir='ltr'><em>et</em></span> <span class='ocrx_word' id='word_1_398' title='bbox 964 2931 1127 2972; x_wconf 86' lang='lat' dir='ltr'><em>calores</em></span> <span class='ocrx_word' id='word_1_399' title='bbox 1154 2930 1329 2970; x_wconf 86' lang='lat' dir='ltr'><em>fontium</em></span> <span class='ocrx_word' id='word_1_400' title='bbox 1360 2928 1453 2970; x_wconf 89' lang='lat' dir='ltr'><em>sola</em></span> <span class='ocrx_word' id='word_1_401' title='bbox 1473 2928 1550 2970; x_wconf 90' lang='lat' dir='ltr'><em>hac</em></span> <span class='ocrx_word' id='word_1_402' title='bbox 1571 2927 1885 2979; x_wconf 88' lang='lat' dir='ltr'><em>coniunctione,</em></span> 
     </span>
    </p>
   </div>
  </div>
 </body>
</html>
