2040 3328
953 250 998 293 H
1639 248 1718 290 131

239 371 304 410 est
319 399 329 408 .
351 367 441 408 Hec
481 366 589 422 cepit
620 365 792 408 Corsica
822 365 1054 421 Aleriaque
1093 365 1194 406 urbe
1210 395 1220 406 .
1241 363 1298 405 Et
1334 371 1495 405 tantum
1524 371 1722 404 venerata

237 438 400 489 virum,
423 434 531 476 hunc
560 432 709 476 sedula
739 441 854 476 curet
872 465 881 475 .
905 433 1024 476 Haec
1053 431 1195 476 eadem
1226 440 1322 474 ante
1352 431 1475 473 illam
1506 431 1664 486 ivipune
1686 439 1722 472 et

236 503 393 546 Lesbia
418 502 531 559 fecit
547 534 556 543 .
579 501 614 545 O
648 518 712 544 me
735 501 911 559 felicem
927 534 938 555 ‚
960 517 983 544 ο
1013 517 1099 544 noa:
1134 501 1244 544 milzi
1269 498 1458 543 candida
1474 531 1484 540 .
1506 497 1594 542 Sed
1622 497 1720 540 dum

239 571 378 614 abest.
401 569 587 613 Reddita
612 579 709 612 sunt
736 586 828 612 cum
851 568 976 612 odore
992 601 1002 612 .
1025 578 1136 613 cocto
1167 586 1267 612 num
1296 568 1415 612 adest
1430 600 1439 610 .
1461 567 1583 609 milia
1611 567 1722 608 mili-

238 648 323 682 tum
345 647 432 682 octo
450 671 460 680 .
480 639 594 680 Dum
625 637 793 694 quidem
823 654 933 681 unus
953 638 1070 680 homo
1087 670 1096 680 .
1112 651 1199 680 non
1230 635 1500 693 pronuntiari
1520 638 1662 678 autem
1681 651 1723 677 m

237 707 423 750 litteram
453 706 498 748 in
530 707 622 762 his,
645 707 735 758 Quo
765 723 897 763 usque
927 705 1093 749 tandem
1124 707 1319 760 abutere,
1341 708 1522 748 testatur
1554 704 1722 746 Diome-

238 775 315 819 des
335 789 376 831 p.
393 774 476 817 447
497 807 506 817 .
530 779 572 818 et
604 773 752 818 Velius
780 774 956 829 Longus
986 789 1028 831 p.
1046 775 1158 818 2238
1190 775 1287 817 Non
1319 773 1434 815 nulli
1459 772 1597 826 inquit
1626 788 1722 828 syn-

225 844 436 902 aloephas
466 859 628 901 quoque
657 842 940 886 observandas
976 844 1093 886 circa
1123 842 1247 886 talem
1281 841 1549 897 scriptionem
1581 840 1723 882 existi-

237 921 456 956 maverunt
493 910 620 967 (sicut
657 912 829 954 Verrius
859 912 1059 968 Flaccus)
1091 920 1136 954 ut
1155 944 1167 966 ‚
1194 911 1442 966 ubicumque
1466 909 1614 965 prima
1642 924 1724 951 voce

236 997 279 1024 m
300 981 441 1024 littera
457 981 690 1037 finiretur,
716 995 891 1037 sequens
912 997 938 1022 a
958 980 1100 1023 vocali
1126 980 1353 1036 inciperet,
1374 991 1406 1018 M
1425 993 1508 1020 non
1538 985 1622 1019 tota
1650 976 1726 1020 sed

236 1066 342 1106 pars
361 1049 483 1092 illius
499 1050 623 1106 prior
644 1057 804 1091 tantum
823 1049 1075 1092 scriberetur
1091 1081 1102 1103 ,
1125 1057 1170 1091 ut
1190 1055 1415 1104 appareret
1435 1047 1624 1103 eoeprimi
1639 1062 1723 1088 non

239 1117 386 1161 debere
408 1151 418 1160 .
451 1116 526 1161 sed
559 1116 851 1169 Quintilianus
873 1131 930 1172 ΙΧ,
952 1117 992 1173 4,
1014 1118 1072 1160 40
1102 1118 1225 1160 etiam
1255 1116 1299 1158 si
1324 1115 1525 1158 scribitur
1544 1148 1555 1169 ‚
1587 1123 1724 1158 tamen

235 1203 391 1244 parum
432 1186 686 1243 eaeprimitur
705 1219 716 1240 ‚
748 1186 851 1230 adeo
887 1195 933 1229 ut
961 1201 1097 1243 paene
1135 1183 1356 1228 cuiusdam
1393 1199 1525 1226 novae
1562 1183 1724 1226 litterae

237 1271 384 1298 sonum
412 1254 592 1297 reddat:
621 1271 754 1311 neque
784 1255 892 1297 enim
929 1255 1157 1308 eximitur,
1189 1252 1264 1296 sed
1292 1253 1538 1295 obscuratur
1569 1261 1606 1294 et
1635 1260 1724 1294 tan-

239 1331 326 1364 tum
355 1322 506 1379 aliqua
534 1323 644 1365 inter
674 1322 783 1364 duas
812 1323 976 1365 vocales
1005 1332 1103 1365 nota
1134 1331 1193 1364 est
1206 1353 1220 1372 ‚
1241 1337 1292 1364 ne
1323 1321 1442 1377 ipsae
1472 1327 1615 1362 coe'ant
1631 1352 1640 1362 .

352 1391 448 1435 998.
480 1404 710 1432 ADEMPTA
732 1391 1065 1433 ms'r.An1·:1>rA
1083 1394 1296 1433 corrector
1310 1388 1508 1443 quadrati
1525 1393 1568 1431 et
1582 1388 1723 1432 ceteri.

356 1459 480 1503 1000.
512 1473 643 1506 Quon
675 1473 846 1501 mssus
868 1474 928 1501 nx
955 1473 1201 1500 Amemus
1233 1471 1342 1499 oms
1360 1491 1369 1501 .
1394 1455 1524 1512 Apud
1545 1457 1726 1499 Lactan-

238 1529 344 1573 tium
374 1527 509 1571 instit.
542 1542 616 1583 vn,
642 1528 707 1584 12,
725 1528 752 1572 5
775 1527 895 1571 Cedit
928 1527 1040 1572 idem
1080 1537 1191 1570 retro
1354 1527 1407 1569 In
1441 1535 1596 1570 terram
1613 1541 1626 1567 .·
1652 1525 1728 1568 sed

239 1596 356 1655 quod
371 1611 556 1639 russum
585 1611 698 1638 EST.

357 1666 479 1710 1001.
510 1679 746 1707 RELATUM
763 1697 774 1709 .
796 1664 924 1721 Apud
946 1664 1214 1708 Lactantium
1237 1663 1294 1706 Id
1322 1680 1474 1706 rursus
1504 1663 1616 1706 caeli
1637 1662 1724 1716 ful-

235 1736 380 1794 qentia
409 1734 563 1791 templa
589 1743 826 1790 receptant.

358 1802 480 1848 1002.
518 1803 624 1846 Nec
661 1816 742 1844 slc
779 1817 1055 1845 m‘mmmr'r
1099 1818 1225 1846 mons
1261 1817 1321 1845 UT
1356 1815 1442 1843 Res
1478 1813 1725 1842 ΜΑΤΕΜΑ.

241 1871 449 1915 Marullus
477 1887 590 1914 mors
618 1885 733 1926 RES,
755 1885 815 1913 UT
844 1873 1069 1915 materiai.

358 1939 482 1984 1004.
514 1941 634 1982 Imm
665 1954 798 1981 ALIIS
829 1954 981 1982 Amul)
1014 1954 1286 1983 comunem
1317 1953 1377 1980 ET
1407 1951 1605 1980 Echn·
1636 1950 1724 1978 OM-

242 2022 330 2050 NES
360 2008 460 2051 Res
503 2022 588 2050 ιΤΔ
626 2022 950 2050 CONVERTANT
981 2023 1171 2051 romans
1190 2042 1198 2051 .
1220 2009 1371 2062 Neque
1407 2015 1453 2049 ut
1489 2007 1728 2049 coniunctio

243 2077 398 2120 abesse
428 2080 596 2131 potest,
618 2090 759 2132 neque
791 2093 904 2120 mors
943 2090 997 2120 ea
1035 2090 1145 2133 quae
1176 2076 1358 2133 peremit
1386 2075 1613 2118 restituere
1643 2074 1728 2118 dici

243 2149 387 2200 potest
425 2144 508 2188 nisi
550 2158 627 2200 per
662 2144 838 2188 technas
877 2146 931 2188 ab
968 2145 1050 2189 hoc
1085 2149 1216 2201 poeta
1253 2144 1418 2188 alienas
1442 2159 1452 2198 3
1490 2144 1562 2199 qui
1598 2144 1731 2200 scrip-

243 2213 354 2256 sisse
386 2212 628 2257 censendus
659 2217 724 2256 est
753 2214 860 2257 Inde
890 2215 991 2258 aliis·
1020 2214 1146 2257 aliud
1173 2227 1541 2269 00N1UNG1TUR,
1563 2227 1621 2254 m·
1653 2227 1729 2254 ΠΤ

243 2295 304 2324 u'r
329 2297 469 2326 omnes
486 2315 495 2324 .

364 2350 486 2394 1007.
519 2365 686 2393 EARUM
715 2366 998 2394 PRIMORDIA
1027 2365 1193 2394 RERUM
1215 2383 1225 2394 .
1256 2351 1308 2394 In
1338 2351 1447 2394 libro
1477 2350 1616 2407 primo
1647 2350 1728 2393 817

245 2418 329 2462 908
361 2432 528 2460 EADEM
551 2420 821 2477 primordia,
842 2421 988 2477 itaque
1018 2420 1087 2464 hic
1116 2420 1356 2463 Avantius.

364 2488 488 2531 1010.
529 2489 670 2531 NEVE
707 2503 860 2531 Purus
899 2503 1127 2531 AETERNA
1161 2503 1320 2530 PENES
1361 2502 1608 2531 unsmmzr:
1646 2502 1731 2529 Ρο-

245 2569 391 2598 rnssn
413 2555 651 2599 CORPORA
672 2572 851 2614 PRIMA,
874 2572 1010 2606 QUOD
1032 2573 1083 2600 m
1105 2573 1285 2600 sumus
1314 2571 1562 2600 mun-nu:
1594 2570 1732 2598 va-

245 2637 341 2667 uus
362 2624 528 2667 Rmms
547 2657 556 2666 .
575 2625 694 2669 Haec
714 2638 868 2670 cavere
889 2627 1094 2670 debemus
1123 2641 1179 2670 ne
1201 2626 1255 2670 de
1285 2626 1415 2670 idolis
1445 2625 1731 2681 accipiamus,

247 2704 430 2747 quorum
458 2693 618 2736 mentio
648 2693 731 2736 huc
760 2707 847 2737 non
877 2696 1091 2751 pertinet,
1120 2695 1198 2738 sed
1229 2695 1286 2738 ad
1319 2694 1476 2737 librum
1506 2697 1703 2748 quartum
1722 2725 1732 2735 .

246 2763 378 2816 poeta
413 2764 580 2804 atomos
620 2767 752 2816 negat
783 2778 912 2819 penes
949 2773 1119 2807 aeterna
1159 2768 1202 2806 et
1239 2762 1499 2806 immortalia
1541 2760 1734 2804 residere

248 2840 405 2883 posse:
427 2827 586 2872 debere
624 2830 737 2872 enim
767 2833 909 2873 omnia
934 2833 1079 2888 perire
1109 2831 1208 2886 (hoc
1239 2834 1306 2873 est
1340 2830 1384 2871 in
1414 2843 1543 2873 versu
1577 2829 1732 2886 1139),

249 2895 366 2950 quod
387 2896 529 2952 fluere
567 2906 690 2953 atque
725 2898 916 2942 recedere
947 2914 1124 2955 corpora
1152 2900 1276 2942 rebus
1306 2898 1447 2940 Multa
1477 2902 1667 2952 constet,
1689 2902 1735 2940 ut

249 2962 352 3006 dicit
372 2977 499 3007 versu
524 2964 632 3007 1128
652 2997 662 3020 ,
685 2969 727 3008 et
746 2967 882 3009 multa
897 2966 1102 3010 accedere
1121 3000 1130 3009 .
1152 2979 1258 3021 ergo
1280 2966 1358 3008 illa
1378 2967 1510 3010 multa
1530 2979 1732 3022 corpora,

250 3044 362 3086 quae
403 3032 611 3075 recedunt
647 3033 775 3075 rebus
812 3037 854 3076 et
890 3035 1100 3078 accedunt
1121 3069 1130 3091 ,
1149 3036 1328 3092 fluitare
1365 3039 1478 3078 recte
1510 3034 1707 3078 dicuntur
1722 3068 1732 3078 .

1405 3103 1465 3146 9*
