2040 3328
370 230 454 272 214
1068 235 1126 276 IV

370 341 426 384 ad
445 343 631 384 Terentii
663 343 909 385 Eunuchum
938 344 1095 396 111‚3‚9
1126 344 1178 386 de
1209 345 1305 388 dolo
1337 347 1472 402 bono,
1494 365 1573 404 quo
1603 365 1629 390 a
1657 349 1815 392 meden-

370 409 476 450 tibus
483 409 601 463 falli
617 425 787 465 aeyros,
808 424 889 450 non
909 418 1042 450 tamen
1064 409 1223 465 decipi,
1245 413 1463 456 Lucretius
1476 423 1599 471 poeta
1619 425 1788 458 testatur
1804 449 1812 458 .

483 475 546 518 17,
581 488 692 515 um
721 488 910 516 sucro
931 507 940 516 .
965 476 1064 517 Tali
1086 490 1243 518 PACTO
1273 479 1498 532 legendum
1529 495 1622 524 esse
1651 483 1814 526 ostendi

370 540 426 583 ad
456 541 609 582 librum
636 555 663 595 1,
681 540 763 582 942
781 573 790 583 .

479 608 546 649 21.
579 607 800 649 CARMINE
843 622 988 649 PLERI
1030 615 1311 650 onAmo'NEM
1339 641 1350 653 .
1384 611 1435 653 In
1470 611 1602 666 primo
1639 616 1812 658 Pmruo

366 675 565 716 rationem
582 705 591 714 .
1075 719 1077 721 ,

479 741 545 784 32.
576 741 843 782 Danum-An
872 775 881 784 .
919 741 1135 796 Oblongus
1179 743 1379 799 Dio-eptae
1400 777 1409 786 .
1447 758 1544 787 mox
1586 746 1660 790 illa
1680 780 1690 802 ‚
1721 765 1813 792 oum

366 823 487 863 saepe
503 807 674 863 fiyuras
690 832 743 837 -
760 808 848 851 luce
878 818 1086 863 carentum
1101 842 1112 863 7
1135 809 1302 852 confert>
1327 823 1419 852 cum
1440 811 1698 865 Vergilianis
1728 815 1814 858 Ma—

370 874 536 916 crobius
565 873 673 915 libro
695 888 750 928 v1‚
771 875 790 915 1
811 906 822 916 .

477 940 543 983 36.
576 940 712 991 QUAE
747 955 837 983 Nos
882 955 1154 983 nominum:
1190 957 1502 985 LANGUEan
1547 959 1696 987 SAEPE
1733 962 1811 989 so-

365 1021 490 1048 PORE
521 1007 812 1048 Excmmmr
829 1042 838 1051 .
868 1010 1078 1064 Horrzflco
1117 1010 1313 1063 antiquus
1351 1015 1558 1054 corrector
1593 1013 1786 1066 quadrati
1802 1049 1812 1059 .

366 1075 595 1116 Excz'erunt
623 1074 745 1116 video
767 1074 939 1116 defendi
966 1088 1117 1129 posse,
1140 1075 1214 1117 sed
1244 1077 1355 1118 malo
1376 1075 1585 1134 E'oecz‘unt,
1608 1079 1720 1134 quod
1750 1085 1814 1124 est

365 1141 593 1195 simplicius
613 1172 622 1182 .
642 1145 823 1182 ceterum
853 1143 915 1183 cio
953 1143 1070 1184 verbi
1107 1143 1263 1185 formas
1298 1157 1427 1198 puras
1458 1158 1542 1187 non
1581 1147 1662 1189 nisi
1691 1148 1814 1191 raris-

364 1209 469 1250 sime
490 1207 532 1249 in
552 1220 678 1250 versu
702 1207 862 1262 positas
883 1208 1025 1251 inveni
1043 1241 1052 1262 ,
1075 1222 1231 1263 easque
1261 1211 1492 1264 quantitate
1511 1213 1704 1267 syllabae
1734 1214 1813 1257 dif-

365 1275 522 1317 ferente
539 1307 548 1316 .
569 1275 612 1315 in
631 1274 880 1317 Curculione
895 1276 1034 1317 Plauti
1051 1290 1092 1330 11,
1111 1277 1149 1330 3,
1173 1277 1223 1318 16
1240 1293 1334 1333 erqo
1356 1293 1421 1319 eos
1436 1280 1479 1320 si
1489 1279 1692 1335 offendero
1708 1313 1719 1335 ,
1730 1282 1812 1324 'Em

363 1358 443 1384 uno
465 1357 623 1397 quoque
643 1343 782 1384 edrum
812 1342 971 1384 exciam
991 1345 1190 1398 crepitum
1220 1359 1290 1399 eqo
1303 1344 1585 1399 polentcirz'um
1602 1377 1610 1386 .
1632 1347 1676 1388 in
1706 1348 1810 1390 eius·

363 1408 458 1450 dem
476 1408 674 1450 Asinaria
693 1422 748 1462 IV,
765 1408 803 1462 2,
825 1408 874 1451 15
898 1410 960 1451 Tu
981 1410 1167 1466 erqdfac
1188 1419 1232 1451 ut
1256 1411 1328 1452 illi
1343 1411 1484 1452 turbas
1505 1413 1596 1455 lites
1615 1414 1781 1456 educias
1800 1446 1809 1456 .

362 1476 406 1517 in
436 1475 573 1516 futuro
603 1479 789 1529 tempore
818 1475 860 1516 in
881 1475 1083 1530 Amphitr.
1105 1490 1132 1530 1,
1150 1477 1188 1530 2,
1209 1476 1260 1517 14
1288 1477 1399 1519 Nam
1425 1478 1671 1534 Amphitruo
1700 1490 1809 1523 actu-

362 1551 446 1584 tum
474 1543 604 1584 umori
629 1543 772 1583 turbas
801 1543 977 1597 conciet,
1000 1542 1162 1585 Seneca
1181 1543 1224 1585 in
1245 1542 1429 1597 Thyeste
1449 1545 1530 1587 982
1550 1545 1635 1588 Sed
1651 1548 1809 1590 accien-

363 1618 429 1651 tur
446 1641 454 1650 .
470 1609 665 1664 poculum
694 1609 834 1663 infuso
856 1618 951 1664 pete
967 1643 975 1652 .
998 1622 1181 1663 quonam
1201 1614 1376 1652 accentu
1395 1611 1570 1667 suffiunt
1588 1613 1808 1656 dicendum

362 1676 416 1717 sit
443 1675 585 1717 nescio
603 1707 612 1729 ,
634 1675 717 1717 nisi
738 1674 852 1730 quod
874 1675 1114 1718 Priscianus
1135 1678 1279 1732 suffiri
1296 1677 1490 1721 infinitivi
1519 1679 1698 1735 simplex
1711 1681 1814 1736 fi'eri

362 1755 455 1785 esse
486 1742 630 1784 scribit
658 1755 700 1796 p.
716 1742 810 1785 905.

470 1809 541 1851 40.
571 1808 674 1851 Cum
704 1822 885 1850 conpos
916 1822 1063 1850 snum,
1099 1823 1260 1856 ATQUE
1296 1825 1435 1852 Arum
1468 1826 1664 1854 NATURA
1693 1829 1808 1856 rnn-

360 1889 519 1916 EMPTA
535 1875 589 1916 IN
609 1889 698 1916 SUA
714 1889 984 1916 mscnssnm
1000 1890 1250 1918 Dnnnmnr
1266 1893 1481 1920 rumoni)
1494 1893 1541 1920 1A
1557 1893 1807 1926 QUAEQUE.

360 1943 602 1995 Quadratus
632 1943 773 1984 anima
802 1946 843 1984 et
872 1955 899 1984 a
934 1947 1167 1985 correctore
1197 1946 1404 1987 animam.
1431 1947 1611 2000 priorem
1640 1960 1808 1990 versum

359 2010 498 2053 adfert
527 2010 676 2052 Festus
706 2009 860 2064 p.217‚
878 2011 931 2064 9,
960 2010 1026 2051 cui
1056 2011 1207 2054 vellem
1245 2012 1508 2055 adiunxisset
1537 2014 1740 2056 alterum.
1765 2014 1808 2056 in

359 2091 441 2132 quo
463 2075 729 2119 Eichstadius
761 2079 802 2118 et
832 2076 1037 2130 Forbiger
1067 2091 1119 2120 ex
1149 2079 1294 2133 inepta
1325 2079 1484 2122 Grifanii
1515 2079 1807 2123 emendatione
1859 2104 1862 2106 -

359 2143 583 2186 discessum
603 2143 829 2186 dederunt.
850 2142 927 2185 Sed
957 2160 1141 2200 quaeque
1170 2145 1229 2186 ibi
1259 2145 1318 2187 ita
1342 2146 1665 2201 interpretantur
1685 2148 1807 2201 quasi

358 2219 532 2265 utraque
566 2214 716 2252 natura
750 2209 958 2252 indicetur
975 2243 984 2264 ,
1012 2215 1054 2253 et
1093 2211 1316 2254 discessum
1354 2213 1415 2254 ita
1451 2213 1553 2256 dari
1582 2214 1729 2256 volunt
1763 2218 1808 2256 ut

358 2277 504 2318 ruinas
518 2309 529 2330 ,
561 2277 741 2318 insidias
755 2309 766 2330 ,
797 2277 989 2332 impetum
1004 2310 1015 2331 ,
1047 2279 1239 2320 obiectum
1268 2281 1448 2335 parmai
1461 2312 1469 2321 .
1502 2294 1677 2335 quorum
1713 2294 1806 2323 oum

357 2346 546 2385 neutrum
578 2347 689 2387 recte
719 2343 874 2385 habere
905 2343 1122 2399 videatur,
1144 2346 1321 2387 alterum
1348 2346 1525 2389 fortasse
1555 2348 1615 2389 ita
1635 2352 1708 2390 aut
1736 2348 1804 2390 de-

359 2409 476 2452 fendi
506 2413 646 2465 potest
674 2414 719 2452 ut
747 2410 791 2451 in
812 2410 919 2452 libro
950 2425 1010 2465 111,
1027 2411 1109 2453 333
1139 2412 1330 2454 similiter
1356 2426 1447 2456 esse
1478 2414 1664 2456 dicamus
1685 2430 1806 2470 quae·
1867 2416 1871 2420 ’

358 2492 435 2532 que
465 2490 541 2532 pro
575 2485 695 2530 utra,
718 2480 791 2518 aut
821 2477 969 2519 evitari
999 2481 1043 2519 ut
1072 2489 1223 2532 corpus
1255 2483 1294 2521 et
1315 2480 1497 2522 animum
1517 2482 1559 2522 in
1584 2497 1662 2522 sua
1681 2497 1806 2536 quae-

357 2559 435 2599 que
455 2543 684 2598 primordia
705 2542 922 2586 discedere
942 2544 1234 2597 intellegamus
1252 2561 1262 2600 3
1285 2546 1337 2588 de
1358 2560 1440 2600 quo
1463 2547 1628 2589 dicendi
1650 2561 1806 2602 genere

356 2609 575 2652 Madvicus
617 2610 848 2664 disputavit
885 2610 941 2652 ad
972 2611 1182 2654 Ciceronis
1220 2612 1273 2655 de
1307 2613 1457 2655 finibus
1486 2613 1639 2655 librum
1668 2629 1707 2666 V,
1723 2615 1804 2670 46,

356 2689 493 2730 neque
532 2689 581 2719 eo
617 2677 854 2734 Lucretium
891 2690 974 2719 non
1009 2691 1132 2720 usum
1174 2692 1266 2721 esse
1305 2680 1527 2723 observavi
1563 2680 1619 2722 ad
1653 2681 1805 2724 librum

355 2756 399 2795 11,
417 2743 496 2784 371
517 2758 526 2784 z
548 2743 624 2785 sed
652 2744 856 2786 discessus
884 2757 968 2785 non
999 2745 1121 2787 aliter
1151 2746 1252 2788 dari
1275 2751 1412 2801 potest
1440 2760 1566 2801 quam
1595 2749 1804 2802 quomodo

343 2809 502 2864 fuyam
522 2809 624 2852 dari
639 2810 851 2864 Vergilius
872 2811 978 2853 dixit
995 2844 1004 2864 ‚
1027 2812 1071 2854 id
1090 2817 1152 2855 est
1173 2813 1344 2855 concedi
1362 2845 1371 2868 ,
1393 2814 1607 2857 Aeneidos
1628 2829 1701 2870 vn,
1722 2815 1777 2856 24
1791 2847 1802 2869 ,

355 2875 573 2930 Neptunus
607 2879 736 2919 ventis
771 2879 943 2934 inplevit
975 2880 1067 2921 vela
1102 2880 1293 2922 secundis
1330 2881 1467 2936 Atque
1489 2881 1648 2937 fuqam
1692 2881 1804 2922 dedit

357 2949 392 2982 et
418 2950 583 2997 praeter
612 2943 724 2986 vada
738 2944 917 3000 fervida
947 2947 1057 2988 vexit
1070 2979 1081 3000 ,
1104 2946 1220 3002 (vide
1241 2947 1511 2990 Munckerum
1532 2947 1587 2989 ad
1618 2947 1803 2990 fabulam
