2040 3328
885 251 923 295 V
1562 250 1646 294 335

162 382 342 426 quorum
373 367 454 411 hoe
474 372 737 425 postremum
767 367 896 423 paulo
920 366 1078 409 rectius
1109 370 1175 409 est
1195 377 1323 420 quam
1353 366 1555 421 vaporis:
1577 365 1649 407 de-

160 438 234 481 bet
263 436 376 480 enim
398 449 494 480 esse
525 452 618 479 eum
639 437 750 479 caeli
772 434 945 478 donavit
960 435 1096 492 playa
1115 447 1339 489 VAPORE,
1361 433 1525 476 scilieet
1544 432 1645 475 illas

160 506 319 548 multas
340 518 410 548 res
430 538 439 547 .
462 505 525 548 ita
550 505 593 547 in
614 519 660 560 11,
679 504 733 547 73
754 504 951 562 auymine
972 502 1124 558 donat,
1148 507 1190 545 et
1219 503 1262 544 in
1291 502 1373 544 hoc
1401 501 1512 544 libro
1537 500 1646 543 1215

161 573 368 617 divinitus
389 583 561 617 aeterna
580 573 738 616 donata
758 572 892 614 salute
910 603 920 612 .
943 584 1043 614 nam
1060 571 1169 614 caeli
1189 571 1367 627 plagam
1384 603 1394 623 ‚
1417 569 1463 612 id
1483 573 1550 612 est
1569 569 1649 612 ful-

160 655 259 685 men
299 642 540 698 (pueriliter
578 642 691 684 enim
727 643 885 683 errant·
906 638 1136 683 Greeehius
1175 643 1217 682 et
1247 637 1524 682 Eiehstadius
1542 671 1551 693 ‚
1574 637 1648 693 qui

159 713 369 769 reyionem
400 711 512 754 caeli
547 709 849 763 intellegunt),
871 707 1114 751 hominibus
1151 721 1336 763 vapores
1374 706 1539 749 donare
1574 705 1647 749 ab·

160 779 335 823 surdum
367 784 458 822 est.
481 779 561 820 hoe
581 791 692 820 unus
724 776 912 820 omnium
934 775 1229 819 Wakefieldus
1260 775 1397 818 sensit
1427 775 1483 830 (si
1504 779 1646 818 tamen

161 848 341 904 sensit),
364 847 437 903 qui
459 846 595 889 voluit
613 847 799 900 roravit,
821 845 928 888 ‘sine
950 845 1092 887 eausa'
1117 844 1354 899 Forbigero
1376 843 1518 886 iudice
1536 876 1545 885 .
1567 843 1646 886 sed

160 916 274 960 idem
312 914 635 970 Wakefieldus,
658 914 816 970 quippe
852 913 1034 956 Latinae
1071 913 1250 968 linguae
1287 913 1465 967 ignarus
1483 945 1492 967 ,
1514 912 1648 954 multa

146 985 340 1042 flammis
368 985 499 1027 insita
528 981 607 1039 (sic
635 982 735 1025 libri
765 986 808 1025 et
832 981 1017 1038 Nonius)
1048 986 1162 1025 reete
1193 981 1278 1024 diei
1308 980 1529 1024 defendit:
1551 993 1646 1023 esse

104 1058 107 1060 ’
161 1053 276 1096 enim
306 1052 554 1108 ‘conspersa
581 1050 814 1094 seminibus
846 1049 1113 1094 flammarum
1132 1051 1154 1094 .'
1178 1051 1290 1093 hune
1319 1062 1492 1105 quoque
1521 1049 1647 1092 insei-

160 1121 222 1164 tia
257 1121 429 1165 vineere
465 1133 553 1163 non
590 1119 751 1162 frustra
786 1118 965 1161 adnisus
1001 1118 1187 1162 Orellius
1205 1153 1215 1171 ‚
1238 1132 1290 1162 ea
1326 1130 1438 1173 quae
1454 1118 1647 1174 flammis

160 1190 406 1233 caelestibus
433 1189 565 1232 absita
595 1187 814 1243 fulgeant,
836 1186 945 1229 dixit
975 1200 1073 1230 esse
1103 1186 1271 1242 ‘quibus
1306 1187 1438 1230 insita
1467 1185 1580 1240 sint,
1602 1186 1647 1228 in

160 1257 315 1312 quibus
346 1255 666 1300 abscondantur
701 1255 868 1298 semina
902 1255 1168 1299 flammarum
1205 1256 1480 1313 caelestium,
1503 1255 1646 1299 aethe-

157 1326 220 1369 ris
247 1326 337 1369 scil.
368 1325 608 1382 particulae
626 1325 646 1366 .‘
670 1324 828 1367 caeteri
859 1337 953 1367 eum
977 1324 1159 1367 Marullo
1180 1326 1312 1368 incita
1327 1359 1338 1380 ,
1360 1325 1406 1367 id
1436 1329 1501 1367 est
1521 1325 1648 1381 pulsa

160 1398 203 1438 et
237 1399 476 1450 commota3
498 1393 614 1449 quod
650 1406 791 1449 neque
827 1393 966 1449 ipsum
1002 1394 1063 1436 rei
1100 1394 1326 1449 convenit,
1348 1407 1490 1449 neque
1521 1394 1646 1437 Gree-

160 1463 281 1506 ehius
321 1466 436 1507 reete
471 1463 776 1518 interpretatur
810 1478 986 1505 accensa
1010 1494 1019 1504 .
1047 1461 1318 1504 scribendum
1358 1466 1423 1505 est
1459 1463 1645 1506 caelesti-

160 1532 236 1575 bus
266 1546 440 1574 INLITA
456 1532 649 1588 flammis
665 1564 676 1586 ‚
699 1530 743 1573 id
774 1535 839 1574 est
869 1530 1080 1587 adspersa
1110 1533 1153 1572 et
1182 1534 1406 1574 contacta.

277 1600 400 1644 1096.
431 1598 503 1643 Ur
532 1612 734 1640 RAMOSA
764 1613 927 1641 TAMEN
944 1632 955 1643 .
978 1598 1186 1642 Marullus
1207 1599 1302 1642 ΕΤ.
1325 1612 1457 1656 supra
1484 1600 1567 1643 768
1589 1601 1646 1642 Et

160 1677 299 1713 tamen
327 1670 425 1726 ipsa
454 1684 530 1711 suo
559 1669 602 1711 si
614 1668 758 1725 fulqz't
787 1669 891 1711 luna
918 1669 1054 1712 ‘nitore
1070 1700 1079 1710 .

123 1793 129 1798 -
276 1737 398 1782 1097.
431 1737 634 1779 Ansrm
673 1751 726 1778 IN
763 1751 926 1779 RAMOS
971 1751 1252 1779 mormanus
1297 1751 1512 1779 ARDORIS
1559 1752 1645 1780 AR-

154 1819 277 1854 VBOR.
305 1805 404 1849 Itali
449 1809 492 1848 et
537 1805 641 1848 olim
684 1806 881 1861 impressi
919 1807 1156 1848 AnsriJAr
1203 1810 1245 1849 et
1290 1819 1539 1862 Anneius,
1568 1807 1645 1851 sed

158 1874 290 1919 iidem
320 1874 451 1917 ardor
468 1905 478 1916 .

276 1943 399 1987 1099.
431 1943 625 1984 Emcx'r
655 1957 801 1984 INTER
830 1957 959 1984 DUM.
983 1942 1191 1986 Marullus
1222 1943 1290 1986 ΕΤ
1320 1945 1474 1987 micat.

277 2011 399 2054 1101.
429 2025 572 2053 mun.
596 2011 820 2055 Cori-ector
851 2011 1026 2066 oblongi
1056 2026 1237 2055 mmm.

277 2078 401 2122 1102.
434 2081 559 2122 INDn
589 2094 743 2122 omnm
773 2093 905 2127 Qqu
923 2095 934 2136 3
955 2094 1083 2122 nunu
1100 2112 1110 2122 .
1133 2079 1381 2131 Quadratus
1412 2097 1500 2139 σος.
1523 2099 1644 2126 uere.

158 2147 313 2192 eodem
343 2161 487 2191 errore
517 2162 651 2205 supra
684 2149 791 2192 1071
823 2149 869 2191 in
900 2148 1134 2205 archetypo
1166 2148 1246 2191 fuit
1276 2153 1352 2192 aut
1381 2163 1477 2194 esse
1507 2152 1645 2195 visum

160 2220 225 2259 est
243 2216 725 2273 ‘DESERTIB.AUBANTUR,
747 2217 862 2261 unde
891 2222 1040 2260 natum
1067 2222 1132 2261 est
1162 2218 1205 2260 in
1227 2219 1384 2261 nostris
1415 2219 1647 2264 desertibus

160 2285 371 2327 aubantur
381 2318 393 2340 ‚
410 2284 512 2328 item
529 2286 574 2328 in
585 2299 642 2342 vx,
657 2286 767 2330 1240
782 2300 1007 2329 romulam
1023 2320 1032 2342 ‚
1050 2287 1095 2330 in
1110 2301 1138 2342 1,
1150 2287 1234 2330 690
1248 2301 1395 2334 IQ.NEM
1406 2301 1484 2344 pro
1501 2304 1645 2331 IGNEM.

158 2353 204 2395 in
220 2354 372 2410 v1,538
389 2353 627 2409 quadratus
642 2355 1031 2412 multosqmelacus.
1048 2355 1163 2398 idem
1180 2355 1225 2398 in
1240 2370 1281 2412 V,
1291 2356 1376 2399 654
1392 2357 1560 2415 Aueque
1576 2359 1647 2401 via

159 2435 237 2478 pro
258 2423 348 2466 Aut
367 2424 471 2480 quia
487 2455 497 2465 .
521 2436 544 2466 e
565 2424 780 2466 contrario
809 2423 1159 2481 quamquz'demus
1180 2424 1224 2466 in
1245 2439 1288 2480 11,
1300 2425 1354 2468 68
1377 2430 1418 2468 et
1438 2443 1647 2484 quamque

161 2489 304 2533 demus
323 2505 352 2546 1,
361 2491 472 2547 562,
494 2491 731 2547 quadratus
751 2493 875 2547 1,718
901 2493 1267 2550 aqf'ractibaequor
1282 2527 1292 2548 ,
1316 2508 1371 2546 V1‚
1380 2494 1465 2538 592
1473 2496 1646 2552 frique-

161 2574 404 2616 quaposque
418 2593 430 2615 ‚
452 2565 631 2616 uterque
660 2575 717 2617 lv,
735 2561 817 2604 351
850 2561 1120 2618 Obsz'ditquz'a
1135 2595 1146 2605 .

278 2627 401 2671 1105.
432 2628 589 2675 INQUE
626 2644 737 2671 oms
773 2644 923 2671 MAGIS
959 2644 1201 2672 INVICTUM
1226 2663 1235 2672 .
1263 2630 1434 2686 Optime
1473 2631 1645 2685 Nauge-

160 2695 250 2738 rius
265 2697 402 2753 maqis
417 2710 469 2738 111
484 2698 638 2740 victum
651 2731 661 2741 .
683 2700 883 2741 invictum
898 2698 1050 2754 igitur,
1068 2712 1197 2753 quem
1213 2712 1266 2742 ex
1282 2700 1443 2742 incultu
1460 2699 1646 2755 fingunt,

160 2764 451 2819 relinquamus
471 2764 709 2820 Forbigero
737 2767 915 2821 eiusque
944 2767 1109 2810 auctori
1139 2780 1267 2821 quem
1288 2780 1374 2809 non
1404 2767 1532 2810 novi.
1556 2767 1647 2809 dixi

161 2832 215 2876 de
245 2832 326 2875 hoe
355 2832 662 2876 vocabulorum
690 2846 849 2888 genere
878 2834 935 2877 ad
966 2835 1123 2877 librum
1152 2849 1180 2890 1,
1197 2834 1281 2878 455
1301 2868 1310 2877 .

277 2901 400 2944 1106.
433 2914 579 2942 N0v1s
623 2915 984 2943 MONSTRABANT
1019 2917 1178 2945 annus
1223 2917 1281 2943 ET
1319 2918 1423 2945 IGNI
1446 2937 1456 2948 .
1487 2904 1645 2948 Wake-

159 2968 312 3012 fieldus
333 2968 421 3025 ‘per
440 2969 583 3024 ignem
605 2970 662 3012 ad
684 2970 794 3013 alias
822 2974 952 3026 atque
972 2971 1081 3014 alias
1101 2984 1170 3014 res
1191 2971 1316 3014 novis
1339 2973 1645 3028 experimentis

160 3037 301 3080 indies
323 3037 553 3080 admotum’
570 3071 580 3081 .
602 3039 776 3094 egregie
797 3052 900 3082 vero
918 3054 926 3082 :
952 3052 1029 3095 per
1048 3040 1192 3095 ignem
1217 3040 1403 3085 Condere
1423 3051 1645 3099 coeperunt
