2040 3328
956 263 998 304 II
1640 261 1719 304 133

235 397 396 424 vemens
427 378 637 431 oblongus
667 377 806 432 prima
835 390 990 431 manu,
1014 376 1059 419 in
1089 390 1149 431 111,
1172 375 1256 418 482
1287 392 1450 418 vemens
1484 374 1718 430 quadratus

234 449 283 492 lae
311 447 464 491 litteris
493 446 633 501 prima
662 458 791 487 manu
814 445 972 488 additis
990 478 1000 488 .
1023 445 1089 488 his
1110 443 1280 487 indiciis
1304 444 1502 487 Lucretio
1525 457 1718 484 verimi-

234 531 327 559 trnn
357 519 399 558 et
419 518 562 557 cetera
582 513 744 556 similia
765 513 1033 556 restituenda
1053 513 1196 556 iudico
1220 546 1228 554 .
1251 526 1351 555 nam
1382 512 1524 555 adhuc
1555 524 1716 566 quaero

233 586 330 641 quis
360 583 468 627 haec
497 581 710 626 vocabula
737 582 781 623 in
809 595 934 625 versu
957 582 1140 638 syllabis
1163 581 1348 624 diductis
1370 580 1527 623 dixerit
1548 584 1719 636 praeter

233 654 288 697 M.
313 653 542 697 Gaesarem
559 683 571 704 ,
594 649 665 704 qui
699 649 847 692 scribit
872 650 930 707 ad
956 650 1216 692 Frontonem
1237 664 1279 705 p.
1295 649 1351 692 53
1379 650 1468 692 Nos
1490 650 1583 692 istic
1604 650 1718 692 vehe-

232 731 388 766 menter
419 728 659 763 aestuamus
676 750 686 760 .
708 718 834 761 habes
864 735 914 761 en
946 718 1340 776 hendecasyllabum
1370 719 1597 774 inqenuu‘m
1615 733 1628 759 .·
1659 718 1719 760 sic

234 791 346 835 enim
377 806 426 832 en
455 799 534 845 pro
566 795 603 829 et
625 785 926 842 Heindorfius;
949 786 1065 841 quod
1086 786 1187 829 item
1210 785 1265 828 M.
1288 785 1430 828 Tullio
1453 784 1718 828 reddendum

233 864 299 904 est
318 871 396 916 pro
418 858 526 901 enim
549 857 593 899 in
614 856 955 899 Tusculanarum
975 869 1004 910 1,
1022 854 1075 898 97
1095 889 1104 910 ,
1146 855 1187 896 V
1180 854 1272 897 adit
1293 871 1341 898 en
1364 856 1410 897 in
1432 854 1607 897 eundem
1629 871 1719 897 car-

232 944 364 972 cerem
395 936 520 983 atque
550 926 596 968 in
617 923 791 968 eundem
815 924 970 981 paucis
994 932 1091 979 post
1120 924 1245 966 annis
1276 924 1478 980 scyphum
1499 922 1691 966 Socrates
1709 957 1717 966 .

234 997 425 1051 Gellius,
448 994 519 1050 qui
539 997 708 1037 veteres
730 1005 825 1036 cum
855 991 1006 1047 spiritu
1036 991 1250 1035 vehemens
1272 992 1434 1035 dixisse
1454 990 1586 1034 refert
1607 990 1717 1033 libro

231 1080 276 1122 11,
293 1065 320 1108 3
338 1098 348 1120 ,
370 1065 465 1120 ipse
485 1075 573 1105 non
591 1061 762 1104 dicebat
781 1067 967 1103 veemens
987 1064 1032 1102 ut
1050 1059 1200 1103 Velius
1218 1060 1395 1116 Longus
1412 1075 1453 1116 p.
1472 1061 1584 1104 2229
1606 1061 1720 1103 2234

233 1134 369 1189 (certe
398 1132 460 1175 ita
489 1131 694 1186 scriptum
724 1129 829 1185 ibi),
852 1128 929 1171 sed
951 1144 1140 1183 vernem,
1164 1129 1323 1185 quippe
1344 1142 1429 1184 quo
1452 1129 1607 1172 mentis
1629 1129 1718 1171 vim

234 1206 275 1245 et
295 1202 499 1258 impetum
520 1197 754 1254 significari
776 1200 973 1252 putaret,
997 1200 1042 1239 ut
1062 1195 1224 1240 indicat
1243 1197 1352 1240 libro
1374 1211 1468 1252 xm,
1491 1198 1518 1241 5
1539 1231 1548 1252 ,
1571 1198 1671 1240 item
1693 1210 1720 1239 a

233 1270 276 1313 vi
306 1269 461 1312 mentis
492 1267 678 1310 Scaurus
708 1281 749 1322 p.
767 1265 879 1309 2256
899 1298 908 1308 .
930 1266 1183 1308 vementibus
1195 1267 1345 1324 pla-qis
1366 1266 1589 1309 Vitruvius
1611 1266 1654 1307 in
1677 1280 1717 1320 x,

236 1339 300 1394 13,
318 1338 371 1392 2,
393 1336 468 1379 ubi
498 1335 597 1378 libri
625 1335 884 1378 venientibus
901 1365 910 1375 .
933 1334 1146 1377 vehemens
1167 1339 1209 1378 et
1228 1351 1391 1378 vemens
1412 1333 1529 1390 apud
1552 1333 1718 1377 Cicero-

232 1419 330 1450 nem
359 1404 532 1460 legebat
562 1403 767 1445 Annaeus
798 1401 1036 1457 Cornutus,
1063 1415 1087 1445 e
1118 1416 1201 1458 quo
1234 1403 1408 1457 collegit
1430 1402 1718 1446 Cassiodorus

231 1490 273 1532 p.
291 1474 402 1517 2286
423 1471 642 1527 Putschii,
665 1475 707 1514 et
732 1470 904 1513 brevior
934 1470 1146 1526 scriptura
1175 1475 1294 1515 extat
1324 1471 1455 1514 hodie
1487 1471 1530 1513 in
1562 1470 1719 1526 epistu-

230 1543 314 1598 lis,
355 1554 492 1598 eaque
531 1540 652 1595 sola,
690 1539 728 1582 si
758 1538 914 1581 Furiae
951 1537 1057 1582 fides
1099 1540 1156 1583 ad
1188 1539 1341 1582 librum
1372 1554 1412 1591 v,
1434 1539 1496 1595 12,
1517 1539 1570 1595 3,
1604 1544 1645 1582 et
1675 1540 1719 1581 in

230 1611 402 1655 Arateis
422 1611 479 1654 53
496 1643 506 1663 ,
528 1611 755 1653 venientem
785 1609 843 1652 ad
865 1610 1052 1652 Atticum
1082 1609 1192 1652 libro
1215 1623 1306 1664 vm,
1323 1609 1363 1663 5,
1385 1610 1405 1650 1
1427 1641 1436 1650 .
1457 1609 1718 1650 Accmmzn

230 1693 309 1736 pro
339 1678 550 1724 Accedere
580 1677 853 1722 scribendum
884 1690 979 1721 esse
1009 1677 1171 1733 primus
1202 1677 1312 1720 vidit
1340 1677 1549 1719 Marullus
1569 1710 1579 1719 .

349 1748 471 1792 1029.
505 1746 646 1799 QUOD
674 1760 770 1788 NON
796 1760 1053 1788 PAULATnu
1079 1760 1303 1788 ΜῙΝυΑΝΤ
1329 1760 1601 1787 MIRALITER
1631 1760 1717 1788 oxu-

230 1830 319 1858 nns
337 1849 347 1859 .
367 1814 590 1870 Oblongus
620 1815 816 1858 miralier
832 1849 843 1870 ,
876 1815 1040 1858 scilicet
1070 1824 1086 1857 t
1114 1815 1258 1858 littera
1289 1827 1441 1858 erasa:
1474 1829 1720 1856 Minimum

231 1884 330 1928 Itali
361 1888 404 1928 et
431 1884 662 1941 impressi.
685 1883 764 1927 sed
794 1882 897 1926 mihi
929 1883 1009 1926 hoc
1029 1883 1181 1926 Latine
1208 1883 1293 1926 dici
1323 1896 1452 1939 posse
1483 1896 1569 1925 non
1602 1881 1718 1925 vide·

231 1958 327 2009 tur,
349 1954 492 1996 minuo
522 1954 630 1996 hanc
660 1969 748 1995 rem
765 1953 952 2010 facere:
983 1956 1097 1995 certe
1118 1952 1344 1994 Terentius
1366 1951 1491 1994 aliter
1513 1951 1647 2006 dixit,
1669 1967 1720 1993 ne

234 2022 440 2066 minueris
460 2022 560 2065 haec
587 2037 695 2078 quae
713 2022 831 2079 facis
854 2053 863 2063 .
887 2020 1033 2075 itaque
1064 2019 1337 2063 scribendum
1364 2024 1468 2075 puto
1498 2019 1612 2076 quod
1639 2036 1722 2062 non

231 2104 451 2132 Mx‘rTANT
466 2090 668 2132 mirarier
685 2121 694 2131 .
714 2089 758 2131 in
778 2103 835 2144 vl,
856 2089 965 2133 1056
981 2088 1105 2132 Illud
1117 2089 1162 2131 in
1184 2089 1250 2130 Izis
1266 2090 1389 2131 rebus
1403 2089 1564 2131 mirari
1577 2089 1691 2130 mitte
1708 2120 1718 2130 .

233 2160 277 2202 in
299 2158 452 2203 eodem
469 2158 524 2202 68
546 2158 747 2215 Zonqeque
767 2158 945 2200 remittis
965 2151 1049 2201 Dis
1069 2156 1251 2213 indiqna
1263 2166 1422 2214 putare
1440 2190 1448 2198 .
1471 2157 1516 2199 in
1535 2156 1646 2199 libro
1662 2169 1719 2211 w,

231 2229 314 2271 471
346 2227 624 2270 membranae
655 2226 814 2269 habent
842 2226 1016 2269 mituam
1047 2225 1290 2269 contendere
1320 2238 1398 2281 pro
1430 2226 1590 2268 mittam
1610 2258 1619 2267 .

349 2296 470 2340 1030.
491 2296 762 2338 ancmo
782 2308 931 2336 cAEm
953 2308 1157 2336 CLARUM
1177 2308 1454 2340 PURUMQUE
1473 2308 1719 2336 cononem.

232 2365 464 2421 Principio.
493 2363 598 2420 quid
634 2363 708 2407 fiat
742 2363 786 2406 in
817 2363 1025 2419 proximis
1056 2376 1142 2405 non
1173 2362 1352 2418 dicitur,
1375 2363 1453 2405 sed
1484 2363 1720 2406 subiectum

233 2437 299 2476 est
333 2433 454 2489 quasi
490 2432 670 2489 periodo
709 2432 911 2475 absoluta
950 2431 1104 2475 Omnia
1141 2448 1249 2488 quae
1286 2448 1397 2474 nunc
1434 2433 1477 2474 si
1499 2433 1693 2488 primu-m
1712 2465 1720 2474 .

233 2516 337 2558 ergo
369 2502 490 2545 deest
519 2501 588 2545 hic
618 2501 823 2556 verbum,
855 2513 942 2543 non
985 2500 1111 2543 aliter
1152 2513 1204 2543 ac
1241 2513 1375 2556 supra
1403 2499 1488 2543 342
1527 2500 1573 2542 in
1605 2500 1721 2554 illis,

233 2572 462 2614 Praeterea
484 2586 618 2627 genus
639 2570 868 2613 humanum
1026 2571 1214 2622 Quorum
1244 2585 1374 2611 unum
1404 2568 1575 2625 quidvis
1593 2601 1602 2611 .
1619 2569 1722 2611 Scri-

234 2638 422 2682 bendum
460 2643 525 2682 est
560 2639 846 2681 szcnuro
891 2639 1004 2682 caeli
1035 2639 1198 2681 clarum
1239 2653 1480 2694 purumque
1516 2637 1694 2680 colorem
1712 2670 1720 2678 .

235 2708 296 2750 ita
310 2708 356 2750 in
375 2721 412 2763 V,
430 2707 486 2750 92
502 2707 727 2764 Principio
747 2709 890 2750 maria
920 2723 969 2751 ac
1001 2716 1137 2750 terras
1168 2706 1411 2761 caelumque
1442 2714 1554 2748 tuere
1571 2722 1585 2760 ,·
1615 2707 1722 2758 Quo-

235 2792 331 2818 rum
352 2784 549 2818 naturam
570 2774 776 2831 triplicem
799 2779 877 2819 etc.
898 2776 942 2818 in
970 2790 1010 2830 V,
1028 2775 1111 2818 318
1136 2775 1332 2830 Denique
1363 2774 1448 2815 iam
1480 2782 1592 2816 tuere
1623 2775 1696 2817 hoc
1711 2808 1722 2828 ,

236 2845 395 2887 circum
424 2858 639 2899 supraque
669 2843 783 2898 quod
811 2860 969 2887 omnem
1001 2843 1190 2887 Continet
1219 2842 1419 2898 ampleaeu
1450 2849 1605 2883 terram
1623 2874 1631 2883 .

353 2912 474 2955 1031.
507 2909 762 2962 QUAEQUE
794 2926 840 2952 m
878 2926 933 2953 sn
972 2924 1225 2953 commem·
1256 2923 1512 2951 PALANTIA
1543 2924 1723 2951 smERA

235 2994 419 3022 PASSIM
452 3013 459 3020 .
494 2980 630 3022 Immo
662 2979 860 3036 Quaeque
896 2981 943 3022 in
978 2997 1021 3022 se
1051 2992 1267 3021 comem*
1299 2977 1491 3033 caelum,
1526 2979 1724 3036 palantia
