2040 3328
546 230 621 271 118
1243 230 1284 270 ΙΙ

540 340 676 382 sciens
696 355 704 382 ε
737 341 950 382 Bentleius
972 340 1082 382 enim
1103 339 1207 380 illud
1226 340 1372 381 melius
1387 374 1397 392 ,
1421 342 1532 394 quod
1556 342 1774 392 delirantis
1795 346 1881 394 est,
1903 355 1986 384 non

539 407 737 461 scripsit,
759 406 835 448 sed
856 407 961 448 haec
982 405 1229 459 verissima,
1252 405 1428 448 ‘Versus
1457 408 1623 450 luxatos
1653 409 1713 450 sic
1732 409 1776 450 in
1797 407 1987 450 ordinem

540 473 715 515 restituo
734 473 756 514 .’

652 539 745 580 749.
777 552 1010 579 Mum-Armi
1040 553 1096 578 ET
1128 552 1274 579 cums
1293 571 1302 581 .
1322 539 1526 580 Antonius
1547 540 1668 582 Marii
1690 545 1731 583 et
1751 541 1989 595 Naugerius

539 621 583 646 m
614 605 917 647 omnismiirm·
939 606 1162 647 Marullum
1183 606 1402 660 scripsisse
1426 607 1467 647 in
1497 607 1658 660 omnia,
1691 608 1914 650 Avantium
1945 610 1990 650 in

542 673 657 714 omn-i
670 704 678 713 .

653 739 884 781 757—806.
917 739 1219 780 PRAETEREA
1250 754 1290 779 Sl
1313 771 1322 780 .
1354 739 1440 781 Hos
1462 753 1632 794 versus,
1657 753 1760 794 quos
1781 740 1847 782 hic
1867 741 1990 783 omis·
2024 755 2025 758 ¹

540 819 609 848 sos
647 805 878 860 quadratus
919 810 1016 860 post
1059 806 1210 848 librum
1259 802 1422 847 sextum
1459 806 1627 848 exhibet
1648 839 1657 860 ,
1688 806 1992 860 quinquaginta

473 916 479 922 ,
539 872 645 914 duos
677 885 770 914 esse
802 872 1018 926 intelleget
1048 872 1118 925 qui
1149 871 1287 914 indice
1319 873 1594 926 capitulorum
1616 873 1672 914 uti
1695 873 1918 916 didicerit.
1940 887 1992 915 ex

541 939 689 981 eodem
723 942 862 980 autem
893 940 1076 981 numeris
1113 938 1328 980 subductis
1365 939 1590 993 apparebit
1626 939 1733 981 hanc
1768 953 1861 982 esse
1896 940 1993 982 libri

539 1004 710 1047 secundi
755 1005 954 1047 schedam
995 1008 1158 1047 sextam
1196 1005 1401 1047 decimam
1421 1020 1430 1046 ε
1474 1019 1571 1047 nam
1612 1006 1803 1048 versibus
1841 1010 1994 1061 poe'tae

539 1086 690 1112 Dccnvl
720 1071 907 1114 addendi
938 1077 1033 1115 sunt
1062 1072 1173 1113 tituli
1202 1086 1303 1113 xx1v
1324 1104 1334 1124 ,
1365 1072 1434 1126 qui
1465 1071 1567 1114 fiunt
1595 1085 1744 1114 versus
1774 1087 1993 1126 Dccnxxx,

540 1138 619 1180 hoc
649 1143 712 1180 est
742 1139 926 1193 paginae
956 1155 1043 1180 xxx
1073 1152 1268 1181 versuum
1299 1139 1496 1192 vigenum
1527 1153 1672 1181 senum
1696 1170 1706 1180 .

651 1205 746 1247 759.
787 1219 1072 1248 OMNIGENUS
1096 1233 1207 1235 —Q
1229 1220 1447 1247 conones
1476 1237 1484 1246 .
1518 1205 1586 1247 Sic
1617 1206 1871 1260 aliquotiens
1900 1206 1994 1248 libri

540 1276 705 1315 veteres
724 1305 732 1326 ,
759 1271 859 1314 item
881 1273 923 1315 in
943 1274 1146 1316 Varronis
1167 1286 1306 1316 rerum
1326 1273 1572 1314 rusticarum
1592 1287 1653 1328 111,
1676 1274 1716 1327 5,
1745 1274 1793 1314 11
1820 1273 1871 1314 14
1891 1290 1996 1329 quae

538 1349 637 1381 sunt
666 1340 810 1380 avibus
831 1340 1070 1395 ommzqcmcs
1092 1342 1276 1397 oppletae
1306 1344 1347 1382 et
1377 1356 1472 1382 aves
1501 1349 1595 1381 sunt
1618 1341 1861 1396 ommyenus
1880 1372 1889 1381 .
1907 1353 1999 1382 Sae-

537 1406 632 1461 pius
663 1409 803 1447 tamen
835 1409 876 1447 et
905 1407 1058 1449 rectius
1089 1408 1288 1462 scriptum
1319 1421 1445 1447 OMNE
1474 1423 1603 1462 qenus
1634 1437 1644 1447 .
1693 1411 1901 1449 corrector
1932 1407 2000 1448 ob-

537 1473 680 1526 longi,
713 1472 811 1513 item
842 1472 1048 1514 Antonius
1078 1473 1199 1515 Marii
1231 1478 1272 1516 et
1302 1486 1445 1515 omnes
1476 1474 1699 1528 impressi,
1733 1474 1997 1528 omquenos.

537 1540 615 1582 hoc
645 1539 797 1581 falsum
829 1551 922 1581 esse
954 1539 1251 1583 demonstrabo
1282 1540 1337 1582 ad
1367 1540 1518 1582 librum
1549 1555 1587 1595 V,
1611 1540 1693 1581 441
1721 1555 1730 1582 z
1764 1541 2003 1596 omniqeffnus

537 1607 717 1648 fortasse
748 1605 943 1648 dixerunt
973 1607 1045 1660 qui
1075 1608 1198 1649 unius
1228 1621 1251 1650 e
1282 1607 1444 1650 duobus
1475 1607 1716 1649 accentibus
1757 1607 1915 1649 vellent
1944 1606 2003 1649 fa-

537 1686 632 1715 cere
662 1672 982 1727 compendium.
1005 1677 1115 1716 certe
1146 1675 1272 1716 simili
1303 1674 1427 1716 modo
1460 1675 1590 1716 multa
1620 1673 1996 1733 conglutinarunt,

536 1740 781 1783 omm'mddz's
795 1773 807 1793 ,
843 1740 1097 1782 multimo'dis
1111 1774 1122 1795 ,
1165 1751 1248 1783 tam
1287 1743 1366 1783 έέεί
1399 1755 1476 1796 pro
1517 1745 1651 1783 ca'men
1689 1750 1725 1783 et
1763 1744 1806 1782 si
1818 1772 1829 1792 ‚
1868 1744 2002 1782 antire

532 1809 611 1861 (sic
641 1807 757 1862 apud
791 1806 982 1848 Gratium
1010 1807 1137 1863 385),
1179 1809 1347 1851 domicio
1371 1809 1654 1864 paeninsula,
1687 1807 1996 1863 paenultimus,

534 1876 782 1931 magyno'pere
797 1906 808 1927 ‚
830 1875 1041 1929 tanto'pere
1059 1907 1070 1928 ,
1093 1877 1340 1931 acqua'm'mo
1361 1876 1441 1930 (sic
1462 1875 1716 1929 glossarium
1732 1873 1969 1926 Philoxeni)
1987 1906 1996 1929 ,

538 1943 638 1985 item
660 1944 855 1996 correpta
874 1941 1015 1983 vocali
1039 1942 1170 1996 longa
1184 1943 1403 1999 siquidem,
1421 1941 1770 1998 quandoquidem,
1787 1940 1996 1996 qu6modo,

541 2012 800 2051 consonante
820 2009 993 2063 paulum
1011 2008 1218 2052 inmutata
1234 2026 1352 2066 quem
1375 2009 1624 2062 (immodum,
1646 2007 1897 2062 iandzidum,
1919 2007 1995 2049 ali-

540 2077 750 2132 quandiu,
783 2079 1006 2131 ta'nquam,
1033 2078 1238 2132 po'squam
1256 2108 1266 2119 .

651 2144 744 2186 760.
775 2142 1078 2183 PRAETEREA
1099 2157 1255 2184 MAGNI
1277 2158 1406 2190 QUOD
1422 2157 1607 2184 REFERT
1625 2175 1634 2183 .
1653 2141 1859 2184 Antonius
1874 2140 1996 2182 Marii

542 2214 583 2252 et
605 2210 812 2252 Marullus
834 2209 1165 2264 PROPTEREA3
1197 2210 1310 2264 quod
1335 2210 1528 2253 Gifanius
1551 2208 1857 2262 Creechiusque
1885 2211 1997 2250 recte

537 2277 794 2332 probarunt,
827 2277 1056 2318 Lambinus
1080 2280 1121 2318 et
1141 2277 1434 2320 Wakefieldus
1465 2277 1765 2331 neglexerunt.
1788 2274 1993 2328 Forbiger

536 2344 638 2398 quid
668 2343 855 2398 faceret,
886 2344 969 2385 nisi
1001 2344 1322 2386 contemneret?

647 2411 742 2452 763.
775 2411 1063 2451 PERFACILE
1094 2425 1322 2452 EXEMPLO
1347 2444 1356 2453 .
1378 2410 1609 2452 Brixiensis
1641 2409 1776 2452 editor
1805 2411 1846 2451 et
1874 2408 1994 2450 Lam-

535 2478 661 2520 binus
690 2491 950 2518 EXTEMPLO
975 2509 984 2518 .

580 2581 585 2588 .
648 2544 740 2587 765.
773 2558 907 2584 mum
937 2558 1159 2588 Possunr
1183 2578 1192 2588 ,
1215 2546 1444 2587 Lambinus
1473 2556 1684 2585 Possum·
1707 2574 1716 2583 .

647 2613 741 2654 779.
774 2625 998 2656 QUIDDAM
1029 2625 1337 2657 QUADRATUM
1367 2626 1574 2657 UNAQUE
1604 2622 1842 2651 memus.
1865 2609 1993 2651 Anto-

534 2681 630 2722 nius
651 2679 774 2721 Marii
796 2681 838 2720 et
857 2677 1060 2720 Marullus
1068 2679 1219 2734 fissura
1240 2689 1325 2721 est:
1355 2680 1509 2722 rectius
1539 2678 1637 2719 olim
1667 2676 1862 2731 impressi
1891 2692 1993 2718 una-

534 2763 612 2802 que
640 2758 829 2787 FIGURA
861 2777 870 2787 .
903 2746 1086 2787 Muretus
1116 2762 1306 2802 anaeque
1323 2747 1520 2803 fiyurae,
1553 2747 1698 2786 contra
1727 2742 1991 2785 consuetudi-

533 2826 630 2855 nem
659 2812 872 2867 Lucretii,
905 2812 978 2867 qui
1010 2811 1114 2854 dixit
1144 2814 1269 2855 unius
1302 2814 1453 2867 leorae,
1485 2813 1573 2865 rei,
1602 2811 1766 2867 yuttai.

646 2881 740 2922 780.
771 2893 854 2921 un
873 2894 919 2920 m
941 2879 1529 2926 QUADRATO.S01·ibendum
1551 2882 1614 2925 est
1641 2891 1700 2919 υτ
1730 2878 1799 2931 in,
1830 2881 1875 2919 ut
1903 2876 1991 2919 dixi

532 2958 655 2988 versu
686 2946 767 2988 322
791 2977 800 2989 .
