2040 3328
920 222 958 265 V
1602 223 1684 265 327

201 339 329 382 locuti
348 341 446 382 sunt
462 351 575 381 novo
597 351 742 393 more,
765 341 948 393 postque
965 350 1040 380 eos
1058 335 1279 380 Phaedrus
1301 337 1462 393 iurqii,
1486 336 1684 390 luscinii,

202 406 440 452 Columella
469 406 512 448 in
543 421 580 462 x,
601 406 681 449 182
697 406 781 450 356
803 406 985 450 Caecilii
1005 409 1048 448 et
1068 405 1304 447 marrubii.
1327 404 1467 447 minus
1498 408 1657 447 certum
1675 437 1686 458 ,

199 479 303 532 puto
321 507 331 530 ,
354 475 398 518 in
419 474 604 530 Priapeo
623 475 681 519 50
700 475 948 532 supercilii,
970 473 1044 516 ubi
1064 472 1254 516 ablativo
1275 474 1438 529 pariter
1459 473 1579 516 locus
1601 476 1685 516 est:

200 543 359 598 Dirae,
390 543 627 599 Moretum,
661 543 870 598 Gratius,
902 542 1088 598 epitome
1118 541 1314 597 Iliados,
1348 541 1491 597 Ciris,
1525 541 1686 597 Culex,

200 611 336 656 neutri
357 611 472 668 parti
504 611 679 655 favent.
701 614 848 654 tenent
872 623 1031 654 novum
1062 622 1223 652 morem
1244 609 1435 665 Seneca,
1458 610 1685 665 Lucanus,

199 680 458 735 Petronius,
481 680 680 724 Valerius
709 680 918 733 Flaccus,
946 678 1135 732 Statius,
1164 677 1324 733 Silius,
1353 677 1591 732 Martialis,
1620 679 1687 720 Iu-

199 749 367 793 venalis
384 771 398 792 .-
417 749 663 805 Propertius
694 761 797 792 vero
819 746 1079 791 adiectivum
1109 759 1281 802 quoque
1310 758 1468 788 nomen
1500 746 1686 789 breviori

199 818 276 861 illa
306 817 496 872 genetivi
527 816 758 860 inflexione
789 815 968 870 extulit,
992 813 1069 858 sed
1099 828 1257 870 unum,
1279 815 1405 858 Nunc
1435 815 1551 857 Iovis
1582 815 1685 856 inci-

192 888 316 944 piam
336 902 490 929 causas
510 887 678 942 aperire
699 886 890 939 Feretri,
914 887 956 927 et
975 883 1091 926 Hinc
1111 884 1281 926 Feretri
1297 883 1411 926 dicta
1438 892 1496 926 est
1517 899 1597 925 ara
1618 899 1685 925 su-

189 955 329 1012 perba
349 955 463 997 Iovis
479 986 490 996 .
512 953 626 998 idem
655 955 726 1009 qui
758 956 928 1009 praeter
958 951 1070 995 hunc
1099 952 1194 995 ausi
1221 952 1332 1007 sint,
1355 952 1604 995 Iuvenalem
1625 951 1686 994 in-

199 1023 326 1068 venio
347 1056 357 1078 ,
380 1022 501 1066 cuius
532 1026 598 1066 est
617 1023 662 1066 in
682 1023 818 1066 satira
838 1036 895 1076 VI,
912 1021 995 1064 385
1026 1022 1209 1063 nominis
1224 1020 1369 1077 Appi,
1393 1023 1435 1064 et
1455 1019 1684 1074 Senecam,

199 1092 272 1148 qui
286 1091 458 1147 scripsit
473 1090 517 1133 in
532 1091 769 1147 Hippolyto
789 1089 900 1134 1022
920 1105 1074 1132 viamen
1089 1089 1312 1146 Epidauri
1323 1089 1410 1132 dei.
1431 1102 1532 1131 nam
1554 1088 1686 1131 fuisse

199 1159 272 1217 qui
293 1159 444 1217 Satyri
463 1160 642 1203 Tarenti
657 1159 700 1201 in
721 1158 936 1213 georgicis
959 1157 1141 1212 Vergilii
1161 1172 1205 1212 11,
1226 1157 1305 1202 197
1330 1162 1372 1201 et
1389 1157 1574 1213 scopulis
1594 1173 1685 1199 sur-

198 1229 295 1273 dior
312 1228 456 1282 Icari,
480 1227 596 1283 quod
616 1232 681 1270 est
710 1227 827 1283 apud
848 1227 1072 1270 Horatium
1102 1238 1231 1269 carm.
1253 1240 1315 1282 111,
1334 1227 1371 1280 7,
1390 1226 1442 1268 21
1461 1258 1471 1280 ,
1494 1226 1556 1268 ita
1576 1225 1686 1268 acci-

197 1300 348 1353 perent
363 1295 490 1351 quasi
507 1299 651 1339 essent
665 1295 837 1353 Satyrii
850 1299 892 1338 et
906 1295 1047 1338 Icarii
1057 1328 1068 1349 ,
1091 1307 1231 1350 neque
1249 1294 1453 1338 credibile
1469 1298 1533 1337 est
1549 1307 1687 1349 neque

197 1364 375 1419 dignum
405 1365 639 1408 memoria.
660 1377 797 1420 nuper
826 1367 969 1407 tamen
1000 1362 1128 1406 homo
1160 1363 1336 1419 quidam
1358 1362 1509 1406 doctus
1541 1364 1692 1406 comici

197 1449 362 1477 versum
393 1445 518 1488 quem
539 1432 642 1476 dicit
661 1432 827 1476 Plinius
858 1432 902 1474 in
933 1432 1143 1476 naturalis
1174 1432 1381 1475 historiae
1410 1431 1684 1487 x1v‚14,16‚

196 1514 275 1558 pro
307 1501 532 1545 Luciliano
562 1501 813 1546 hexametro
850 1501 1091 1546 venditavit
1126 1501 1253 1543 nimis
1283 1513 1432 1544 secure
1462 1501 1523 1544 ita
1553 1501 1685 1557 scrip-

198 1576 315 1625 tum,
339 1570 532 1627 Quinque
555 1571 690 1613 Thasi
705 1570 799 1612 vini
826 1569 1067 1627 depromam
1083 1603 1094 1625 ,
1117 1571 1218 1612 bina
1239 1570 1444 1612 Falerni.
1466 1569 1570 1612 mihi
1599 1583 1685 1613 cer-

198 1643 287 1683 tum
315 1637 485 1682 videtur
515 1638 701 1682 Plinium
732 1638 845 1682 hunc
883 1652 1055 1682 versum
1086 1638 1247 1682 referre
1279 1637 1336 1681 ad
1368 1642 1562 1693 tempora
1592 1638 1685 1681 Sul-

197 1708 326 1752 lana:
348 1710 535 1750 ceterum
557 1707 705 1762 copias
726 1707 868 1762 Siligii
890 1707 1185 1763 expectandas
1204 1719 1358 1750 censeo
1377 1739 1385 1762 ‚
1409 1719 1684 1762 necspossum

197 1776 341 1819 dicere
372 1787 500 1830 quam
538 1787 640 1818 vere
675 1775 948 1819 scribendum
980 1776 1238 1819 coniecerim
1270 1776 1383 1828 Quin
1417 1775 1571 1833 Thoe‘sii
1596 1777 1691 1819 vini

197 1844 308 1888 dena
317 1859 511 1902 promam
527 1875 538 1898 ,
555 1843 656 1886 bina
670 1844 851 1887 Falerni
863 1844 979 1888 dolia
996 1877 1005 1886 .
1023 1857 1154 1900 porro
1171 1844 1536 1887 substantivorum
1555 1842 1686 1887 Grae·

197 1926 342 1958 corum
372 1911 597 1967 genetivos
627 1912 673 1955 in
703 1913 898 1956 vocalem
919 1914 941 1955 i
966 1912 1207 1968 simplicem
1235 1916 1439 1956 exeuntes
1472 1925 1558 1955 non
1579 1912 1685 1954 nulli

197 1980 461 2038 probarunt,
484 1980 545 2023 ita
575 1985 718 2023 tamen
739 1980 777 2023 si
809 1985 908 2023 ante
938 1994 1033 2024 eam
1062 1981 1209 2037 plures
1230 1993 1377 2024 morae
1407 1983 1576 2035 essent,
1599 1995 1684 2024 non

197 2062 286 2093 una
305 2051 471 2092 tantum
489 2063 498 2090 ε
520 2059 620 2091 nam
640 2047 888 2092 Priscianus
909 2049 1227 2105 imperitissime
1247 2048 1293 2090 in
1314 2048 1535 2092 Aeneidos
1556 2064 1583 2105 1,
1602 2050 1686 2092 222

197 2119 307 2161 Fata
328 2117 442 2174 Lyci
467 2116 768 2172 interpretatur
791 2118 943 2174 Lycii,
965 2132 1005 2173 p.
1024 2117 1107 2161 946
1125 2151 1134 2172 ,
1159 2121 1201 2160 et
1231 2116 1340 2160 dixit
1360 2118 1534 2160 Bromii
1549 2118 1685 2160 tribus

197 2185 379 2243 syllabis
409 2186 546 2228 Varro
560 2183 695 2240 v”apud
727 2185 915 2228 Nonium
946 2200 987 2242 p.
1008 2186 1176 2242 71,18,
1204 2185 1466 2242 Defrondem
1482 2220 1493 2241 ,
1516 2187 1691 2230 Bromii

197 2254 491 2298 autumnitatis
520 2252 694 2296 avidam
708 2286 719 2308 ,
742 2253 826 2296 nisi
847 2258 991 2297 tamen
1017 2253 1061 2297 id
1083 2267 1239 2298 nomen
1259 2254 1404 2311 potius
1426 2254 1684 2298 adiectivum

197 2327 264 2367 est
280 2356 290 2366 .
311 2323 376 2366 sic
395 2323 527 2378 igitur
549 2321 726 2365 Plautus
751 2322 952 2378 Talthybi
967 2322 1014 2366 in
1029 2322 1175 2366 Sticho
1197 2338 1242 2379 11,
1260 2324 1299 2379 2,
1317 2324 1374 2366 33
1391 2357 1400 2379 ,
1420 2324 1624 2380 ‚qyrnnasi
1640 2323 1685 2365 in

197 2391 426 2436 Bacchisin
436 2405 498 2447 111,
509 2391 549 2447 3,
558 2390 610 2432 21
623 2423 633 2446 ,
645 2390 868 2434 Lueretius
877 2390 1009 2448 Aeyi,
1027 2392 1230 2447 absinthi,
1248 2393 1458 2446 centauri,
1476 2392 1684 2448 conchyli,

198 2460 389 2504 Catullus
428 2460 552 2503 Pelei
587 2459 744 2503 montis
767 2492 776 2514 ‚
814 2460 1009 2516 conchyli
1024 2493 1035 2514 ,
1067 2462 1272 2517 yy‘mnasi
1285 2493 1296 2515 ‚
1329 2459 1512 2504 Ovidius
1552 2460 1685 2503 semel

197 2529 338 2585 Rheyi
363 2532 533 2571 metam.
555 2527 713 2584 x1v,5,
742 2527 900 2570 Aconti
925 2527 970 2570 in
1000 2528 1185 2583 Priapeo
1216 2542 1316 2585 xvr,
1345 2529 1532 2572 balausti
1560 2528 1683 2572 Colu-

197 2596 328 2640 mella
357 2597 400 2639 in
430 2612 468 2652 x,
485 2597 566 2640 297
585 2629 595 2651 ,
619 2595 781 2639 Statius
803 2594 938 2639 Theb.
954 2610 1012 2650 xl,
1030 2596 1114 2639 636
1135 2597 1247 2651 Lai,
1270 2596 1387 2652 quod
1408 2597 1562 2640 vitiose
1584 2596 1683 2639 scri-

198 2664 312 2707 bitur
332 2666 462 2708 Laii.
483 2664 687 2708 Horatius
709 2663 766 2706 ad
786 2663 898 2706 hunc
917 2663 1091 2707 modum
1123 2664 1234 2707 dixit
1253 2667 1407 2708 Libros
1427 2665 1616 2708 Panaeti
1642 2668 1685 2706 et

197 2732 385 2788 Dionysi
387 2732 515 2787 filius
531 2747 544 2774 .·
565 2731 619 2775 de
649 2732 729 2775 hoc
756 2732 869 2775 enim
890 2732 1073 2775 Bentleii
1103 2733 1361 2776 sententiam
1380 2732 1581 2788 probabit
1612 2732 1683 2787 qui

199 2812 252 2843 ea
282 2798 618 2842 consideraverit
638 2812 750 2854 quae
771 2798 953 2842 Carolus
974 2799 1142 2843 Keilius
1175 2801 1219 2842 in
1240 2800 1476 2857 specimine
1508 2812 1681 2842 onoma-

198 2867 335 2922 tologi
374 2867 527 2910 Graeci
545 2899 555 2922 ,
583 2866 758 2922 Lipsiae
798 2879 911 2910 anno
954 2867 1062 2910 1840
1097 2867 1212 2911 edito
1231 2901 1240 2923 ,
1270 2867 1506 2924 disputavit
1540 2881 1580 2924 p.
1599 2868 1681 2923 24,

198 2947 278 2978 nec
308 2934 436 2978 facile
471 2947 728 2990 quemquam
759 2935 976 2992 Dionysus
1006 2936 1337 2979 Trimalchionis
1375 2949 1524 2979 servus
1555 2936 1682 2979 alior-

198 3016 291 3047 sum
329 3002 495 3046 trahet.
525 3003 601 3046 sed
638 3004 768 3058 longe
803 3002 993 3046 maxima
1029 3016 1128 3060 pars
1166 3007 1388 3061 poctarum
1431 3005 1511 3050 hac
1545 3003 1683 3050 forma
