2040 3328
874 225 931 265 VI
1067 215 1072 219 ⁹
1153 248 1159 254 ·
1558 225 1641 267 363

165 340 239 383 dos
269 339 572 381 collocaretur:
593 338 692 380 vide
713 329 935 381 Kellerum
956 339 997 380 in
1026 339 1295 381 semestrium
1315 354 1346 380 11
1376 354 1417 396 p.
1434 340 1518 382 443
1537 355 1546 382 z
1568 341 1642 383 Er-

164 405 364 450 furtensis
395 405 531 448 codex
562 406 691 450 habet
726 407 1095 450 coniunctionem.
1119 421 1171 449 ex
1201 408 1337 463 poetis
1374 409 1440 451 bis
1471 409 1531 451 ita
1560 409 1642 451 Ho-

164 475 326 530 ratius,
348 474 459 517 nihil
487 473 709 518 adlabores
737 475 946 530 Sedulus,
968 492 1067 518 curo
1083 509 1094 530 7
1117 480 1159 517 et
1186 476 1413 532 -Imprimat
1442 478 1508 519 his
1539 493 1642 519 cura

164 544 390 586 Maecenas
410 544 534 599 szjqrza
556 543 719 586 tabellis
736 577 747 597 ‚
771 556 909 598 neque
931 544 967 585 is
989 556 1190 597 umquam
1211 553 1256 585 ut
1276 544 1444 587 addidit
1462 577 1470 587 .
1495 545 1642 599 Vergi-

162 611 246 654 lius
277 610 450 665 quidem
482 609 662 654 Ovidius
693 611 912 654 Iuvenalis
943 615 1096 654 neutra
1126 611 1291 654 ratione
1322 612 1389 654 usi
1419 616 1542 655 sunt:
1564 612 1640 656 sed

162 679 386 722 Lucretius
406 694 467 734 111,
489 679 566 721 127
590 695 742 722 curare
762 681 807 721 i‘n
828 680 1022 722 membris
1043 688 1088 721 ut
1107 680 1193 722 vita
1208 688 1390 722 moretur
1411 684 1452 722 et
1474 695 1512 735 v,
1533 681 1641 724 1015

162 748 284 804 Iqm‘s
306 749 414 790 enim
435 748 601 791 curavit
620 756 666 790 ut
686 748 798 790 alsia
819 763 997 804 corpora
999 747 1155 804 frique
1170 748 1268 790 Non
1289 749 1350 790 ita
1370 749 1458 790 iam
1473 758 1642 804 possen-t

161 816 275 859 caeli
290 816 365 858 sub
387 815 698 872 teymineferre
715 846 724 857 .
749 829 852 870 ergo
871 815 939 858 hic
955 819 1028 857 aut
1047 828 1141 858 cum
1162 815 1372 858 Lambino
1396 815 1640 859 addendum

162 887 318 938 estut,
341 888 414 926 aut
434 884 576 940 potius
605 883 848 926 faciendum
871 884 1003 928 Curat
1022 898 1139 925 urm
1167 886 1283 926 vasis
1303 885 1505 941 inteqris.
1529 885 1641 927 simi-

161 953 260 995 liter
290 952 556 1007 exemplaria
585 965 765 1007 peccare
790 952 977 996 vidimus
1008 952 1114 994 libro
1136 966 1163 1007 1,
1183 952 1265 995 753
1297 957 1339 995 et
1368 954 1492 996 tertio
1524 953 1641 996 vidc-

162 1021 301 1063 bimus
332 1019 448 1063 infra
477 1033 603 1063 versu
638 1021 746 1064 1022
763 1054 772 1064 .

275 1089 373 1131 233.
404 1102 637 1134 RAREQUE
680 1103 824 1130 FAcrr
876 1103 1198 1131 LATERAMINA
1228 1104 1382 1143 >vuels
1405 1124 1415 1134 .
1448 1090 1640 1142 Quadra-

150 1155 361 1214 'tusfacet
377 1190 386 1198 .
409 1144 622 1210 oblongus
645 1157 780 1200 latera
808 1159 955 1201 minua
973 1191 981 1200 .
1003 1158 1248 1202 Marcianus
1270 1159 1448 1215 Capella
1467 1160 1576 1202 libro
1593 1174 1642 1200 111

162 1229 200 1280 ξ.
212 1226 295 1270 295
311 1226 536 1268 Lucretius
553 1234 689 1268 tamen
701 1228 892 1283 qerzetivo
908 1228 1017 1281 vasi,
1035 1229 1261 1284 utrarique
1262 1228 1381 1284 facit
1391 1228 1642 1271 lateramina

161 1296 259 1337 vasi
273 1327 282 1336 .
303 1297 527 1348 utramque
558 1294 749 1348 genetivi
780 1294 962 1338 formam
995 1295 1214 1339 Charisius
1245 1296 1443 1350 agnoscit
1471 1310 1512 1351 p.
1534 1296 1640 1350 119,

161 1363 281 1405 cuius
310 1367 501 1417 tempore
531 1378 678 1404 vasum
709 1363 977 1418 antiquatum
1009 1368 1126 1420 erat,
1150 1364 1227 1407 sed
1258 1365 1389 1418 vulgo
1421 1364 1642 1407 dicebatur

160 1448 261 1475 vaso
276 1465 287 1487 ,
310 1445 395 1487 quo
416 1431 502 1474 iam
523 1443 626 1474 usus
651 1436 715 1474 est
736 1430 975 1474 Columella
996 1447 1040 1488 11,
1059 1433 1096 1488 2,
1116 1433 1196 1476 20.
1220 1433 1440 1476 Vitruvius
1462 1447 1551 1488 vm,
1569 1433 1642 1488 1‚4

159 1516 258 1543 vaso
274 1533 285 1555 ,
307 1499 384 1543 sed
406 1499 519 1542 idem
540 1500 586 1542 in
618 1516 766 1542 vasum
788 1514 832 1541 1x
863 1501 998 1555 praef.
1022 1502 1070 1543 11
1091 1535 1100 1544 .
1124 1501 1454 1544 declinationem
1475 1503 1618 1558 iuyeri
1630 1535 1640 1555 ‚

160 1568 204 1610 in
235 1581 323 1623 qua
342 1568 562 1611 simillima
583 1568 838 1623 imparilitas
860 1573 951 1625 est,
974 1574 1074 1613 ante
1105 1571 1271 1625 aliquot
1292 1584 1428 1612 annos
1450 1570 1574 1612 docui
1597 1570 1640 1612 in

158 1649 272 1679 novo
309 1649 457 1679 museo
487 1636 694 1679 Rhenano
724 1651 774 1677 111
803 1651 846 1693 p.
864 1638 975 1681 609:
997 1638 1074 1681 sed
1111 1643 1198 1681 tum
1227 1639 1496 1694 praetermisi
1527 1640 1642 1695 iuye-

159 1721 301 1748 rerum
330 1705 601 1759 genetivum,
625 1717 751 1759 quem
782 1706 948 1748 notavit
978 1719 1032 1749 ex
1058 1707 1224 1749 Lucilio
1247 1706 1464 1750 Charisius
1495 1721 1535 1763 p.
1557 1707 1640 1760 40,

159 1772 231 1827 ubi
262 1773 467 1829 scriptum
499 1777 564 1816 est
593 1774 815 1830 iugerum⁴7
838 1774 955 1829 quod
985 1775 1185 1818 dixerunt
1216 1789 1363 1817 omnes
1381 1810 1390 1819 .

274 1841 373 1884 234.
404 1842 696 1884 ADVENIENS
729 1855 887 1883 cALon
918 1856 1058 1897 mus,
1080 1858 1140 1885 UT
1171 1858 1465 1886 msmUA'rus
1496 1858 1543 1885 IN
1573 1859 1640 1884 IP-

160 1924 254 1952 SUM
302 1910 590 1952 MOBILITER
645 1924 861 1951 SOLVENS
918 1925 1128 1953 DIFFERT
1182 1926 1461 1954 PRIMORDIA
1513 1926 1615 1953 VINI
1631 1945 1639 1953 .

158 1978 278 2021 Haec
307 1979 412 2033 quia
440 1978 700 2021 sententiam
730 1992 815 2021 non
849 1978 1039 2034 faciunt,
1062 1979 1332 2023 Wakefieldo
1370 1981 1546 2035 eiusque
1577 1994 1642 2024 as-

159 2047 286 2091 seclis
315 2047 596 2103 placuerunt.
620 2051 801 2102 apparet
836 2052 981 2091 autem
1018 2048 1288 2091 scribendum
1326 2062 1421 2091 esse
1452 2063 1508 2090 nr
1539 2051 1640 2092 insi-

159 2124 315 2158 nuatus
333 2148 342 2157 .
366 2115 578 2157 Antonius
609 2115 732 2158 Marii
771 2125 816 2158 ut
855 2117 1119 2160 insinuetur.
1142 2117 1365 2160 Marullum
1402 2122 1443 2160 et
1474 2118 1643 2160 Lambi-

157 2197 260 2226 num
280 2183 436 2227 fefellit
455 2183 758 2239 impressorum
777 2184 1086 2240 exemplarium
1107 2186 1254 2229 vitium
1273 2218 1282 2240 ,
1304 2186 1348 2227 in
1371 2185 1527 2240 quibus
1550 2190 1641 2228 erat

157 2261 203 2294 ut
217 2252 463 2294 insz'nuatur
480 2282 490 2293 .
511 2252 771 2295 recentiores
795 2252 1010 2295 debebant
1030 2254 1139 2296 scire
1160 2263 1205 2296 ut
1225 2267 1302 2310 pro
1324 2255 1401 2296 ubi
1417 2255 1459 2296 in
1483 2259 1641 2310 tempo-

158 2320 217 2362 ris
247 2319 560 2373 significatione
589 2333 676 2363 non
707 2334 803 2364 esse
833 2321 1079 2365 Lucretiani
1111 2336 1212 2365 usus
1232 2356 1242 2366 .

273 2388 370 2431 237.
401 2402 562 2434 USQUE
598 2403 730 2431 Anno
768 2403 982 2431 TELLENS
1028 2405 1252 2432 Fenvmzn
1294 2405 1519 2433 conusco
1540 2425 1548 2434 .
1572 2392 1642 2434 Sic

157 2460 353 2511 veteres,
374 2456 456 2498 nisi
490 2457 605 2512 quod
634 2458 678 2500 in
710 2458 897 2512 oblongo
930 2464 994 2502 est
1025 2476 1184 2516 usquae
1205 2461 1348 2515 priore
1379 2477 1408 2502 u
1439 2460 1482 2502 in
1513 2461 1643 2502 litura

156 2525 296 2580 posito
314 2557 323 2567 .
345 2538 574 2566 rnnvonn
606 2530 866 2570 correctores
897 2528 1122 2583 utriusque
1149 2529 1376 2571 Vossiani.
1401 2529 1547 2571 tollens
1578 2530 1637 2570 in-

157 2596 255 2647 epte
290 2597 503 2635 corrector
540 2594 716 2649 oblongi
735 2628 744 2649 ‚
767 2608 906 2649 neque
945 2596 1193 2650 prudentius
1230 2597 1382 2639 cellens
1413 2596 1641 2639 Wakefiel-

158 2658 238 2701 dus
259 2660 459 2714 probavit
477 2694 486 2715 ‚
510 2662 625 2715 quod
647 2663 691 2704 in
713 2664 923 2717 quadrato
954 2677 1049 2706 esse
1071 2664 1182 2706 falso
1203 2698 1212 2719 ‚
1235 2669 1280 2706 ut
1299 2665 1508 2720 pleraque
1526 2697 1535 2719 ,
1559 2664 1641 2706 Ha-

156 2739 411 2782 vercampus
442 2729 691 2773 rettulerat.
713 2731 948 2773 Lambinus
980 2732 1205 2775 verissime
1235 2746 1485 2773 POLLENS.

270 2795 367 2838 239.
402 2796 542 2838 Nunc
574 2811 632 2838 EA
654 2823 662 2839 .2
686 2799 754 2841 Sic
777 2799 989 2854 oblongus
1007 2832 1017 2854 ‚
1039 2799 1118 2841 sed
1139 2816 1210 2841 eea
1232 2800 1274 2841 in
1296 2800 1451 2842 litura:
1475 2801 1571 2842 Non
1593 2816 1642 2842 ea

158 2862 395 2918 quadratus
414 2896 424 2907 .
447 2864 591 2919 itaque
622 2865 667 2908 in
689 2866 836 2910 codice
867 2867 1098 2922 archetypo
1131 2867 1234 2921 quid
1256 2866 1384 2910 fuerit
1414 2882 1500 2911 non
1522 2881 1640 2911 cons-

158 2935 247 2974 tat:
270 2943 409 2987 neque
440 2932 571 2975 refert
600 2933 733 2976 scire.

269 2998 368 3047 241.
401 3014 663 3043 AVELLERE
708 3016 823 3043 IGNA
870 3017 1162 3051 TRABESQUE
1187 3035 1196 3045 .
1232 3004 1405 3047 Factum
1453 3005 1495 3047 in
1538 3018 1640 3061 qua-
