2040 3328
457 243 540 284 380
1148 243 1206 284 VI

458 354 575 395 cuius
597 353 832 394 Probianae
853 352 1073 405 vestigium
1098 353 1349 395 remansisse
1375 354 1636 409 suspicetur,
1659 355 1715 397 ad
1736 369 1903 398 versum

456 421 594 474 ipsum
633 418 937 461 emendandum
973 419 1073 460 mihi
1108 419 1331 473 quicquam
1367 420 1567 474 proficere
1602 422 1811 464 videbitur
1829 455 1838 465 .
1859 423 1902 464 in

457 499 538 539 quo
568 485 748 539 primum
770 485 866 527 Itali
899 489 1009 527 recte
1040 486 1294 540 scripserunt
1315 487 1359 527 in
1388 499 1590 527 nannum
1606 521 1615 530 .
1638 491 1722 530 tum
1745 502 1901 532 corree-

456 557 521 593 tor
556 550 750 605 quadrati
786 561 974 606 manent,
999 552 1204 594 Antonius
1241 552 1359 594 Marii
1401 556 1442 594 et
1476 552 1677 596 Marullus
1716 556 1874 598 minant
1889 573 1903 610 ,-

457 631 632 673 quorum
662 617 767 659 illud
789 619 1035 660 sententiam
1056 619 1283 673 pervertit,
1307 619 1385 661 hoc
1414 623 1487 661 aut
1507 620 1699 662 Latinum
1729 635 1811 664 non
1839 627 1902 664 est

456 686 572 740 (nam
600 686 711 727 mino
742 689 783 727 et
811 687 944 728 minor
974 689 1138 727 veteres
1159 685 1202 726 in
1233 698 1318 727 una
1341 685 1573 740 eademque
1594 685 1901 740 significatione

456 752 678 807 protulisse
706 751 921 793 Prisciano
953 751 1205 794 credendum
1236 765 1320 793 non
1351 755 1439 805 est,
1463 764 1586 806 quem
1616 753 1902 798 interminatus

456 818 724 873 participium
746 818 944 873 fefellit),
966 821 1039 860 aut
1068 818 1112 859 in
1141 818 1326 872 pellendi
1355 817 1663 872 significatione
1693 820 1800 862 ruris
1829 834 1901 876 po-

455 886 536 927 tius
567 898 692 939 quam
730 884 844 926 urbis
863 917 871 925 .
894 885 948 926 ab
989 885 1067 927 hoc
1103 884 1257 927 factum
1297 886 1477 927 eminare
1512 885 1651 928 lexica
1678 886 1901 943 ignorant,

456 955 690 1005 agnoscunt
725 952 902 993 Actuum
941 952 1224 1005 apostolorum
1269 952 1525 1006 exemplaria
1561 951 1712 994 Latina
1756 966 1902 1007 peran—

456 1020 574 1072 tiqua
604 1018 818 1072 xvm,21.
841 1017 1006 1073 ridiculi
1036 1022 1132 1060 sunt
1166 1018 1235 1072 qui
1273 1022 1346 1060 aut
1383 1031 1458 1073 per
1487 1018 1637 1060 tmesin
1665 1019 1900 1075 accipiunt,

458 1086 662 1127 Inmz'nent
681 1086 836 1127 obinata
851 1116 862 1136 ,
881 1088 952 1125 aut
970 1084 1123 1126 minere
1139 1097 1167 1126 a
1181 1097 1226 1126 se
1247 1089 1288 1126 et
1302 1085 1369 1126 hie
1390 1088 1430 1127 et
1450 1085 1492 1126 in
1513 1097 1637 1126 versu
1661 1084 1767 1127 1195
1783 1086 1900 1128 resti-

455 1156 586 1193 tutum
618 1152 875 1205 gloriantur,
899 1150 1083 1193 ‘verbum
1104 1151 1294 1206 simplex'
1318 1164 1447 1206 sane,
1470 1152 1546 1194 sed
1567 1166 1694 1195 sensu
1715 1164 1902 1206 cassum,

455 1219 566 1272 quod
598 1218 785 1260 homines
807 1217 916 1259 docti
947 1218 992 1258 in
1012 1217 1198 1259 Sallustii
1227 1218 1366 1260 verbis
1388 1231 1415 1260 a
1435 1219 1574 1261 Nonio
1595 1233 1635 1274 p.
1650 1219 1745 1272 555,
1762 1220 1788 1261 2
1809 1232 1901 1262 oon-

455 1285 632 1338 signatis
665 1284 881 1327 ferendum
907 1297 989 1326 non
1020 1284 1336 1327 existimarunt.
1359 1286 1487 1327 multo
1519 1286 1667 1329 melius
1697 1289 1761 1328 est
1789 1285 1901 1339 quod

456 1353 554 1393 Pius
585 1351 726 1405 dedit,
749 1352 958 1393 Inclinata
987 1351 1163 1404 micant,
1186 1350 1229 1392 id
1261 1355 1324 1392 est
1360 1351 1516 1394 saliunt
1552 1356 1593 1395 et
1621 1355 1901 1406 tremescunt3

455 1419 535 1460 nisi
555 1418 668 1472 quod
689 1419 842 1460 micare
863 1417 906 1458 in
927 1417 1065 1470 igneis
1086 1421 1246 1459 tantum
1268 1418 1336 1460 vel
1365 1419 1561 1460 animatis
1582 1419 1719 1461 locum
1747 1419 1902 1461 habere

457 1485 648 1527 existimo
668 1517 678 1527 .
699 1497 830 1538 quare
847 1517 855 1537 ,
878 1497 969 1525 cum
991 1483 1058 1526 hic
1078 1484 1190 1537 quod
1211 1488 1367 1526 certum
1382 1485 1436 1527 sit
1457 1485 1561 1526 nihil
1577 1485 1769 1539 videam,
1791 1485 1901 1527 malo

456 1553 627 1594 credere
648 1551 888 1593 Lucretium
918 1564 993 1592 suo
1026 1554 1066 1592 et
1095 1555 1194 1605 apto
1215 1552 1419 1594 vocabulo
1451 1552 1670 1606 scripsisse
1696 1553 1904 1594 Inelz‘nata

455 1633 614 1659 MEANT
645 1621 689 1660 in
719 1618 887 1660 eandem
910 1617 1082 1672 prodita
1104 1627 1267 1672 partem
1285 1650 1294 1659 .

566 1686 662 1728 565.
694 1686 760 1726 ΕΤ
790 1698 1016 1725 METUUNT
1035 1716 1043 1725 .
1073 1684 1290 1738 oblongus
1323 1686 1378 1727 Te
1413 1694 1618 1740 metuunt,
1650 1685 1904 1728 Veronensis

456 1752 584 1794 editio
620 1754 674 1794 Te
703 1753 896 1794 metiunt.

569 1819 664 1862 568.
697 1819 835 1870 Quor>
881 1832 975 1858 N1sr
1018 1831 1285 1857 RESPIRENT
1331 1832 1499 1859 vam-13
1536 1833 1689 1859 NULLA
1730 1823 1903 1859 nerun-

455 1900 550 1926 Mnr
602 1887 696 1928 Res
752 1899 910 1931 NEQUE
963 1899 1020 1925 AB
1076 1898 1242 1925 exirm
1296 1898 1460 1925 Possx'r
1523 1899 1903 1926 nnpnnunnnnnr:

454 1967 657 1995 EUNUS.
682 1952 921 2003 Quadratus
951 1952 1079 2006 refert
1107 1961 1185 1994 met
1205 1953 1287 1993 Res
1316 1967 1388 1993 nee
1409 1969 1485 2007 que
1515 1954 1591 2006 ab,
1614 1952 1822 2005 oblongus
1842 1967 1903 1993 re-

452 2019 817 2075 prehendereuntz’s
836 2052 845 2062 .
867 2033 1011 2059 VENTI
1047 2022 1088 2060 et
1124 2033 1375 2059 REFRENET
1410 2019 1534 2061 Itali.
1557 2023 1643 2061 tum
1674 2018 1904 2060 Brixiensis

456 2086 586 2128 editio
607 2088 649 2128 si
673 2088 791 2128 nulla
807 2119 818 2139 ,
841 2099 918 2128 nec
944 2086 1071 2127 multo
1093 2085 1241 2127 melius
1272 2085 1325 2127 ad
1348 2086 1576 2127 orationem
1600 2083 1904 2128 absolvendam

458 2153 551 2194 Itali
583 2170 663 2195 non
693 2154 781 2194 ulla
797 2186 808 2206 ,
832 2153 983 2195 factum
1008 2152 1062 2194 ad
1085 2153 1320 2206 exemplum
1341 2166 1488 2194 versus
1515 2153 1557 2193 in
1579 2167 1604 2205 1,
1623 2152 1729 2205 850,
1751 2151 1820 2193 ubi
1843 2153 1906 2192 est

457 2236 585 2275 neque
615 2221 664 2261 ab
686 2221 810 2262 exitio
831 2237 896 2262 res
917 2220 1006 2261 ulla
1035 2219 1245 2273 refrenat.
1268 2219 1335 2260 hic
1355 2218 1642 2260 Wakefieldus
1672 2218 1798 2260 valde
1817 2218 1904 2259 lau-

457 2287 621 2328 dandus
652 2290 741 2341 est,
763 2286 835 2340 qui
857 2286 1074 2328 verissime
1095 2285 1276 2326 correxit
1296 2284 1518 2327 scribendo
1540 2300 1618 2326 vis
1639 2285 1757 2327 nulla
1775 2284 1903 2339 refre-

458 2363 523 2395 net
552 2355 635 2395 Res
654 2386 662 2394 .

567 2420 662 2462 574.
694 2421 760 2461 ΕΤ
783 2433 978 2460 nncxprr
1000 2433 1248 2460 PROLAPSA
1270 2432 1388 2459 SUAs
1418 2433 1463 2458 IN
1484 2432 1710 2460 PONDERA
1733 2431 1879 2457 SEDES
1896 2449 1904 2458 .

456 2490 508 2529 In
525 2487 713 2542 pondera
733 2486 963 2540 quadratus
981 2519 990 2540 ,
1014 2488 1058 2528 in
1082 2486 1267 2541 pondere
1287 2485 1492 2537 oblongus
1519 2489 1560 2526 et
1580 2485 1675 2526 Itali
1698 2483 1905 2538 impressi-

457 2567 539 2608 que
559 2553 653 2595 libri
673 2586 680 2593 .
698 2554 900 2608 prolapsa
930 2555 975 2594 in
998 2553 1187 2608 pondera
1217 2555 1280 2593 est
1309 2551 1362 2592 ab
1395 2551 1505 2592 omni
1537 2554 1655 2605 parte
1685 2551 1727 2592 in
1753 2563 1905 2604 aequa-

458 2621 517 2662 lia
546 2619 734 2674 pondera
763 2619 989 2674 prolapsa,
1013 2616 1073 2670 εἷς
1104 2615 1387 2675 ἰσορροπίαν.
1411 2618 1472 2659 ita
1500 2617 1719 2659 Turnebus
1760 2617 1803 2658 in
1834 2615 1905 2658 ad-

458 2686 658 2729 versariis
680 2701 734 2740 xv,
756 2686 803 2727 17
828 2685 1082 2728 Ovidianum
1104 2686 1208 2728 illud
1225 2686 1520 2739 interpretatur
1540 2685 1581 2725 in
1598 2688 1771 2743 metam..
1786 2698 1814 2738 1,
1835 2684 1904 2738 13,

458 2756 543 2796 Neo
560 2755 824 2809 circumfuso
834 2753 1039 2808 pendebat
1055 2754 1098 2794 in
1115 2760 1209 2794 a'e’re
1223 2753 1341 2794 tellus
1358 2751 1616 2793 Ponderibus
1632 2751 1783 2792 librata
1798 2751 1904 2792 suis.

459 2822 519 2862 ita
533 2821 751 2862 Lucretius
772 2820 814 2861 in
836 2834 877 2873 11,
893 2819 974 2861 218
997 2819 1180 2875 Corpora
1200 2835 1290 2861 cum
1311 2818 1499 2860 deorsum
1519 2826 1670 2860 rectum
1686 2832 1763 2872 per
1782 2818 1907 2858 inane

445 2888 651 2941 feruntur
666 2920 676 2940 ,
699 2887 957 2929 Ponderibus
969 2887 1162 2941 propriis
1193 2887 1346 2927 incerto
1374 2893 1549 2939 tempore
1555 2884 1696 2938 ferme
1716 2883 1906 2925 Incertis-

459 2969 535 3008 qae
552 2954 634 2995 loci
645 2955 793 3008 spatiis
811 2953 1006 2995 decellere
1022 2952 1199 3006 paulum
1217 2983 1226 2992 .
1248 2951 1440 2993 Lucanus
1457 2950 1500 2991 in
1515 2965 1541 3004 1,
1554 2950 1606 2992 57
1629 2949 1818 2992 Aetheris
1832 2949 1905 2990 im-
