2040 3328
416 224 471 266 64
1131 226 1150 266 I

411 336 524 389 facto
546 336 734 390 repperi,
755 346 849 376 meo
871 335 981 377 facto
1004 335 1189 390 repperi,
1225 335 1324 376 item
1344 335 1386 375 in
1407 335 1657 378 Truculento
1678 349 1727 388 11,
1745 335 1789 388 3,
1806 334 1860 376 22

415 403 514 443 Post
521 402 689 457 factum
697 402 857 456 plector
872 435 882 455 7
901 402 1099 444 videlicet
1113 415 1250 443 meum
1268 433 1276 454 ,
1295 414 1376 442 non
1393 390 1578 444 alienum
1596 434 1603 442 .
1622 402 1664 442 in
1679 413 1862 455 persona

416 468 602 510 secunda
614 467 719 508 Hem
737 468 835 508 istoc
850 485 911 510 me
923 469 1036 522 facto
1053 470 1130 510 tibi
1143 468 1332 510 devinxti
1342 468 1386 508 in
1399 467 1594 509 Asinaria
1609 482 1648 521 v,
1668 468 1703 521 1,
1721 468 1772 508 21
1792 500 1801 509 .
1818 467 1860 508 in

415 547 598 589 persona
618 534 742 574 tertia
759 566 768 586 ,
791 534 833 574 in
855 535 1003 577 eadem
1025 535 1170 576 fabula
1190 549 1229 585 v,
1246 534 1284 585 2,
1306 533 1356 574 12
1390 534 1536 574 Verum
1556 534 1627 574 boc
1635 534 1756 589 facto
1776 549 1862 575 sese

416 601 589 643 ostendit
604 633 614 652 7
633 613 682 640 eo
700 600 810 652 quod
830 600 928 642 feeit
943 617 953 655 3
970 602 1011 642 in
1030 601 1219 656 Captivis
1234 615 1277 654 117
1295 601 1333 653 2,
1350 600 1404 641 53
1426 600 1602 640 Memini
1617 615 1737 654 quom
1756 599 1862 641 dicto
1899 653 1904 658 ι

418 669 516 709 haut
536 667 712 709 audehat
728 667 870 721 ,facto
891 684 998 710 nunc
1020 668 1157 710 laedat
1178 669 1270 709 licet
1293 699 1302 708 .
1325 666 1436 707 idem
1458 666 1700 719 plerumque
1721 666 1860 708 obser-

417 739 538 776 vatur
554 734 594 774 in
613 734 976 789 impersonalibus,
996 739 1040 776 ut
1057 735 1099 775 in
1118 733 1397 775 Bacchidibus
1414 746 1467 785 1v7
1485 733 1523 785 9,
1541 732 1594 773 93
1610 733 1862 773 Persuasum

418 810 475 843 est
487 801 637 855 facere
659 801 775 841 cuius
791 817 852 842 me
868 818 976 843 nunc
987 803 1107 857 facti
1111 801 1242 856 pudet
1257 833 1267 853 7
1291 801 1333 840 in
1349 799 1591 840 Trinummo
1608 812 1634 852 1,
1653 798 1690 852 2,
1708 799 1763 840 90
1783 799 1861 840 De-

418 868 523 909 disti
534 876 747 922 amentum
758 867 970 922 ?factum:
986 884 1114 923 neque
1116 868 1238 923 facti
1239 869 1374 922 piqet,
1393 866 1435 906 in
1453 866 1683 906 Mercatore
1698 878 1736 918 v,
1752 864 1791 918 4,
1809 863 1864 905 24

417 934 564 976 Itidem
579 943 622 975 ut
634 943 789 989 tempus
803 936 914 986 anni,
929 943 1098 976 aetatem
1110 935 1238 975 aliam
1250 932 1535 987 alz'udfactum
1551 931 1737 973 condecet
1747 931 1862 984 (libri

417 1003 637 1053 convenit),
655 1014 737 1041 non
755 1004 894 1042 tamen
912 1014 1076 1055 semper
1096 1016 1104 1041 ε
1122 1000 1343 1042 Terentius
1359 999 1401 1039 in
1418 998 1584 1052 Hecyra
1599 1012 1654 1049 1v,
1671 1000 1710 1051 4,
1727 997 1783 1040 24
1797 1014 1862 1040 ne-

418 1084 518 1123 queo
536 1068 639 1108 satis
646 1099 656 1119 7
675 1067 806 1116 Quam
823 1068 893 1108 hoc
909 1066 1359 1121 milzivideturfactum
1373 1080 1501 1119 prave
1509 1096 1519 1117 7
1533 1065 1751 1119 proloqui.
1768 1065 1864 1106 Non

417 1136 495 1175 tibi
507 1133 784 1188 illudfactum
798 1134 935 1174 minus
948 1133 1083 1188 placet
1091 1149 1212 1187 quam
1226 1132 1338 1184 mihi,
1354 1131 1490 1172 Lache
1497 1146 1511 1183 7·
1526 1130 1743 1172 Lueretius
1751 1131 1792 1171 in
1802 1145 1861 1184 111,

417 1201 499 1242 850
525 1201 631 1252 Nec,
653 1201 694 1241 si
710 1201 919 1241 materiem
939 1208 1120 1241 nostram
1140 1199 1347 1253 colleqerit
1367 1206 1498 1249 aetati,
1524 1197 1734 1238 Pertineat
1753 1199 1864 1252 quic-

417 1283 539 1321 quam
556 1275 688 1307 tamen
707 1265 765 1307 ad
778 1283 851 1308 nos
867 1267 939 1307 hoc
956 1283 1113 1321 quoque
1116 1266 1285 1321 factum
1303 1296 1311 1304 .
1329 1263 1530 1316 ambigua
1542 1262 1676 1304 videri
1689 1267 1865 1317 possunt

416 1346 525 1386 quae
542 1333 581 1373 in
597 1346 803 1386 suspensa
818 1333 1025 1374 sententia
1039 1336 1155 1386 sunt,
1173 1336 1217 1372 ut
1234 1331 1276 1371 in
1294 1330 1480 1371 Poenulo
1498 1344 1524 1382 1,
1543 1329 1578 1382 1,
1593 1330 1646 1371 69
1665 1330 1863 1371 Tibiaus-

416 1400 574 1440 calcabo
591 1400 776 1454 ..faciam
799 1408 842 1440 ut
848 1400 971 1455 facto
988 1399 1195 1455 qaudeas:
1216 1397 1290 1439 sed
1313 1397 1355 1438 in
1377 1396 1530 1437 talibus
1546 1408 1753 1449 suspensa
1772 1396 1864 1438 sola

416 1465 649 1520 spectanda
669 1470 788 1517 sunt,
811 1475 855 1507 ut
861 1466 982 1520 facto
996 1466 1184 1520 qaudeas
1200 1498 1209 1514 ‚
1232 1465 1309 1505 hoc
1326 1466 1388 1505 est
1405 1467 1494 1516 tuo,
1518 1462 1615 1503 etin
1633 1461 1864 1504 Mercatore

414 1547 457 1583 11,
475 1533 512 1585 2,
530 1533 579 1573 51
615 1541 656 1573 at
688 1549 736 1573 ne
767 1532 1006 1574 deteriorem
1036 1542 1169 1574 tamen
1189 1531 1409 1585 Hocfacto
1430 1529 1558 1571 ducas
1573 1561 1584 1582 7
1615 1527 1864 1570 deteriorem

415 1598 493 1640 hoc
515 1599 624 1640 facto
647 1612 721 1641 suo
741 1615 750 1651 3
773 1600 812 1640 in
830 1599 962 1641 Milite
978 1614 1033 1654 1v,
1052 1600 1090 1652 8,
1108 1599 1163 1641 64
1183 1600 1290 1639 Ante
1308 1597 1557 1653 hocfuctum
1569 1597 1674 1637 hunc
1686 1611 1775 1637 sum
1797 1611 1863 1636 ar-

415 1667 588 1707 bitratus
604 1682 763 1721 semper
778 1682 935 1708 servom
946 1682 1183 1721 pessumum
1199 1698 1209 1718 7
1226 1663 1336 1704 hunc
1352 1667 1448 1704 ante
1463 1675 1589 1716 quam
1604 1661 1682 1703 hoc
1701 1661 1864 1704 facinus

415 1732 574 1773 faceret
592 1747 601 1786 3
632 1733 675 1773 in
697 1733 939 1774 Cistellaria
959 1747 986 1786 1,
1011 1734 1050 1786 3,
1078 1733 1127 1774 16
1150 1732 1351 1783 Quoniam
1371 1746 1486 1771 reum
1507 1729 1723 1783 εἰπε-βαρεῖ
1738 1729 1866 1770 nescit

415 1801 492 1854 qui
507 1801 583 1841 siet
599 1832 606 1840 .
625 1800 667 1840 in
690 1800 835 1841 horum
857 1804 1067 1854 postremo
1090 1804 1234 1840 auctor
1256 1797 1355 1839 facti
1376 1797 1557 1838 incertus
1579 1799 1666 1848 est,
1688 1796 1731 1836 in
1757 1794 1863 1849 Cap-

415 1866 512 1908 tivis
530 1881 573 1920 11,
591 1867 629 1919 2,
650 1867 728 1908 102
745 1867 960 1920 reticetur,
985 1867 1117 1917 Quam
1138 1867 1343 1907 citis-sume
1359 1859 1498 1919 potes!
1504 1895 1514 1916 7
1537 1871 1618 1904 tam
1631 1863 1703 1904 hoc
1724 1861 1863 1903 cedere

413 1933 640 1989 adfactum
655 1934 744 1975 volo
760 1966 769 1975 .
787 1934 1041 1975 conveniunt
1057 1946 1149 1973 cum
1166 1931 1230 1974 his
1251 1930 1509 1983 Horatiana,
1528 1929 1803 1983 epistularum
1819 1942 1861 1982 11,

415 2001 452 2054 2,
470 2001 524 2042 32
548 2001 699 2043 Clarus
717 2001 763 2042 ob
779 2001 827 2042 id
831 2001 1003 2055 factum
1012 2033 1023 2053 7
1046 2013 1184 2053 suum,
1207 1999 1303 2040 item
1323 1997 1598 2052 epistularum
1613 2010 1640 2050 1,
1657 1996 1695 2050 2,
1711 1995 1768 2038 40
1786 1995 1862 2037 Di-

414 2067 711 2123 midiumfacti
727 2069 804 2123 qui
819 2069 947 2122 coepit
968 2068 1084 2108 habet
1097 2099 1108 2120 7
1140 2071 1180 2108 et
1201 2078 1436 2108 sermonum
1456 2079 1483 2118 1,
1501 2064 1539 2116 6,
1557 2062 1612 2104 84
1636 2061 1836 2118 pudicum
1850 2094 1861 2115 7

415 2135 500 2184 Qui
508 2135 674 2188 primus
685 2136 849 2176 virtutis
864 2135 1009 2187 honos,
1031 2134 1209 2175 servavit
1225 2133 1274 2173 ab
1289 2133 1404 2173 omni
1414 2131 1509 2172 Non
1524 2131 1654 2172 solum
1655 2128 1780 2184 facto
1799 2143 1862 2169 ve-

412 2217 504 2241 rum
521 2202 739 2256 opprobrio
756 2217 913 2257 quoque
929 2202 1048 2256 turpi
1058 2233 1069 2253 7
1091 2199 1289 2255 pudicum
1305 2211 1370 2239 me
1387 2210 1413 2238 a
1430 2197 1540 2238 facto
1557 2195 1667 2237 omni
1689 2207 1771 2248 quo
1790 2194 1862 2235 im·
1880 2253 1886 2255 -

412 2267 590 2321 pudicus
611 2266 753 2309 fierem
771 2300 779 2308 .
797 2268 841 2309 in
863 2268 1079 2310 cultiorem
1100 2271 1240 2309 autem
1261 2265 1410 2319 poesin
1431 2276 1516 2304 non
1538 2261 1771 2304 admittitur
1790 2261 1862 2302 hoc

410 2335 524 2387 facto
537 2367 547 2387 7
578 2335 658 2375 tali
660 2335 783 2389 facto
798 2367 809 2388 7
837 2335 1045 2389 quofacto
1062 2367 1072 2387 7
1103 2333 1320 2374 rarissima
1340 2334 1434 2372 sunt
1441 2330 1608 2385 factum
1625 2329 1696 2370 hoc
1713 2359 1723 2382 ,
1754 2326 1866 2382 quod

411 2417 612 2442 memoras
613 2401 781 2455 factum
798 2402 903 2443 Aen.
918 2415 973 2455 1v,
994 2402 1084 2451 109,
1103 2399 1328 2453 tantifizcti
1342 2398 1446 2438 Aen.
1460 2411 1531 2450 vn,
1546 2395 1627 2437 232
1645 2427 1654 2448 ,
1671 2410 1733 2436 me
1748 2393 1862 2435 nullo

405 2467 524 2522 facto
539 2500 549 2520 7
582 2468 741 2509 scilicet
770 2481 890 2522 meo,
923 2467 1037 2522 apud
1067 2465 1329 2520 Propertium
1351 2477 1405 2518 1v,
1427 2465 1465 2518 6,
1488 2463 1538 2504 21
1563 2495 1573 2505 .
1602 2476 1654 2504 ne
1685 2459 1862 2503 Ovidius

413 2533 607 2588 quidem,
640 2535 711 2587 qui
742 2535 785 2576 in
815 2535 894 2576 hoc
923 2533 1129 2576 vocabulo
1150 2532 1304 2573 nimius
1327 2534 1414 2583 est,
1433 2530 1555 2586 facto
1582 2529 1654 2570 illo
1685 2527 1791 2569 dixit
1819 2526 1863 2567 in

413 2605 577 2643 metam.
600 2615 655 2655 VI,
671 2602 767 2655 411,
789 2603 1023 2657 impositum
1044 2609 1101 2642 est
1120 2615 1201 2640 non
1221 2597 1493 2653 comparentis
1513 2597 1558 2637 in
1577 2611 1698 2637 usum
1717 2595 1863 2636 Partis

413 2669 511 2709 ebur
526 2701 536 2721 7
553 2669 755 2724 factoque
776 2669 926 2723 Pelops
942 2668 1038 2723 fuit
1067 2667 1223 2720 inteqer
1251 2665 1325 2706 illo
1341 2696 1352 2717 7
1384 2663 1459 2705 sed
1476 2662 1598 2718 facto
1630 2663 1744 2703 ebore
1765 2691 1775 2702 .
1796 2660 1863 2701 hio

413 2740 551 2776 tamen
574 2734 700 2777 habet
720 2734 929 2789 quaedam
951 2747 977 2775 a
996 2733 1211 2788 plerisque
1237 2733 1406 2785 spreta,
1437 2733 1482 2771 ut
1511 2730 1598 2780 Quo
1619 2729 1757 2770 merui
1761 2742 1861 2783 poe-

412 2818 507 2842 nam
522 2802 678 2856 facto?
707 2805 873 2844 metam.
890 2815 949 2854 111,
970 2800 1072 2854 6543
1109 2799 1202 2849 Quo·
1217 2806 1288 2839 tua
1307 2812 1389 2838 non
1399 2804 1578 2852 possunt
1598 2794 1755 2851 offendi
1766 2809 1859 2849 pec-

413 2877 502 2909 tora
504 2868 626 2923 facto
634 2901 644 2921 7
658 2870 852 2910 Forsitan
864 2869 936 2910 hoc
952 2867 1036 2908 alio
1051 2865 1188 2908 iudice
1203 2865 1356 2906 crimen
1375 2864 1471 2916 erit,
1489 2862 1531 2904 in
1546 2860 1742 2904 remediis
1758 2859 1860 2914 4273

399 2934 521 2989 facto
534 2935 638 2989 pius
659 2944 694 2976 et
721 2935 941 2977 sceleratus
968 2933 1103 2975 eodem
1119 2966 1129 2986 7
1157 2935 1322 2973 metam.
1344 2944 1412 2984 111,
1435 2930 1461 2972 5
1484 2943 1547 2982 1x,
1568 2929 1671 2980 4083
1702 2941 1863 2982 unoque
