2040 3328
433 229 514 272 202
829 243 831 245 ’
1122 233 1186 275 III

432 354 559 396 supra
587 345 763 396 uterque
796 344 942 399 Tityon
964 375 973 384 .
1001 343 1195 396 quadrati
1230 348 1436 387 corrector
1470 350 1511 389 et
1545 347 1642 390 Itali
1671 349 1736 391 hio
1764 362 1874 391 EST:

433 409 530 450 olim
562 409 752 463 implessi
782 410 847 450 hie
877 418 937 451 et.

542 475 635 518 994.
668 489 906 515 somnum
946 489 1220 516 commuue
1259 491 1411 519 cunm.
1442 479 1657 522 Gorreetor
1702 481 1875 535 oblongi

431 541 646 596 tuo-pedum
661 574 671 594 ,
695 541 888 594 quadrati
908 556 1028 582 cupa
1039 542 1342 596 D1NE,itaque
1357 545 1514 598 primus
1535 550 1630 600 post
1645 559 1738 588 eum
1754 548 1875 590 Lam-

430 608 552 649 binus
574 621 666 649 eum
686 607 881 649 Turnebo
908 609 951 649 in
971 574 1310 651 adversar-’iorum
1330 623 1370 663 X,
1388 611 1441 652 8.
1462 611 1568 652 libro
1599 626 1637 666 v,
1653 613 1707 655 45
1738 615 1874 665 Quan-

429 684 492 716 tae
523 684 605 716 tum
626 674 817 716 scendunt
846 675 1044 717 hominem
1065 676 1308 731 cuppedinis
1336 692 1451 718 acres
1472 677 1702 721 Sollicitum
1721 695 1846 723 curae
1863 713 1871 722 .

428 742 471 782 in
502 754 625 783 versu
655 742 848 796 proximo
879 757 1037 797 quoque
1067 743 1219 783 omittit
1248 735 1507 796 quadratus.

540 809 634 850 997.
666 822 926 853 TRISTIQUE
955 809 1436 851 RECEDlT.Cor1·eotor
1463 809 1658 863 quadrati
1687 815 1728 854 et
1748 814 1873 856 ceteri

429 875 969 920 TRISTISQUE.H01atius
997 891 1104 931 pono
1135 877 1344 930 tr'fstzsque
1373 876 1541 917 recedo.

541 944 635 985 999.
666 956 835 982 DURUM
870 955 1096 982 LABOREM
1136 955 1382 983 SUFFERRE
1405 974 1413 982 .
1443 941 1560 984 Idem
1596 948 1803 987 corrector
1832 950 1873 988 et

429 1009 622 1063 impressi
655 1022 903 1049 summum
932 994 1187 1052 LABOREM'.

541 1075 661 1117 1001.
693 1088 822 1120 QUOD
845 1089 1002 1115 TAMEN
1033 1089 1196 1117 summo
1217 1089 1302 1115 IAM
1331 1090 1541 1117 VERTICE
1561 1091 1720 1118 nusum
1749 1079 1872 1120 Von-

425 1156 572 1182 VITUR
587 1173 596 1182 .
618 1141 817 1182 Marullus
853 1158 880 1182 a
916 1158 1070 1184 summo
1085 1175 1096 1196 ,
1119 1143 1326 1184 Avantius
1365 1157 1390 1183 Ε
1425 1159 1580 1185 summo
1598 1176 1606 1184 .
1629 1145 1671 1184 in
1705 1158 1745 1198 v,
1765 1145 1871 1188 1125

424 1210 480 1250 Et
517 1218 649 1250 tamen
680 1225 700 1249 e
736 1224 890 1250 summo
909 1240 917 1249 .
941 1209 983 1249 in
1011 1223 1066 1263 w,
1084 1210 1136 1251 86
1175 1226 1226 1252 ex
1262 1226 1416 1252 summo
1433 1242 1442 1252 .
1463 1210 1505 1251 in
1533 1225 1592 1264 111,
1614 1210 1690 1253 197
1721 1210 1872 1266 Cogere

424 1284 467 1316 ut
496 1276 546 1316 ab
576 1290 731 1316 summo
749 1307 758 1316 .

538 1341 657 1383 1005.
690 1341 830 1392 QUOD
851 1356 1061 1383 mmmm*
1082 1356 1222 1383 uoms
1244 1355 1477 1383 ANNORUM
1498 1357 1870 1399 TEMPORA‚01R-

423 1423 517 1448 cum
549 1408 651 1449 CUM
680 1422 906 1448 Rnnssom
923 1441 932 1450 .
954 1410 1115 1451 Nonius
1137 1422 1246 1462 quae
1275 1413 1372 1451 ante
1393 1410 1497 1451 haee
1523 1410 1712 1464 proxime
1731 1410 1871 1464 posita

423 1479 520 1516 sunt
555 1475 693 1516 attulit
722 1489 762 1529 p.
781 1475 915 1528 298,9
947 1480 988 1518 et
1014 1476 1110 1530 424,
1127 1476 1153 1517 6
1172 1490 1180 1516 :
1201 1475 1293 1529 hic,
1315 1476 1387 1522 ubi
1430 1476 1674 1531 interpretes
1703 1481 1868 1532 tacent,

423 1554 498 1582 nos
535 1555 618 1583 non
655 1541 828 1583 adiuvat
845 1573 854 1582 .
877 1555 1034 1595 quaero
1072 1543 1182 1584 enim
1218 1542 1319 1595 quid
1350 1543 1454 1584 illud
1484 1543 1537 1584 sit
1574 1543 1684 1598 quod
1698 1543 1872 1598 faciant

420 1609 534 1649 nobis
565 1608 663 1649 anni
694 1613 909 1662 tempora:
932 1622 1029 1650 nam
1060 1613 1170 1650 certe
1202 1609 1301 1650 anni
1331 1623 1414 1651 non
1447 1609 1631 1663 faciunt,
1654 1609 1730 1651 sed
1760 1610 1870 1665 eupi-
1909 1623 1913 1626 ⁴

422 1673 532 1715 ditas
563 1678 731 1730 nostra,
754 1680 799 1716 ut
829 1676 991 1717 animus
1022 1687 1246 1728 numquam
1274 1676 1491 1729 expleatur
1521 1681 1647 1729 atque
1668 1676 1842 1718 satietur
1859 1708 1868 1718 .

420 1754 593 1795 pascere
624 1742 793 1794 quidem
823 1743 924 1784 anni
945 1746 1135 1797 tempora
1165 1742 1375 1796 animum,
1397 1755 1480 1783 non
1510 1755 1662 1797 eorpus
1685 1746 1867 1798 tantum,

422 1808 587 1850 facilius
624 1809 849 1850 concedam
866 1841 876 1861 ,
898 1799 979 1850 8θᾶ
1009 1821 1092 1849 non
1128 1809 1281 1849 circum
1318 1809 1560 1850 redeuntia:
1581 1822 1676 1851 nam
1715 1811 1868 1852 circum

420 1874 557 1915 redire
578 1874 677 1927 quid
698 1876 752 1916 sit
772 1888 856 1916 non
873 1875 1072 1928 intellego
1091 1906 1099 1916 .
1123 1875 1281 1916 seilicet
1298 1875 1409 1929 quod
1427 1875 1661 1917 coniunctio
1678 1881 1764 1931 est,
1786 1877 1866 1931 ita,

421 1941 541 1991 Quod
546 1941 721 1995 faciunt
740 1943 855 1984 nobis
876 1957 1077 1983 annorum
1108 1950 1288 1996 tempora
1309 1955 1518 1996 VICTUM,
1542 1942 1642 1984 Cum
1672 1942 1842 1984 redeunt
1856 1976 1867 1997 ‚

407 2008 767 2063 fetusqueferunt
795 2010 1012 2064 variosque
1043 2009 1224 2063 lepores,
1246 2009 1332 2051 Neo
1363 2017 1498 2050 tamen
1525 2009 1737 2063 eoeplemur
1765 2010 1873 2051 vitai

407 2074 624 2129 fructibus
653 2091 849 2130 umquam
867 2106 875 2115 .
898 2078 1079 2116 ceterum
1101 2075 1308 2128 oblongus
1331 2074 1399 2116 hie
1418 2074 1544 2116 habet
1565 2074 1618 2116 de
1647 2088 1763 2117 more
1782 2077 1868 2118 vita

406 2142 623 2196 fructibus
637 2174 648 2194 ,
671 2141 746 2198 sed
776 2141 1006 2194 quadratus
1026 2143 1112 2183 vita
1142 2143 1354 2183 arantibus
1371 2174 1379 2182 .
1401 2141 1506 2183 haec
1526 2145 1663 2183 autem
1683 2154 1792 2195 quae
1813 2141 1868 2184 ad

420 2207 560 2249 Danai
581 2208 688 2249 filias
709 2209 918 2262 pertinent
939 2208 1082 2248 omnia
1106 2208 1380 2250 1003—1010
1400 2208 1570 2250 Servius
1590 2208 1632 2249 in
1655 2222 1697 2248 vl
1717 2209 1868 2250 Aenei-

420 2275 497 2316 dos
505 2275 586 2316 596
603 2274 897 2328 praetermittit
914 2306 922 2327 ,
945 2274 1014 2315 ubi
1031 2278 1170 2315 eetera
1187 2287 1209 2315 e
1225 2274 1417 2315 Lucretio
1436 2274 1608 2328 exponit
1623 2274 1703 2316 hoe
1717 2274 1865 2316 modo.

419 2342 530 2383 Saue
560 2341 609 2382 de
630 2342 693 2383 lzz's
713 2342 899 2383 omnibus
918 2342 1039 2382 rebus
1060 2341 1163 2382 mire
1189 2340 1324 2382 reddit
1343 2341 1542 2382 rationem
1563 2341 1783 2382 Lucretius
1799 2373 1810 2394 ,
1832 2350 1868 2382 et

419 2409 631 2463 coufirmat
650 2409 695 2449 2⁰72
723 2417 864 2449 nostra
883 2409 969 2449 vita
999 2423 1083 2449 esse
1103 2408 1242 2448 omnia
1268 2423 1372 2462 quae
1379 2407 1601 2461 finquntur
1622 2406 1671 2448 de
1691 2407 1840 2462 inferis
1857 2439 1865 2449 .

420 2475 521 2516 dicit
540 2491 716 2530 namque
737 2475 889 2528 Tityon
919 2490 1099 2517 amorem
1130 2490 1239 2528 esse,
1261 2475 1333 2515 hoo
1363 2482 1421 2514 est
1450 2473 1660 2515 libidinem
1674 2504 1683 2513 .
1709 2498 1755 2503 -
1779 2474 1867 2529 ipse

420 2544 541 2584 etiam
561 2543 780 2583 Lueretius
796 2541 896 2583 dz'ez't
912 2557 989 2596 per
1010 2557 1074 2582 eos
1089 2573 1099 2594 ,
1120 2541 1268 2596 quibus
1287 2540 1372 2581 iam
1388 2540 1473 2580 iam
1494 2551 1666 2581 casurus
1682 2540 1869 2582 imminet

420 2610 530 2665 lapis
545 2642 556 2662 ,
579 2609 881 2663 superstitiosos
896 2608 1133 2662 szlqmfleari
1143 2640 1154 2660 ,
1170 2607 1437 2662 quidnam'ter
1453 2622 1610 2662 semper
1625 2615 1816 2649 verentur
1831 2616 1868 2649 et

418 2676 468 2718 de
484 2676 567 2717 diis
589 2683 624 2716 et
644 2675 755 2716 eaelo
772 2683 807 2715 et
823 2675 922 2715 locis
941 2675 1226 2729 superioribus
1245 2673 1351 2715 male
1371 2675 1594 2728 opinantur
1606 2703 1615 2713 .
1640 2697 1686 2703 —
1706 2689 1785 2729 per
1801 2688 1867 2716 eos

419 2752 552 2785 autem
570 2743 646 2797 qui
657 2753 803 2783 saxum
821 2740 1013 2794 volvunt,
1032 2741 1226 2781 ambitum
1241 2740 1327 2781 vult
1343 2749 1378 2782 et
1391 2741 1599 2795 repulsam
1614 2740 1864 2795 siynffioari,

420 2812 520 2865 quia
554 2808 678 2850 semel
712 2807 874 2862 repulsi
905 2809 1103 2863 petitores
1146 2807 1300 2848 ambire
1339 2822 1420 2848 non
1456 2806 1647 2847 desinunt
1667 2838 1676 2846 .
1708 2804 1866 2848 seilicet

420 2874 717 2930 grammaticus
749 2873 938 2916 ordinem
969 2878 1009 2916 et
1039 2873 1170 2916 verba
1191 2872 1362 2926 Vergilii
1393 2873 1605 2927 sequitur,
1627 2885 1654 2913 a
1678 2884 1760 2925 quo
1780 2871 1865 2913 Da-

419 2942 568 2985 naides
613 2954 698 2982 non
743 2941 1117 2982 commemorantur
1137 2971 1146 2981 .
1178 2939 1254 2981 sed
1289 2939 1400 2980 idem
1437 2938 1608 2981 Servius
1652 2949 1760 2990 quae
1798 2937 1864 2979 his
