2040 3328
894 225 932 267 V
1573 223 1657 267 313

176 355 262 385 non
284 344 349 385 est
369 340 412 383 in
435 353 482 383 re
503 352 630 395 quam
651 339 932 382 certissimam
954 351 1050 382 esse
1070 341 1200 392 poeta
1220 337 1511 381 demonstrat.
1535 338 1660 380 Bent-

175 410 284 452 leius
315 408 438 460 Quod
471 408 593 462 tulit,
614 417 661 450 ut
696 417 874 465 nequeat
890 424 904 462 ‚·
923 407 996 450 ubi
1032 406 1242 461 Forbiger
1278 407 1463 462 superbo
1499 405 1657 450 iudicio

175 476 282 520 ‘sine
311 477 452 519 causa’
474 510 482 520 .
505 475 586 518 hoc
613 479 855 532 contempto
887 475 1167 519 formabimus
1188 475 1367 531 leniter,
1391 474 1514 527 Quod
1531 488 1658 516 porr:

173 559 259 587 στι
287 553 489 601 nequeat,
515 546 652 600 possit
682 545 796 602 quod
828 560 911 587 non
942 543 1037 586 tulit
1072 552 1167 586 ante
1189 578 1198 587 .
1230 543 1292 585 uti
1327 547 1514 598 nequeat
1544 542 1659 586 ferre

173 611 287 668 quod
314 621 409 669 pote
424 629 439 667 ‚-
459 613 552 656 sine
582 613 714 656 verbo
746 611 1042 666 substantivo,
1065 614 1110 653 ut
1141 611 1187 653 in
1218 612 1408 666 111‚1079
1435 613 1525 655 Nee
1546 612 1658 655 devi-

173 683 263 724 tari
287 681 413 724 letum
437 690 560 738 pote,
582 682 687 738 quin
716 682 909 724 obeamus
926 713 936 724 .
960 678 1022 722 ita
1050 695 1180 722 suave
1212 679 1254 722 in
1284 680 1435 736 primis
1465 680 1562 723 libri
1594 693 1658 723 se-

173 749 302 793 cundi
333 749 556 804 versibus,
578 750 733 792 miram
763 748 808 791 in
836 761 880 803 11,
898 746 951 790 87
974 747 1058 790 338
1088 761 1128 804 V,
1149 747 1258 791 1238
1289 763 1346 803 vr,
1367 748 1474 804 130,
1497 748 1660 791 scilicet

173 817 388 861 adiectiva
416 817 555 860 neutri
585 817 757 872 generis
773 851 784 861 .

287 886 384 929 838.
405 900 526 928 mnu
542 900 688 929 meu·
703 899 1026 932 unmssmsonn
1044 899 1238 928 coonrA
1252 918 1262 928 .
1281 885 1503 940 Oblongus
1520 885 1659 941 prima

173 968 302 998 manu
331 955 526 998 membris
556 970 718 1012 quoque
737 987 746 997 .
771 954 870 998 Itali
901 957 943 996 et
972 952 1212 998 Brixiensis
1241 955 1354 997 mira
1383 967 1532 996 rAcu:
1550 986 1559 995 .

288 1023 384 1066 839.
416 1023 767 1066 ANDROGYNEM
822 1035 973 1064 mrim
1028 1037 1188 1064 UTRAs
1238 1037 1328 1064 Nnc
1379 1036 1657 1069 UTRAMQUE

172 1106 406 1138 UTRUMQE
436 1105 676 1134 uariorum
694 1124 704 1135 .
726 1091 948 1146 Oblongus
970 1095 1012 1133 et
1032 1091 1246 1135 Antonius
1267 1091 1393 1134 Marii
1421 1092 1527 1146 (non
1558 1091 1658 1134 olim

172 1161 391 1217 impressi)
419 1176 494 1203 nec
523 1169 744 1217 utramque
781 1169 827 1203 ut
856 1168 1078 1216 utrumque
1095 1191 1103 1200 .
1133 1159 1370 1214 quadratus
1400 1161 1573 1203 remoti.
1602 1159 1657 1201 ab

172 1229 252 1272 hoc
281 1242 410 1273 versu
439 1228 614 1271 arcendi
646 1232 745 1271 sunt
775 1228 937 1282 critici,
960 1229 1031 1283 qui
1062 1231 1217 1283 poetae
1247 1233 1382 1272 artem
1413 1229 1659 1284 vituperare

173 1309 301 1353 quam
333 1310 455 1340 suam
486 1297 654 1340 discere
683 1296 954 1339 maluerunt.
980 1295 1253 1339 Wakefieldo
1286 1297 1367 1340 ‘res
1395 1302 1660 1340 monstrosas
1706 1287 1708 1290 ¹

113 1412 115 1414 ,
171 1379 300 1409 versu
320 1370 563 1408 monstroso
585 1366 775 1410 vividius
800 1364 1019 1419 effingere'
1042 1364 1232 1408 voluisse
1253 1365 1450 1408 videtur:
1473 1365 1659 1409 Orellius

172 1433 356 1477 ‘versum
387 1447 411 1476 e
439 1434 606 1477 Graeco
639 1434 758 1477 fonte
787 1433 904 1476 haud.
936 1433 1062 1476 nimis
1094 1433 1277 1477 feliciter
1308 1433 1529 1477 detortum’
1563 1447 1659 1477 cen-

172 1506 264 1546 set.
286 1503 432 1557 itaque
449 1502 491 1545 hi
509 1536 519 1558 ,
543 1516 636 1545 cum
652 1503 860 1546 Marullus
882 1505 998 1545 recte
1019 1503 1372 1544 ANDROGYNUM
1393 1503 1658 1559 scripsisset,

171 1569 356 1626 probant
385 1570 698 1629 androyynem,
722 1571 838 1627 quod
860 1571 1090 1614 barbarum
1115 1575 1206 1627 est,
1229 1571 1333 1626 quia
1363 1571 1504 1626 prima
1530 1571 1659 1614 decli-

170 1638 289 1682 natio
320 1640 611 1683 accusativum
642 1640 796 1683 tertiae
826 1639 1021 1696 respuit.
1053 1643 1166 1682 certe
1195 1639 1276 1682 hoc
1306 1639 1361 1682 de
1383 1639 1659 1695 appellativis

171 1711 363 1751 constat.
386 1708 656 1764 propriorum
685 1708 954 1752 accusativos
976 1712 1076 1751 ante
1106 1708 1280 1750 vocales
1311 1709 1475 1763 positos
1507 1722 1560 1751 ex
1591 1723 1661 1752 ve-

170 1775 332 1818 teribus
363 1776 503 1832 poetis
526 1777 681 1832 collegi
703 1778 781 1821 hos
802 1778 912 1820 inter
942 1790 989 1820 se
1021 1776 1218 1819 diversos
1236 1808 1246 1819 .
1268 1777 1466 1820 Saurean
1487 1778 1658 1822 Asinar.

170 1858 199 1899 1,
220 1844 255 1899 1,
275 1843 330 1886 72
347 1877 356 1886 .
377 1846 621 1901 Apoeciden
638 1846 819 1902 Epidico
837 1861 898 1902 111,
917 1845 956 1902 2,
974 1845 1030 1887 22
1048 1878 1056 1887 .
1076 1844 1323 1888 Carneaden
1341 1845 1527 1888 Lucilius
1544 1846 1660 1902 apud.

171 1912 443 1956 Lactantium
459 1913 592 1957 instit.
610 1914 763 1970 v‚14,3
782 1947 791 1958 .
809 1915 975 1957 Sosiam
992 1912 1203 1970 Amphitr.
1220 1927 1247 1967 1,
1270 1913 1305 1966 1,
1317 1913 1399 1956 217
1419 1945 1427 1953 .
1446 1914 1658 1957 Pterelam

171 1980 379 2036 Amphitr.
411 1981 598 2036 1‚1,259
616 2015 627 2026 .
656 1983 884 2027 Chaeream
914 1981 1119 2025 Eunucho
1150 1996 1212 2037 1¹1,
1230 1981 1269 2037 4,
1288 1982 1340 2024 2.
1365 1982 1659 2039 Cresphontem

171 2048 360 2104 Ennius,
378 2049 435 2092 ad
452 2049 716 2094 Herennium
732 2066 777 2106 11,
795 2051 849 2094 38
865 2082 874 2092 .
895 2050 1200 2108 Theuropidem
1219 2047 1556 2108 (Θεωρωπίδην,
1574 2052 1657 2094 nisi

172 2116 318 2172 fallor)
333 2117 568 2161 Mostellar.
586 2133 641 2174 Π,
652 2120 691 2174 2,
702 2118 758 2162 46
776 2151 785 2161 .
809 2119 1129 2163 Callidemidem
1146 2119 1318 2176 Hecyra
1334 2133 1394 2174 111,
1407 2119 1447 2174 4,
1462 2120 1512 2162 18
1532 2152 1541 2162 .
1564 2121 1658 2163 Cal—

171 2185 278 2228 ehan
295 2198 319 2228 e
334 2185 523 2229 Pacuvio
547 2190 589 2229 et
604 2187 756 2231 Plauto
777 2187 994 2231 Charisius
1010 2201 1051 2243 p.
1064 2187 1147 2231 50:
1171 2188 1383 2232 Chremem
1402 2187 1660 2232 Phormione

171 2267 211 2307 v,
237 2253 276 2309 2,
304 2253 360 2297 70
381 2286 390 2296 .
423 2253 466 2296 in
498 2258 688 2298 extremo
720 2269 848 2299 versu
879 2256 1038 2312 optime
1070 2256 1309 2298 Brixiensis
1342 2259 1383 2298 et
1414 2257 1658 2311 Naugerius

170 2329 433 2369 nrnmoun
463 2332 663 2366 remotum
680 2340 695 2378 ‚·
715 2325 783 2367 cui
822 2325 962 2367 simile
997 2328 1062 2367 est
1101 2325 1145 2367 in
1175 2324 1342 2366 Horatii
1380 2324 1659 2380 epistularum

170 2404 198 2445 1,
220 2390 284 2442 18,
302 2391 328 2434 9
349 2390 532 2433 medium
554 2399 591 2434 et
610 2393 819 2449 utrimque
834 2393 1051 2437 reductum
1069 2426 1077 2434 .
1100 2397 1332 2449 supersunt
1354 2392 1419 2435 his
1437 2394 1660 2437 interiecta

171 2459 279 2501 incer
308 2467 428 2502 utras
458 2475 532 2502 nec
561 2468 805 2517 utramque.
829 2475 882 2504 ex
913 2461 980 2504 his
1010 2464 1120 2505 inter
1149 2470 1269 2504 utras
1300 2461 1463 2504 nullam
1493 2467 1660 2505 senten·

171 2525 276 2568 tiam
306 2526 528 2570 includere
565 2531 709 2583 potest
746 2529 828 2572 nisi
866 2530 909 2572 in
945 2543 1157 2586 suspensa
1195 2528 1390 2572 oratione
1408 2563 1417 2574 .
1438 2531 1482 2573 in
1514 2530 1658 2574 Sticho

172 2592 312 2635 Plauti
333 2607 372 2650 v,
389 2594 431 2650 4,
446 2595 500 2637 51
533 2605 677 2639 neuter
697 2599 788 2640 utri
805 2598 965 2641 invidet
993 2612 1073 2642 nec
1094 2611 1268 2642 sensum
1296 2598 1446 2653 implet
1466 2612 1545 2641 nec
1567 2612 1658 2642 ver-

172 2674 292 2715 sum,
315 2665 359 2703 ut
379 2662 651 2706 scribendum
666 2665 863 2708 videatur
883 2676 1027 2710 neuter
1042 2667 1173 2710 alteri
1186 2698 1195 2708 .
1217 2667 1494 2721 suspenditur
1515 2671 1658 2710 autem

172 2729 252 2771 hoc
272 2741 508 2783 pronomen
535 2731 580 2773 in
602 2732 971 2778 condicionalibus
989 2768 998 2790 ,
1021 2739 1066 2777 ut
1096 2736 1139 2777 si
1163 2744 1256 2778 uter
1276 2736 1408 2789 volet,
1430 2735 1517 2778 sive
1538 2751 1660 2791 quem

172 2795 273 2851 (hoo
304 2801 369 2839 est
390 2798 595 2854 aliquem)
625 2799 686 2842 ad
711 2810 853 2844 utrum
883 2818 1024 2846 eorum
1044 2804 1112 2846 ius
1143 2804 1223 2845 erit
1238 2836 1248 2857 ,
1271 2807 1346 2846 aut
1376 2803 1419 2845 in
1434 2803 1657 2859 .relativiS,

172 2880 256 2907 non
286 2873 377 2908 uter
394 2875 540 2922 peceat
561 2867 668 2910 tollit
688 2868 911 2926 analoyias
925 2902 936 2924 ‚
958 2870 1035 2913 sed
1052 2878 1144 2913 uter
1165 2879 1273 2913 reete
1294 2871 1397 2914 dicit
1418 2871 1656 2927 confirmat.

173 2935 215 2975 et
249 2932 355 2976 mire
394 2933 543 2977 addito
581 2935 674 2990 ipso
714 2936 895 2979 relativo
942 2937 1056 2994 quod
1090 2946 1230 2980 utrum
1268 2939 1411 2994 posuit
1446 2941 1570 2995 quasi
1610 2939 1657 2985 ἐκ

171 2997 466 3059 παραλλήλου
489 3003 653 3047 Gellius
675 3004 719 3046 in
741 3005 976 3048 Atticarum
1000 3007 1187 3050 noctium
1208 3020 1311 3062 xvn,
1329 3008 1354 3050 6
1386 3008 1501 3065 quod
1519 3018 1658 3052 utrum
