2040 3328
836 246 856 287 Ι
1531 243 1587 284 43

217 362 314 406 527.
365 361 504 413 QUAE
554 374 768 402 SPATmM
805 374 966 401 POENA
1007 372 1211 399 Possum*
1251 371 1587 398 insi-mennam

104 445 268 474 num.
301 429 509 472 Marullus
540 430 725 485 spatium
756 443 911 470 pnnuo
942 440 1119 468 ῙΝΑΝΕ.

216 499 314 543 533.
361 512 452 538 nnc
492 512 644 538 FUNDI
683 513 731 539 m
767 512 880 538 BINA
904 532 913 541 .
946 494 1192 548 Naugerius
1224 509 1359 535 FINDI
1383 526 1391 535 .
1424 494 1590 535 Veneta

103 567 235 612 editio
275 566 397 609 sindi
408 582 421 608 .·
461 565 515 608 de
555 566 767 608 Brixiensi
809 564 1129 618 Veronensique
1176 562 1280 604 mihi
1327 575 1412 604 non
1450 561 1588 614 magis

104 638 272 680 constat
301 647 429 690 quam
459 634 514 677 de
537 634 726 676 Antonio
757 632 1032 676 Florentino:
1065 631 1271 673 Marullus
1304 634 1346 672 et
1378 629 1589 671 Avantius

104 704 249 748 scindi
265 736 275 746 .

215 771 314 815 542.
355 773 424 813 DE
455 783 626 812 ummo
664 783 965 816 QUAERANTA
1007 782 1198 810 FoRnNT
1222 801 1232 811 .
1264 768 1434 823 Optime
1466 767 1588 808 Lam-

103 841 229 884 binus
260 841 327 883 De
365 839 580 895 nihiloque
620 852 814 879 RENATA
840 838 993 894 forem
1015 871 1022 881 .
1054 837 1192 879 minus
1230 837 1339 879 bene
1380 839 1592 878 corrector

103 908 303 965 quadrati
325 917 469 951 creata
484 923 498 949 .·
528 906 703 961 oblongi
726 910 939 949 corrector
964 907 1031 949 De
1057 906 1190 948 nihilo
1212 922 1319 962 quae
1353 914 1471 947 erant
1501 905 1591 961 afo-

102 987 196 1021 rent
209 1011 221 1032 ‚
252 978 281 1019 i.
314 977 486 1019 deerant
503 1008 513 1017 .

219 1046 316 1090 552.
361 1058 448 1085 IAM
487 1057 713 1085 coRPORA
755 1057 1008 1084 MATEmAn
1042 1044 1211 1089 USQUn
1250 1056 1476 1083 REDACTA
1508 1055 1589 1083 Fo-

103 1128 227 1156 vnu‘r
247 1146 256 1156 .
290 1112 388 1156 Itali
411 1117 453 1155 et
472 1112 673 1168 impressi
695 1125 789 1154 eum
811 1116 1050 1154 correctore
1082 1111 1258 1165 oblongi
1279 1112 1563 1167 materiaeque
1579 1143 1589 1164 ,

104 1182 319 1225 Marullus
349 1194 594 1222 MATnmAi
617 1212 626 1222 .
666 1195 855 1222 ronam
888 1184 1101 1222 corrector
1131 1179 1330 1234 quadrati
1363 1184 1404 1221 et
1434 1179 1590 1222 ceteri.

215 1250 314 1294 555.
352 1264 555 1292 summum
590 1263 801 1290 Ani-Ans
830 1262 1126 1290 PERVADERE
1154 1263 1283 1289 nmis
1307 1283 1316 1291 .
1345 1248 1417 1290 Sie
1444 1247 1591 1289 oblon-

48 1341 54 1344 κ
102 1332 210 1373 gus,
244 1318 464 1379 ‘Antonius
497 1318 651 1370 Marii,
695 1317 935 1360 Brixiensis
968 1316 1126 1359 editio:
1155 1317 1249 1373 fine
1281 1316 1519 1371 quadratus
1550 1320 1592 1357 et

101 1386 287 1430 schedae
304 1419 314 1428 .
336 1402 543 1429 summum
558 1386 715 1442 florem
735 1385 944 1427 Marullus
961 1418 972 1439 ,
1005 1401 1211 1427 summum
1220 1385 1356 1441 finem
1378 1388 1592 1426 corrector

101 1455 300 1511 quadrati
333 1460 374 1497 et
403 1454 665 1497 Veronensis
697 1453 855 1496 editio.
879 1452 961 1496 hoe
983 1453 1276 1495 Wakefieldus
1303 1453 1482 1508 probat,
1515 1452 1587 1506 qui

102 1523 288 1567 debebat
317 1523 429 1565 seire
462 1522 573 1564 hune
605 1526 778 1578 poetam
795 1523 930 1578 finem
962 1522 1199 1564 masculino
1223 1534 1381 1575 genere
1411 1534 1497 1562 non
1529 1520 1589 1562 di-

101 1593 218 1636 xisse
242 1625 252 1634 .
280 1591 517 1649 pervadere
555 1595 697 1633 autem
745 1603 839 1633 cum
876 1592 1122 1633 accusativo
1167 1591 1437 1632 coniunctum
1484 1588 1588 1643 quid

103 1665 219 1704 esset
239 1660 378 1703 Varro
410 1659 555 1702 docuit
586 1659 639 1702 de
671 1659 820 1713 lingua
841 1659 996 1702 Latina
1027 1674 1086 1699 vn
1118 1673 1158 1714 p.
1181 1659 1285 1702 300:
1323 1674 1455 1714 quare
1475 1657 1591 1713 quod

102 1739 160 1772 est
189 1728 387 1786 ‘pervade
412 1728 569 1785 polum'
598 1728 759 1783 inquit,
793 1729 903 1770 valet
934 1727 1053 1770 ‘vade
1074 1745 1157 1785 per
1185 1728 1340 1783 polum’
1373 1727 1454 1781 (sie
1477 1731 1589 1768 reete

101 1797 241 1840 docti:
263 1797 536 1840 Florentinus
566 1797 690 1838 valde
720 1796 828 1839 vade
848 1796 1139 1853 perzpolum):
1171 1809 1308 1850 neque
1340 1808 1390 1838 eo
1422 1798 1588 1837 veteres

100 1879 302 1922 umquam
323 1866 448 1908 aliter
469 1866 536 1908 usi
558 1869 656 1907 sunt
674 1897 683 1907 .
707 1878 791 1919 quo
822 1864 868 1906 fit
887 1869 933 1906 ut
954 1865 1022 1906 hie
1044 1877 1251 1919 perversa
1271 1864 1327 1906 sit
1347 1863 1586 1917 sententia,

100 1935 184 1978 nisi
220 1935 456 1978 scribamus
495 1934 554 1976 ad
581 1950 787 1975 summum
804 1933 959 1989 florem
997 1937 1070 1974 aut
1106 1933 1166 1974 ad
1202 1936 1435 1974 extremam
1462 1932 1589 1983 finem

91 2003 331 2061 pervadere
346 2035 357 2044 .
379 2002 456 2044 sed
478 2003 622 2044 verius
645 2006 710 2044 est
731 2014 758 2042 a
777 2004 932 2056 poe‘tae
960 2014 1089 2042 manu
1119 2000 1199 2042 hoe
1229 2012 1350 2053 esse,
1384 2013 1559 2040 SUMMA
1577 2032 1586 2053 ‚

100 2071 182 2114 hoe
211 2075 276 2114 est
304 2064 507 2113 universo
538 2069 714 2112 vivendi
745 2073 869 2123 actu,
908 2070 1059 2111 aetatis
1085 2068 1320 2125 pervadere
1337 2069 1473 2124 finis,
1511 2081 1587 2122 per

102 2154 226 2183 omne
247 2139 364 2182 vitae
386 2140 571 2194 spatium
594 2138 783 2181 vadere:
801 2137 918 2193 fines
946 2136 1059 2179 enim
1090 2137 1230 2178 locum
1260 2135 1414 2178 finibus
1446 2135 1588 2190 desig-

101 2212 248 2252 natum
280 2207 367 2250 diei
399 2220 524 2249 nemo
554 2206 752 2260 ignorat.

212 2276 311 2320 562.
342 2289 568 2322 QUONIAM
598 2288 883 2315 numentum
914 2287 1153 2320 QUAMQUE
1185 2287 1347 2315 DEMUS
1371 2306 1380 2316 .
1416 2273 1586 2316 Correo-

100 2349 167 2387 tor
195 2344 373 2399 oblongi
403 2358 571 2385 REFICI
601 2359 689 2385 rem
713 2375 722 2384 .
751 2359 959 2399 quamque
991 2356 1210 2383 vmmws
1244 2346 1457 2384 corrector
1487 2354 1587 2396 qua-

100 2412 242 2468 drati,
274 2413 400 2467 Itali,
433 2412 659 2468 impressi.

213 2481 311 2525 569.
342 2482 663 2526 ADMlx'rUMQ.
697 2494 922 2526 QUONIAM
953 2494 1110 2521 SEMEL
1135 2494 1247 2522 EST.
1267 2479 1586 2525 omittunthE

100 2563 278 2604 omnes,
309 2554 482 2605 praeter
512 2553 680 2592 veteres
713 2549 985 2591 membranas
1004 2581 1014 2591 .

212 2619 311 2662 571.
342 2632 516 2659 VALIDI
548 2631 741 2658 S1L1cns
766 2650 773 2657 .
807 2617 925 2659 Haeo
946 2617 1106 2671 verba,
1131 2629 1242 2672 quae
1273 2616 1426 2658 iterum
1447 2615 1590 2670 posita

101 2690 200 2728 sunt
224 2687 270 2729 in
289 2686 399 2728 libro
423 2701 455 2726 11
471 2718 482 2740 ,
503 2685 615 2740 449,
638 2684 862 2740 proferunt
885 2686 1077 2728 Donatus
1099 2699 1140 2739 p.
1166 2685 1271 2727 1769
1294 2688 1336 2726 et
1358 2683 1586 2739 Pompeius

100 2767 142 2809 p.
159 2753 271 2808 434,
303 2766 477 2796 versum
508 2754 607 2796 libri
638 2753 765 2808 primi
798 2758 932 2795 totum
963 2754 1129 2795 Nonius
1161 2767 1202 2807 p.
1226 2753 1336 2806 225,
1366 2753 1415 2794 19
1434 2784 1443 2792 .

215 2821 312 2864 578.
354 2836 416 2862 nx
446 2835 671 2863 ani-nmio
705 2835 932 2862 rampone
964 2835 1158 2867 QUAEQ.
1191 2822 1320 2862 Recte
1352 2819 1588 2861 Lambinus

101 2904 376 2937 QUAEDAM.

213 2958 312 3002 580.
345 2957 485 3008 Qun:
515 2971 617 2998 Non
646 2971 748 2998 DUM
778 2971 1033 2999 CIVEANT.
1066 2956 1274 2998 Marullus
1306 2970 1542 2999 CLUEANT.

214 3026 312 3070 584.
360 3039 585 3073 QUONIAM
631 3039 854 3066 GENERAT
903 3040 951 3066 m
995 3039 1215 3067 REDDITA
1259 3039 1388 3068 nmis
1435 3025 1586 3068 Onas-
