<?xml version="1.0" encoding="UTF-8"?>
<!DOCTYPE html PUBLIC "-//W3C//DTD XHTML 1.0 Transitional//EN"
    "http://www.w3.org/TR/xhtml1/DTD/xhtml1-transitional.dtd">
<html xmlns="http://www.w3.org/1999/xhtml" xml:lang="en" lang="en">
 <head>
  <title>
</title>
<meta http-equiv="Content-Type" content="text/html;charset=utf-8" />
  <meta name='ocr-system' content='tesseract 3.04.00' />
  <meta name='ocr-capabilities' content='ocr_page ocr_carea ocr_par ocr_line ocrx_word'/>
</head>
<body>
  <div class='ocr_page' id='page_1' title='image "./intlucretiicarid00lachuoft_0092.png"; bbox 0 0 2040 3328; ppageno 0'>
   <div class='ocr_carea' id='block_1_1' title="bbox 388 219 1136 260">
    <p class='ocr_par' dir='ltr' id='par_1_1' title="bbox 388 219 1136 260">
     <span class='ocr_line' id='line_1_1' title="bbox 388 219 1136 260; baseline 0.001 -1"><span class='ocrx_word' id='word_1_1' title='bbox 388 219 441 260; x_wconf 88' lang='lat'>88</span> <span class='ocrx_word' id='word_1_2' title='bbox 1093 219 1136 260; x_wconf 96' lang='lat' dir='ltr'>II</span> 
     </span>
    </p>
   </div>
   <div class='ocr_carea' id='block_1_2' title="bbox 379 330 1845 3000">
    <p class='ocr_par' dir='ltr' id='par_1_2' title="bbox 379 330 1837 840">
     <span class='ocr_line' id='line_1_2' title="bbox 379 330 1834 386; baseline 0.003 -15"><span class='ocrx_word' id='word_1_3' title='bbox 379 331 562 386; x_wconf 69' lang='lat' dir='ltr'>propria</span> <span class='ocrx_word' id='word_1_4' title='bbox 582 330 683 371; x_wconf 90' lang='lat' dir='ltr'>nihil</span> <span class='ocrx_word' id='word_1_5' title='bbox 707 330 819 372; x_wconf 88' lang='lat' dir='ltr'>aliud</span> <span class='ocrx_word' id='word_1_6' title='bbox 843 342 936 372; x_wconf 89' lang='lat' dir='ltr'>esse</span> <span class='ocrx_word' id='word_1_7' title='bbox 957 342 1082 383; x_wconf 87' lang='lat' dir='ltr'>quam</span> <span class='ocrx_word' id='word_1_8' title='bbox 1103 330 1400 384; x_wconf 86' lang='lat' dir='ltr'>aequilibrium</span> <span class='ocrx_word' id='word_1_9' title='bbox 1431 331 1673 375; x_wconf 81' lang='lat' dir='ltr'>docebimus</span> <span class='ocrx_word' id='word_1_10' title='bbox 1703 332 1756 374; x_wconf 88' lang='lat' dir='ltr'>ad</span> <span class='ocrx_word' id='word_1_11' title='bbox 1786 334 1834 375; x_wconf 89' lang='lat' dir='ltr'>li-</span> 
     </span>
     <span class='ocr_line' id='line_1_3' title="bbox 389 396 1836 452; baseline 0.003 -13"><span class='ocrx_word' id='word_1_12' title='bbox 389 397 506 439; x_wconf 92' lang='lat' dir='ltr'>brum</span> <span class='ocrx_word' id='word_1_13' title='bbox 536 397 691 447; x_wconf 81' lang='lat' dir='ltr'><strong>v1‚574</strong></span> <span class='ocrx_word' id='word_1_14' title='bbox 713 428 722 438; x_wconf 90' lang='lat'><strong>.</strong></span> <span class='ocrx_word' id='word_1_15' title='bbox 753 410 802 439; x_wconf 88' lang='lat' dir='ltr'>eo</span> <span class='ocrx_word' id='word_1_16' title='bbox 834 401 973 438; x_wconf 88' lang='lat' dir='ltr'>autem</span> <span class='ocrx_word' id='word_1_17' title='bbox 1003 396 1250 450; x_wconf 86' lang='lat' dir='ltr'>aequilibrio</span> <span class='ocrx_word' id='word_1_18' title='bbox 1281 410 1390 450; x_wconf 89' lang='lat' dir='ltr'>quae</span> <span class='ocrx_word' id='word_1_19' title='bbox 1419 399 1592 452; x_wconf 91' lang='lat' dir='ltr'>paulum</span> <span class='ocrx_word' id='word_1_20' title='bbox 1623 399 1836 444; x_wconf 88' lang='lat' dir='ltr'>declinant</span> 
     </span>
     <span class='ocr_line' id='line_1_4' title="bbox 388 463 1835 522; baseline 0.003 -17"><span class='ocrx_word' id='word_1_21' title='bbox 388 465 486 518; x_wconf 88' lang='lat' dir='ltr'>(hoc</span> <span class='ocrx_word' id='word_1_22' title='bbox 522 465 631 506; x_wconf 89' lang='lat' dir='ltr'>enim</span> <span class='ocrx_word' id='word_1_23' title='bbox 660 468 827 519; x_wconf 75' lang='lat' dir='ltr'>poetam</span> <span class='ocrx_word' id='word_1_24' title='bbox 857 463 967 505; x_wconf 88' lang='lat' dir='ltr'>velle</span> <span class='ocrx_word' id='word_1_25' title='bbox 997 467 1188 517; x_wconf 87' lang='lat' dir='ltr'>apertum</span> <span class='ocrx_word' id='word_1_26' title='bbox 1219 464 1298 517; x_wconf 90' lang='lat' dir='ltr'>est)</span> <span class='ocrx_word' id='word_1_27' title='bbox 1332 477 1415 505; x_wconf 90' lang='lat' dir='ltr'>non</span> <span class='ocrx_word' id='word_1_28' title='bbox 1445 469 1618 518; x_wconf 82' lang='lat' dir='ltr'>possunt</span> <span class='ocrx_word' id='word_1_29' title='bbox 1643 467 1835 522; x_wconf 76' lang='lat' dir='ltr'>ponderi-</span> 
     </span>
     <span class='ocr_line' id='line_1_5' title="bbox 390 529 1836 586; baseline 0.003 -14"><span class='ocrx_word' id='word_1_30' title='bbox 390 533 463 572; x_wconf 78' lang='lat' dir='ltr'>bus</span> <span class='ocrx_word' id='word_1_31' title='bbox 476 533 666 586; x_wconf 74' lang='lat' dir='ltr'>propriis</span> <span class='ocrx_word' id='word_1_32' title='bbox 688 531 901 585; x_wconf 74' lang='lat' dir='ltr'>depellere,</span> <span class='ocrx_word' id='word_1_33' title='bbox 923 529 997 572; x_wconf 88' lang='lat' dir='ltr'>sed</span> <span class='ocrx_word' id='word_1_34' title='bbox 1017 543 1302 571; x_wconf 79' lang='lat' dir='ltr'><strong>DEOELLERE</strong></span> <span class='ocrx_word' id='word_1_35' title='bbox 1319 562 1329 572; x_wconf 88' lang='lat'><strong>.</strong></span> <span class='ocrx_word' id='word_1_36' title='bbox 1351 543 1435 572; x_wconf 90' lang='lat' dir='ltr'>non</span> <span class='ocrx_word' id='word_1_37' title='bbox 1465 531 1600 585; x_wconf 85' lang='lat' dir='ltr'>potuit·</span> <span class='ocrx_word' id='word_1_38' title='bbox 1627 533 1836 576; x_wconf 74' lang='lat' dir='ltr'>declinare</span> 
     </span>
     <span class='ocr_line' id='line_1_6' title="bbox 390 596 1834 652; baseline 0.003 -14"><span class='ocrx_word' id='word_1_39' title='bbox 390 598 475 638; x_wconf 93' lang='lat' dir='ltr'>alio</span> <span class='ocrx_word' id='word_1_40' title='bbox 507 597 711 639; x_wconf 90' lang='lat' dir='ltr'>vocabulo</span> <span class='ocrx_word' id='word_1_41' title='bbox 733 598 870 650; x_wconf 86' lang='lat' dir='ltr'>magis</span> <span class='ocrx_word' id='word_1_42' title='bbox 898 597 1067 652; x_wconf 85' lang='lat' dir='ltr'>proprie</span> <span class='ocrx_word' id='word_1_43' title='bbox 1098 597 1180 639; x_wconf 87' lang='lat' dir='ltr'>dici</span> <span class='ocrx_word' id='word_1_44' title='bbox 1211 609 1335 652; x_wconf 89' lang='lat' dir='ltr'>quam</span> <span class='ocrx_word' id='word_1_45' title='bbox 1366 596 1444 639; x_wconf 91' lang='lat' dir='ltr'>hoc</span> <span class='ocrx_word' id='word_1_46' title='bbox 1474 598 1586 652; x_wconf 89' lang='lat' dir='ltr'>quod</span> <span class='ocrx_word' id='word_1_47' title='bbox 1616 603 1681 641; x_wconf 87' lang='lat' dir='ltr'>est</span> <span class='ocrx_word' id='word_1_48' title='bbox 1708 599 1834 643; x_wconf 83' lang='lat' dir='ltr'>decel-</span> 
     </span>
     <span class='ocr_line' id='line_1_7' title="bbox 391 663 1836 721; baseline 0.002 -16"><span class='ocrx_word' id='word_1_49' title='bbox 391 665 484 718; x_wconf 76' lang='lat' dir='ltr'>lere‚</span> <span class='ocrx_word' id='word_1_50' title='bbox 515 665 604 706; x_wconf 89' lang='lat' dir='ltr'>sive</span> <span class='ocrx_word' id='word_1_51' title='bbox 625 663 727 705; x_wconf 91' lang='lat' dir='ltr'>illud</span> <span class='ocrx_word' id='word_1_52' title='bbox 758 668 884 718; x_wconf 77' lang='lat' dir='ltr'>poe&#39;ta</span> <span class='ocrx_word' id='word_1_53' title='bbox 913 663 1032 706; x_wconf 80' lang='lat' dir='ltr'>finxit</span> <span class='ocrx_word' id='word_1_54' title='bbox 1061 664 1150 706; x_wconf 89' lang='lat' dir='ltr'>sive</span> <span class='ocrx_word' id='word_1_55' title='bbox 1182 677 1205 705; x_wconf 90' lang='lat' dir='ltr'>e</span> <span class='ocrx_word' id='word_1_56' title='bbox 1236 663 1537 706; x_wconf 86' lang='lat' dir='ltr'>consuetudine</span> <span class='ocrx_word' id='word_1_57' title='bbox 1557 665 1672 719; x_wconf 82' lang='lat' dir='ltr'>vulgi</span> <span class='ocrx_word' id='word_1_58' title='bbox 1698 679 1836 721; x_wconf 83' lang='lat' dir='ltr'>sump-</span> 
     </span>
     <span class='ocr_line' id='line_1_8' title="bbox 390 731 1837 787; baseline 0.003 -15"><span class='ocrx_word' id='word_1_59' title='bbox 390 732 469 772; x_wconf 88' lang='lat' dir='ltr'>sit.</span> <span class='ocrx_word' id='word_1_60' title='bbox 494 732 641 773; x_wconf 84' lang='lat' dir='ltr'>Festus</span> <span class='ocrx_word' id='word_1_61' title='bbox 672 745 713 786; x_wconf 92' lang='lat' dir='ltr'>p.</span> <span class='ocrx_word' id='word_1_62' title='bbox 734 731 843 781; x_wconf 80' lang='lat'><strong>274,</strong></span> <span class='ocrx_word' id='word_1_63' title='bbox 874 732 925 773; x_wconf 81' lang='lat'>31</span> <span class='ocrx_word' id='word_1_64' title='bbox 956 731 1188 784; x_wconf 78' lang='lat' dir='ltr'>Recellere‚</span> <span class='ocrx_word' id='word_1_65' title='bbox 1218 731 1446 784; x_wconf 77' lang='lat' dir='ltr'>reclinare,</span> <span class='ocrx_word' id='word_1_66' title='bbox 1477 740 1513 773; x_wconf 77' lang='lat' dir='ltr'>et</span> <span class='ocrx_word' id='word_1_67' title='bbox 1542 733 1762 787; x_wconf 74' lang='lat' dir='ltr'>excellere,</span> <span class='ocrx_word' id='word_1_68' title='bbox 1791 735 1837 776; x_wconf 76' lang='lat' dir='ltr'>in</span> 
     </span>
     <span class='ocr_line' id='line_1_9' title="bbox 390 799 766 840; baseline 0.003 -1"><span class='ocrx_word' id='word_1_69' title='bbox 390 799 518 840; x_wconf 78' lang='lat' dir='ltr'>altum</span> <span class='ocrx_word' id='word_1_70' title='bbox 549 799 740 840; x_wconf 73' lang='lat' dir='ltr'>extollere</span> <span class='ocrx_word' id='word_1_71' title='bbox 757 831 766 839; x_wconf 92' lang='lat'><strong>.</strong></span> 
     </span>
    </p>

    <p class='ocr_par' dir='ltr' id='par_1_3' title="bbox 502 864 1600 909">
     <span class='ocr_line' id='line_1_10' title="bbox 502 864 1600 909; baseline 0 -1"><span class='ocrx_word' id='word_1_72' title='bbox 502 866 596 909; x_wconf 82' lang='lat'><strong>222.</strong></span> <span class='ocrx_word' id='word_1_73' title='bbox 629 867 808 907; x_wconf 74' lang='lat' dir='ltr'>IMBRES</span> <span class='ocrx_word' id='word_1_74' title='bbox 838 880 920 906; x_wconf 72' lang='lat' dir='ltr'>[Ji-1</span> <span class='ocrx_word' id='word_1_75' title='bbox 949 879 1165 907; x_wconf 79' lang='lat' dir='ltr'><strong>GUTTAE.</strong></span> <span class='ocrx_word' id='word_1_76' title='bbox 1187 864 1386 907; x_wconf 82' lang='lat' dir='ltr'>Marullus</span> <span class='ocrx_word' id='word_1_77' title='bbox 1417 866 1600 908; x_wconf 58' lang='lat' dir='ltr'>Iunius.</span> 
     </span>
    </p>

    <p class='ocr_par' dir='ltr' id='par_1_4' title="bbox 389 932 1839 1188">
     <span class='ocr_line' id='line_1_11' title="bbox 501 932 1839 987; baseline 0.001 -13"><span class='ocrx_word' id='word_1_78' title='bbox 501 933 595 974; x_wconf 82' lang='lat'><strong>227.</strong></span> <span class='ocrx_word' id='word_1_79' title='bbox 627 947 787 978; x_wconf 81' lang='lat' dir='ltr'><strong>ATQUE</strong></span> <span class='ocrx_word' id='word_1_80' title='bbox 818 946 896 973; x_wconf 81' lang='lat' dir='ltr'>ITA</span> <span class='ocrx_word' id='word_1_81' title='bbox 926 947 1048 974; x_wconf 78' lang='lat' dir='ltr'><strong>PLAG</strong></span> <span class='ocrx_word' id='word_1_82' title='bbox 1081 932 1302 974; x_wconf 65' lang='lat' dir='ltr'>Gmusnn</span> <span class='ocrx_word' id='word_1_83' title='bbox 1322 963 1330 972; x_wconf 90' lang='lat'><strong>.</strong></span> <span class='ocrx_word' id='word_1_84' title='bbox 1355 933 1419 974; x_wconf 87' lang='lat' dir='ltr'>Ita</span> <span class='ocrx_word' id='word_1_85' title='bbox 1445 933 1679 987; x_wconf 76' lang='lat' dir='ltr'>oblongUS‚</span> <span class='ocrx_word' id='word_1_86' title='bbox 1710 934 1786 976; x_wconf 83' lang='lat' dir='ltr'>sed</span> <span class='ocrx_word' id='word_1_87' title='bbox 1812 947 1839 976; x_wconf 86' lang='lat' dir='ltr'>a</span> 
     </span>
     <span class='ocr_line' id='line_1_12' title="bbox 391 999 1836 1055; baseline 0.001 -13"><span class='ocrx_word' id='word_1_88' title='bbox 391 1004 624 1042; x_wconf 84' lang='lat' dir='ltr'>correctore</span> <span class='ocrx_word' id='word_1_89' title='bbox 654 999 849 1054; x_wconf 80' lang='lat' dir='ltr'>Saxone,</span> <span class='ocrx_word' id='word_1_90' title='bbox 881 1000 950 1053; x_wconf 90' lang='lat' dir='ltr'>qui</span> <span class='ocrx_word' id='word_1_91' title='bbox 981 999 1149 1053; x_wconf 79' lang='lat' dir='ltr'>scripsit</span> <span class='ocrx_word' id='word_1_92' title='bbox 1179 999 1222 1039; x_wconf 89' lang='lat' dir='ltr'>in</span> <span class='ocrx_word' id='word_1_93' title='bbox 1252 999 1379 1040; x_wconf 88' lang='lat' dir='ltr'>litura</span> <span class='ocrx_word' id='word_1_94' title='bbox 1407 1016 1434 1040; x_wconf 90' lang='lat' dir='ltr'>a</span> <span class='ocrx_word' id='word_1_95' title='bbox 1457 1000 1574 1055; x_wconf 72' lang='lat' dir='ltr'>play.</span> <span class='ocrx_word' id='word_1_96' title='bbox 1607 1000 1836 1053; x_wconf 84' lang='lat' dir='ltr'>quadratus</span> 
     </span>
     <span class='ocr_line' id='line_1_13' title="bbox 391 1065 1839 1122; baseline 0 -13"><span class='ocrx_word' id='word_1_97' title='bbox 391 1073 431 1109; x_wconf 89' lang='lat' dir='ltr'>et</span> <span class='ocrx_word' id='word_1_98' title='bbox 466 1067 646 1109; x_wconf 81' lang='lat' dir='ltr'>schedae</span> <span class='ocrx_word' id='word_1_99' title='bbox 679 1067 846 1122; x_wconf 70' lang='lat' dir='ltr'>playe&#39;s.</span> <span class='ocrx_word' id='word_1_100' title='bbox 870 1070 1075 1108; x_wconf 84' lang='lat' dir='ltr'>corrector</span> <span class='ocrx_word' id='word_1_101' title='bbox 1111 1065 1305 1120; x_wconf 87' lang='lat' dir='ltr'>quadrati</span> <span class='ocrx_word' id='word_1_102' title='bbox 1341 1080 1550 1121; x_wconf 79' lang='lat' dir='ltr'>PLAGAS,</span> <span class='ocrx_word' id='word_1_103' title='bbox 1586 1067 1728 1120; x_wconf 86' lang='lat' dir='ltr'>itaque</span> <span class='ocrx_word' id='word_1_104' title='bbox 1758 1067 1839 1122; x_wconf 90' lang='lat' dir='ltr'>pri-</span> 
     </span>
     <span class='ocr_line' id='line_1_14' title="bbox 389 1133 1018 1188; baseline 0 -13"><span class='ocrx_word' id='word_1_105' title='bbox 389 1148 482 1175; x_wconf 89' lang='lat' dir='ltr'>mus</span> <span class='ocrx_word' id='word_1_106' title='bbox 512 1139 607 1188; x_wconf 90' lang='lat' dir='ltr'>post</span> <span class='ocrx_word' id='word_1_107' title='bbox 637 1146 732 1176; x_wconf 90' lang='lat' dir='ltr'>eum</span> <span class='ocrx_word' id='word_1_108' title='bbox 763 1133 1018 1175; x_wconf 85' lang='lat' dir='ltr'>Lambinus.</span> 
     </span>
    </p>

    <p class='ocr_par' dir='ltr' id='par_1_5' title="bbox 390 1200 1840 1322">
     <span class='ocr_line' id='line_1_15' title="bbox 503 1200 1840 1256; baseline 0.001 -14"><span class='ocrx_word' id='word_1_109' title='bbox 503 1201 597 1243; x_wconf 87' lang='grc'><strong>229.</strong></span> <span class='ocrx_word' id='word_1_110' title='bbox 630 1201 794 1242; x_wconf 66' lang='lat' dir='ltr'>Annos</span> <span class='ocrx_word' id='word_1_111' title='bbox 812 1232 821 1242; x_wconf 90' lang='lat'><strong>.</strong></span> <span class='ocrx_word' id='word_1_112' title='bbox 844 1201 940 1242; x_wconf 87' lang='lat' dir='ltr'>Itali</span> <span class='ocrx_word' id='word_1_113' title='bbox 961 1203 1002 1241; x_wconf 89' lang='lat' dir='ltr'>et</span> <span class='ocrx_word' id='word_1_114' title='bbox 1020 1200 1212 1254; x_wconf 86' lang='lat' dir='ltr'>impressi</span> <span class='ocrx_word' id='word_1_115' title='bbox 1234 1202 1388 1242; x_wconf 79' lang='lat' dir='ltr'>Avms</span> <span class='ocrx_word' id='word_1_116' title='bbox 1406 1233 1416 1244; x_wconf 93' lang='lat'><strong>.</strong></span> <span class='ocrx_word' id='word_1_117' title='bbox 1437 1213 1566 1256; x_wconf 89' lang='lat' dir='ltr'>supra</span> <span class='ocrx_word' id='word_1_118' title='bbox 1598 1201 1676 1243; x_wconf 82' lang='lat'>145</span> <span class='ocrx_word' id='word_1_119' title='bbox 1697 1200 1840 1243; x_wconf 86' lang='lat' dir='ltr'>oblon-</span> 
     </span>
     <span class='ocr_line' id='line_1_16' title="bbox 390 1269 822 1322; baseline 0 -12"><span class='ocrx_word' id='word_1_120' title='bbox 390 1282 485 1322; x_wconf 29' lang='lat' dir='ltr'>gus.</span> <span class='ocrx_word' id='word_1_121' title='bbox 500 1285 667 1310; x_wconf 71' lang='lat' dir='ltr'>nemora</span> <span class='ocrx_word' id='word_1_122' title='bbox 696 1269 796 1310; x_wconf 85' lang='lat' dir='ltr'>aula</span> <span class='ocrx_word' id='word_1_123' title='bbox 813 1299 822 1309; x_wconf 86' lang='lat'><strong>.</strong></span> 
     </span>
    </p>

    <p class='ocr_par' dir='ltr' id='par_1_6' title="bbox 390 1334 1839 1512">
     <span class='ocr_line' id='line_1_17' title="bbox 503 1334 1838 1386; baseline -0.001 -8"><span class='ocrx_word' id='word_1_124' title='bbox 503 1336 597 1378; x_wconf 81' lang='lat'><strong>233.</strong></span> <span class='ocrx_word' id='word_1_125' title='bbox 628 1336 871 1377; x_wconf 78' lang='lat' dir='ltr'>HAERAUT</span> <span class='ocrx_word' id='word_1_126' title='bbox 902 1348 1147 1376; x_wconf 68' lang='lat' dir='ltr'>rossum.</span> <span class='ocrx_word' id='word_1_127' title='bbox 1172 1334 1411 1386; x_wconf 82' lang='lat' dir='ltr'>Quadratus</span> <span class='ocrx_word' id='word_1_128' title='bbox 1448 1339 1488 1376; x_wconf 91' lang='lat' dir='ltr'>et</span> <span class='ocrx_word' id='word_1_129' title='bbox 1517 1334 1698 1378; x_wconf 88' lang='lat' dir='ltr'>schedae</span> <span class='ocrx_word' id='word_1_130' title='bbox 1727 1337 1838 1378; x_wconf 86' lang='lat' dir='ltr'>Hae-</span> 
     </span>
     <span class='ocr_line' id='line_1_18' title="bbox 390 1402 1839 1445; baseline -0.001 0"><span class='ocrx_word' id='word_1_131' title='bbox 390 1403 504 1445; x_wconf 62' lang='grc' dir='ltr'>φανά</span> <span class='ocrx_word' id='word_1_132' title='bbox 525 1436 534 1444; x_wconf 93' lang='grc'><strong>.</strong></span> <span class='ocrx_word' id='word_1_133' title='bbox 565 1407 821 1445; x_wconf 87' lang='lat' dir='ltr'>correctores</span> <span class='ocrx_word' id='word_1_134' title='bbox 866 1402 1164 1445; x_wconf 89' lang='lat' dir='ltr'>Vossianorum</span> <span class='ocrx_word' id='word_1_135' title='bbox 1207 1403 1295 1444; x_wconf 80' lang='lat' dir='ltr'>Aer</span> <span class='ocrx_word' id='word_1_136' title='bbox 1337 1402 1451 1444; x_wconf 74' lang='lat' dir='ltr'>haud</span> <span class='ocrx_word' id='word_1_137' title='bbox 1472 1434 1480 1443; x_wconf 94' lang='lat'><strong>.</strong></span> <span class='ocrx_word' id='word_1_138' title='bbox 1514 1403 1665 1444; x_wconf 70' lang='lat' dir='ltr'>Annis</span> <span class='ocrx_word' id='word_1_139' title='bbox 1709 1416 1839 1444; x_wconf 67' lang='lat' dir='ltr'>nAun</span> 
     </span>
     <span class='ocr_line' id='line_1_19' title="bbox 390 1471 512 1512; baseline -0.008 0"><span class='ocrx_word' id='word_1_140' title='bbox 390 1471 512 1512; x_wconf 86' lang='lat' dir='ltr'>Itali.</span> 
     </span>
    </p>

    <p class='ocr_par' dir='ltr' id='par_1_7' title="bbox 503 1536 1558 1579">
     <span class='ocr_line' id='line_1_20' title="bbox 503 1536 1558 1579; baseline -0.001 0"><span class='ocrx_word' id='word_1_141' title='bbox 503 1538 597 1579; x_wconf 82' lang='lat'><strong>234.</strong></span> <span class='ocrx_word' id='word_1_142' title='bbox 630 1550 951 1578; x_wconf 61' lang='lat' dir='ltr'>exsormmrn</span> <span class='ocrx_word' id='word_1_143' title='bbox 969 1567 979 1578; x_wconf 90' lang='lat'><strong>.</strong></span> <span class='ocrx_word' id='word_1_144' title='bbox 1001 1536 1204 1578; x_wconf 84' lang='lat' dir='ltr'>Marullus</span> <span class='ocrx_word' id='word_1_145' title='bbox 1233 1550 1531 1578; x_wconf 77' lang='lat' dir='ltr'><strong>EXUPERATA</strong></span> <span class='ocrx_word' id='word_1_146' title='bbox 1549 1569 1558 1578; x_wconf 96' lang='lat'><strong>.</strong></span> 
     </span>
    </p>

    <p class='ocr_par' dir='ltr' id='par_1_8' title="bbox 391 1603 1843 1714">
     <span class='ocr_line' id='line_1_21' title="bbox 502 1603 1843 1647; baseline -0.001 0"><span class='ocrx_word' id='word_1_147' title='bbox 502 1605 597 1647; x_wconf 80' lang='lat'>240.</span> <span class='ocrx_word' id='word_1_148' title='bbox 628 1605 774 1646; x_wconf 78' lang='lat' dir='ltr'>HAUD</span> <span class='ocrx_word' id='word_1_149' title='bbox 817 1618 987 1644; x_wconf 79' lang='lat' dir='ltr'>IGITUR</span> <span class='ocrx_word' id='word_1_150' title='bbox 1030 1617 1323 1645; x_wconf 78' lang='lat' dir='ltr'>POTUERUNT</span> <span class='ocrx_word' id='word_1_151' title='bbox 1347 1636 1356 1645; x_wconf 93' lang='lat'><strong>.</strong></span> <span class='ocrx_word' id='word_1_152' title='bbox 1384 1603 1590 1646; x_wconf 82' lang='lat' dir='ltr'>Antonius</span> <span class='ocrx_word' id='word_1_153' title='bbox 1636 1604 1759 1646; x_wconf 88' lang='lat' dir='ltr'>Marii</span> <span class='ocrx_word' id='word_1_154' title='bbox 1802 1608 1843 1647; x_wconf 84' lang='lat' dir='ltr'>et</span> 
     </span>
     <span class='ocr_line' id='line_1_22' title="bbox 391 1673 902 1714; baseline -0.006 0"><span class='ocrx_word' id='word_1_155' title='bbox 391 1673 592 1714; x_wconf 87' lang='lat' dir='ltr'>Marullus</span> <span class='ocrx_word' id='word_1_156' title='bbox 622 1686 875 1712; x_wconf 79' lang='lat' dir='ltr'><strong>POTERUNT</strong></span> <span class='ocrx_word' id='word_1_157' title='bbox 894 1703 902 1712; x_wconf 94' lang='lat'><strong>.</strong></span> 
     </span>
    </p>

    <p class='ocr_par' dir='ltr' id='par_1_9' title="bbox 391 1737 1843 1862">
     <span class='ocr_line' id='line_1_23' title="bbox 503 1737 1843 1785; baseline 0.001 -5"><span class='ocrx_word' id='word_1_158' title='bbox 503 1739 597 1782; x_wconf 80' lang='lat'><strong>247.</strong></span> <span class='ocrx_word' id='word_1_159' title='bbox 629 1753 858 1785; x_wconf 76' lang='lat' dir='ltr'>QUANTUM</span> <span class='ocrx_word' id='word_1_160' title='bbox 887 1752 1030 1778; x_wconf 68' lang='lat' dir='ltr'>mnsr</span> <span class='ocrx_word' id='word_1_161' title='bbox 1047 1770 1056 1780; x_wconf 89' lang='lat'><strong>.</strong></span> <span class='ocrx_word' id='word_1_162' title='bbox 1079 1739 1142 1780; x_wconf 91' lang='lat' dir='ltr'>De</span> <span class='ocrx_word' id='word_1_163' title='bbox 1171 1738 1250 1780; x_wconf 88' lang='lat' dir='ltr'>hoc</span> <span class='ocrx_word' id='word_1_164' title='bbox 1281 1738 1369 1779; x_wconf 83' lang='lat' dir='ltr'>dixi</span> <span class='ocrx_word' id='word_1_165' title='bbox 1396 1737 1451 1780; x_wconf 90' lang='lat' dir='ltr'>ad</span> <span class='ocrx_word' id='word_1_166' title='bbox 1471 1751 1638 1780; x_wconf 86' lang='lat' dir='ltr'>versum</span> <span class='ocrx_word' id='word_1_167' title='bbox 1659 1738 1768 1781; x_wconf 81' lang='lat'><strong>205.</strong></span> <span class='ocrx_word' id='word_1_168' title='bbox 1789 1738 1843 1781; x_wconf 89' lang='lat' dir='ltr'>de</span> 
     </span>
     <span class='ocr_line' id='line_1_24' title="bbox 391 1805 1410 1862; baseline -0.003 -13"><span class='ocrx_word' id='word_1_169' title='bbox 391 1820 516 1849; x_wconf 87' lang='lat' dir='ltr'>versu</span> <span class='ocrx_word' id='word_1_170' title='bbox 546 1807 736 1862; x_wconf 80' lang='lat' dir='ltr'>proximo</span> <span class='ocrx_word' id='word_1_171' title='bbox 768 1806 907 1848; x_wconf 92' lang='lat' dir='ltr'>dicam</span> <span class='ocrx_word' id='word_1_172' title='bbox 938 1805 993 1847; x_wconf 90' lang='lat' dir='ltr'>ad</span> <span class='ocrx_word' id='word_1_173' title='bbox 1022 1805 1174 1848; x_wconf 90' lang='lat' dir='ltr'>librum</span> <span class='ocrx_word' id='word_1_174' title='bbox 1205 1819 1244 1858; x_wconf 90' lang='lat' dir='ltr'>v,</span> <span class='ocrx_word' id='word_1_175' title='bbox 1279 1806 1410 1848; x_wconf 84' lang='lat'><strong>1033.</strong></span> 
     </span>
    </p>

    <p class='ocr_par' dir='ltr' id='par_1_10' title="bbox 389 1873 1845 3000">
     <span class='ocr_line' id='line_1_25' title="bbox 502 1873 1842 1916; baseline -0.001 -2"><span class='ocrx_word' id='word_1_176' title='bbox 502 1874 597 1916; x_wconf 78' lang='lat'><strong>249.</strong></span> <span class='ocrx_word' id='word_1_177' title='bbox 629 1873 724 1915; x_wconf 71' lang='lat' dir='ltr'>SED</span> <span class='ocrx_word' id='word_1_178' title='bbox 767 1888 901 1914; x_wconf 80' lang='lat' dir='ltr'><strong>Nfflu.</strong></span> <span class='ocrx_word' id='word_1_179' title='bbox 939 1887 1122 1914; x_wconf 78' lang='grc' dir='ltr'>οΜΝΙΝο</span> <span class='ocrx_word' id='word_1_180' title='bbox 1163 1886 1377 1913; x_wconf 74' lang='lat' dir='ltr'>REG10NE</span> <span class='ocrx_word' id='word_1_181' title='bbox 1414 1886 1519 1912; x_wconf 75' lang='lat' dir='ltr'>VIAI</span> <span class='ocrx_word' id='word_1_182' title='bbox 1557 1873 1842 1914; x_wconf 63' lang='lat' dir='ltr'>DsschAun</span> 
     </span>
     <span class='ocr_line' id='line_1_26' title="bbox 392 1939 1843 1987; baseline 0 -5"><span class='ocrx_word' id='word_1_183' title='bbox 392 1955 504 1986; x_wconf 80' lang='lat' dir='ltr'>Q1J1s</span> <span class='ocrx_word' id='word_1_184' title='bbox 541 1955 628 1981; x_wconf 76' lang='lat' dir='ltr'>EST</span> <span class='ocrx_word' id='word_1_185' title='bbox 665 1956 748 1987; x_wconf 85' lang='lat' dir='ltr'>QUI</span> <span class='ocrx_word' id='word_1_186' title='bbox 782 1954 949 1982; x_wconf 72' lang='lat' dir='ltr'>Possm</span> <span class='ocrx_word' id='word_1_187' title='bbox 981 1955 1200 1981; x_wconf 78' lang='lat' dir='ltr'>CERNERE</span> <span class='ocrx_word' id='word_1_188' title='bbox 1231 1939 1371 1980; x_wconf 69' lang='lat' dir='ltr'>sese?</span> <span class='ocrx_word' id='word_1_189' title='bbox 1414 1939 1478 1980; x_wconf 91' lang='lat' dir='ltr'>Ab</span> <span class='ocrx_word' id='word_1_190' title='bbox 1510 1939 1690 1981; x_wconf 88' lang='lat' dir='ltr'>Antonio</span> <span class='ocrx_word' id='word_1_191' title='bbox 1721 1939 1843 1982; x_wconf 87' lang='lat' dir='ltr'>Marii</span> 
     </span>
     <span class='ocr_line' id='line_1_27' title="bbox 390 2006 1844 2063; baseline 0.001 -14"><span class='ocrx_word' id='word_1_192' title='bbox 390 2021 524 2062; x_wconf 91' lang='lat' dir='ltr'>usque</span> <span class='ocrx_word' id='word_1_193' title='bbox 554 2022 658 2062; x_wconf 90' lang='lat' dir='ltr'>quos</span> <span class='ocrx_word' id='word_1_194' title='bbox 688 2008 777 2051; x_wconf 89' lang='lat' dir='ltr'>vidi</span> <span class='ocrx_word' id='word_1_195' title='bbox 807 2021 952 2050; x_wconf 90' lang='lat' dir='ltr'>omnes</span> <span class='ocrx_word' id='word_1_196' title='bbox 983 2017 1095 2050; x_wconf 77' lang='lat' dir='ltr'>recta</span> <span class='ocrx_word' id='word_1_197' title='bbox 1125 2008 1290 2063; x_wconf 69' lang='lat' dir='ltr'>reyione</span> <span class='ocrx_word' id='word_1_198' title='bbox 1319 2007 1429 2060; x_wconf 74' lang='lat' dir='ltr'>viai,</span> <span class='ocrx_word' id='word_1_199' title='bbox 1461 2006 1572 2060; x_wconf 92' lang='lat' dir='ltr'>quod</span> <span class='ocrx_word' id='word_1_200' title='bbox 1603 2019 1686 2060; x_wconf 90' lang='lat' dir='ltr'>quo</span> <span class='ocrx_word' id='word_1_201' title='bbox 1717 2019 1844 2050; x_wconf 89' lang='lat' dir='ltr'>sensu</span> 
     </span>
     <span class='ocr_line' id='line_1_28' title="bbox 392 2073 1844 2131; baseline 0.001 -14"><span class='ocrx_word' id='word_1_202' title='bbox 392 2076 473 2117; x_wconf 89' lang='lat' dir='ltr'>dici</span> <span class='ocrx_word' id='word_1_203' title='bbox 496 2076 645 2118; x_wconf 88' lang='lat' dir='ltr'>Latine</span> <span class='ocrx_word' id='word_1_204' title='bbox 675 2076 811 2131; x_wconf 90' lang='lat' dir='ltr'>possit</span> <span class='ocrx_word' id='word_1_205' title='bbox 840 2089 924 2117; x_wconf 90' lang='lat' dir='ltr'>non</span> <span class='ocrx_word' id='word_1_206' title='bbox 954 2075 1155 2128; x_wconf 84' lang='lat' dir='ltr'>intellego</span> <span class='ocrx_word' id='word_1_207' title='bbox 1173 2107 1184 2128; x_wconf 89' lang='lat'><em>,</em></span> <span class='ocrx_word' id='word_1_208' title='bbox 1216 2086 1468 2128; x_wconf 88' lang='lat' dir='ltr'>quamquam</span> <span class='ocrx_word' id='word_1_209' title='bbox 1499 2073 1586 2115; x_wconf 90' lang='lat' dir='ltr'>scio</span> <span class='ocrx_word' id='word_1_210' title='bbox 1617 2073 1720 2128; x_wconf 88' lang='lat' dir='ltr'>quid</span> <span class='ocrx_word' id='word_1_211' title='bbox 1739 2075 1795 2116; x_wconf 90' lang='lat' dir='ltr'>sit</span> <span class='ocrx_word' id='word_1_212' title='bbox 1824 2092 1844 2118; x_wconf 86' lang='lat' dir='ltr'>e</span> 
     </span>
     <span class='ocr_line' id='line_1_29' title="bbox 390 2140 1844 2199; baseline 0.001 -16"><span class='ocrx_word' id='word_1_213' title='bbox 390 2144 555 2199; x_wconf 73' lang='lat' dir='ltr'>reyz&#39;one</span> <span class='ocrx_word' id='word_1_214' title='bbox 571 2143 717 2199; x_wconf 70' lang='lat' dir='ltr'>ferri,</span> <span class='ocrx_word' id='word_1_215' title='bbox 749 2155 885 2196; x_wconf 90' lang='lat' dir='ltr'>neque</span> <span class='ocrx_word' id='word_1_216' title='bbox 914 2141 1189 2184; x_wconf 88' lang='lat' dir='ltr'>dubitandum</span> <span class='ocrx_word' id='word_1_217' title='bbox 1220 2145 1283 2184; x_wconf 89' lang='lat' dir='ltr'>est</span> <span class='ocrx_word' id='word_1_218' title='bbox 1313 2140 1412 2195; x_wconf 90' lang='lat' dir='ltr'>quin</span> <span class='ocrx_word' id='word_1_219' title='bbox 1441 2140 1502 2182; x_wconf 90' lang='lat' dir='ltr'>illi</span> <span class='ocrx_word' id='word_1_220' title='bbox 1522 2140 1713 2195; x_wconf 88' lang='lat' dir='ltr'>pondera</span> <span class='ocrx_word' id='word_1_221' title='bbox 1733 2150 1844 2184; x_wconf 77' lang='lat' dir='ltr'>recta</span> 
     </span>
     <span class='ocr_line' id='line_1_30' title="bbox 390 2208 1842 2264; baseline -0.001 -12"><span class='ocrx_word' id='word_1_222' title='bbox 390 2212 459 2252; x_wconf 83' lang='grc' dir='ltr'>υία</span> <span class='ocrx_word' id='word_1_223' title='bbox 489 2210 696 2252; x_wconf 73' lang='lat' dir='ltr'>declinare</span> <span class='ocrx_word' id='word_1_224' title='bbox 732 2211 871 2252; x_wconf 88' lang='lat' dir='ltr'>dicere</span> <span class='ocrx_word' id='word_1_225' title='bbox 906 2209 1141 2252; x_wconf 87' lang='lat' dir='ltr'>voluerint.</span> <span class='ocrx_word' id='word_1_226' title='bbox 1169 2217 1280 2251; x_wconf 79' lang='lat' dir='ltr'>recta</span> <span class='ocrx_word' id='word_1_227' title='bbox 1318 2209 1431 2264; x_wconf 73' lang='lat' dir='ltr'>reyz’o</span> <span class='ocrx_word' id='word_1_228' title='bbox 1471 2211 1534 2250; x_wconf 91' lang='lat' dir='ltr'>est</span> <span class='ocrx_word' id='word_1_229' title='bbox 1571 2208 1688 2250; x_wconf 88' lang='lat' dir='ltr'>locus</span> <span class='ocrx_word' id='word_1_230' title='bbox 1718 2221 1842 2251; x_wconf 87' lang='lat' dir='ltr'>verus</span> 
     </span>
     <span class='ocr_line' id='line_1_31' title="bbox 391 2273 1842 2333; baseline -0.001 -15"><span class='ocrx_word' id='word_1_231' title='bbox 391 2281 432 2319; x_wconf 91' lang='lat' dir='ltr'>et</span> <span class='ocrx_word' id='word_1_232' title='bbox 453 2278 732 2333; x_wconf 85' lang='lat' dir='ltr'>conveniens,</span> <span class='ocrx_word' id='word_1_233' title='bbox 763 2290 896 2331; x_wconf 87' lang='lat' dir='ltr'>eaque</span> <span class='ocrx_word' id='word_1_234' title='bbox 922 2275 1083 2330; x_wconf 86' lang='lat' dir='ltr'>aliquid</span> <span class='ocrx_word' id='word_1_235' title='bbox 1110 2276 1224 2318; x_wconf 58' lang='lat' dir='ltr'>excire</span> <span class='ocrx_word' id='word_1_236' title='bbox 1250 2274 1319 2317; x_wconf 87' lang='lat' dir='ltr'>vel</span> <span class='ocrx_word' id='word_1_237' title='bbox 1346 2275 1427 2316; x_wconf 74' lang='lat' dir='ltr'>eici</span> <span class='ocrx_word' id='word_1_238' title='bbox 1443 2273 1592 2316; x_wconf 86' lang='lat' dir='ltr'>dicitur</span> <span class='ocrx_word' id='word_1_239' title='bbox 1612 2274 1655 2316; x_wconf 93' lang='lat' dir='ltr'>in</span> <span class='ocrx_word' id='word_1_240' title='bbox 1675 2275 1782 2318; x_wconf 88' lang='lat' dir='ltr'>libro</span> <span class='ocrx_word' id='word_1_241' title='bbox 1802 2288 1842 2331; x_wconf 84' lang='lat' dir='ltr'>v,</span> 
     </span>
     <span class='ocr_line' id='line_1_32' title="bbox 389 2340 1845 2398; baseline 0 -12"><span class='ocrx_word' id='word_1_242' title='bbox 389 2345 472 2386; x_wconf 82' lang='lat'>514</span> <span class='ocrx_word' id='word_1_243' title='bbox 504 2344 634 2387; x_wconf 83' lang='grc'><strong>1272.</strong></span> <span class='ocrx_word' id='word_1_244' title='bbox 658 2348 804 2386; x_wconf 86' lang='lat' dir='ltr'>contra</span> <span class='ocrx_word' id='word_1_245' title='bbox 838 2344 944 2386; x_wconf 90' lang='lat' dir='ltr'>sicut</span> <span class='ocrx_word' id='word_1_246' title='bbox 974 2344 1018 2384; x_wconf 90' lang='lat' dir='ltr'>in</span> <span class='ocrx_word' id='word_1_247' title='bbox 1047 2343 1154 2384; x_wconf 92' lang='lat' dir='ltr'>libro</span> <span class='ocrx_word' id='word_1_248' title='bbox 1186 2357 1212 2397; x_wconf 91' lang='lat'>1,</span> <span class='ocrx_word' id='word_1_249' title='bbox 1235 2342 1316 2385; x_wconf 82' lang='lat'>958</span> <span class='ocrx_word' id='word_1_250' title='bbox 1347 2340 1550 2384; x_wconf 88' lang='lat' dir='ltr'>habemus</span> <span class='ocrx_word' id='word_1_251' title='bbox 1580 2341 1705 2384; x_wconf 77' lang='lat' dir='ltr'>Omne</span> <span class='ocrx_word' id='word_1_252' title='bbox 1733 2343 1845 2398; x_wconf 80' lang='lat' dir='ltr'>quod</span> 
     </span>
     <span class='ocr_line' id='line_1_33' title="bbox 391 2408 1842 2468; baseline 0.001 -15"><span class='ocrx_word' id='word_1_253' title='bbox 391 2420 448 2453; x_wconf 77' lang='lat' dir='ltr'>est</span> <span class='ocrx_word' id='word_1_254' title='bbox 467 2413 597 2468; x_wconf 51' lang='lat' dir='ltr'>{qitzar</span> <span class='ocrx_word' id='word_1_255' title='bbox 617 2411 737 2452; x_wconf 74' lang='lat' dir='ltr'>nulla</span> <span class='ocrx_word' id='word_1_256' title='bbox 758 2412 922 2468; x_wconf 71' lang='lat' dir='ltr'>reyione</span> <span class='ocrx_word' id='word_1_257' title='bbox 942 2411 1104 2452; x_wconf 76' lang='lat' dir='ltr'>viarum</span> <span class='ocrx_word' id='word_1_258' title='bbox 1125 2411 1360 2463; x_wconf 71' lang='lat' dir='ltr'>Fz&#39;m’tumst,</span> <span class='ocrx_word' id='word_1_259' title='bbox 1391 2409 1469 2450; x_wconf 81' lang='lat' dir='ltr'>hoo</span> <span class='ocrx_word' id='word_1_260' title='bbox 1499 2411 1562 2450; x_wconf 76' lang='lat' dir='ltr'>est</span> <span class='ocrx_word' id='word_1_261' title='bbox 1588 2408 1703 2451; x_wconf 89' lang='lat' dir='ltr'>nulla</span> <span class='ocrx_word' id='word_1_262' title='bbox 1722 2415 1842 2464; x_wconf 79' lang='lat' dir='ltr'>parte</span> 
     </span>
     <span class='ocr_line' id='line_1_34' title="bbox 390 2474 1842 2532; baseline 0 -12"><span class='ocrx_word' id='word_1_263' title='bbox 390 2479 586 2520; x_wconf 89' lang='lat' dir='ltr'>itinerum</span> <span class='ocrx_word' id='word_1_264' title='bbox 608 2478 760 2532; x_wconf 89' lang='lat' dir='ltr'>quibus</span> <span class='ocrx_word' id='word_1_265' title='bbox 791 2490 866 2532; x_wconf 88' lang='lat' dir='ltr'>per</span> <span class='ocrx_word' id='word_1_266' title='bbox 897 2490 1018 2519; x_wconf 88' lang='lat' dir='ltr'>omne</span> <span class='ocrx_word' id='word_1_267' title='bbox 1048 2476 1353 2532; x_wconf 79' lang='lat' dir='ltr'>proficiscaris,</span> <span class='ocrx_word' id='word_1_268' title='bbox 1385 2475 1444 2517; x_wconf 89' lang='lat' dir='ltr'>ita</span> <span class='ocrx_word' id='word_1_269' title='bbox 1463 2474 1560 2516; x_wconf 89' lang='lat' dir='ltr'>huic</span> <span class='ocrx_word' id='word_1_270' title='bbox 1580 2475 1672 2518; x_wconf 89' lang='lat' dir='ltr'>loco</span> <span class='ocrx_word' id='word_1_271' title='bbox 1693 2489 1842 2520; x_wconf 87' lang='lat' dir='ltr'>eonve—</span> 
     </span>
     <span class='ocr_line' id='line_1_35' title="bbox 391 2541 1842 2600; baseline 0 -13"><span class='ocrx_word' id='word_1_272' title='bbox 391 2546 451 2587; x_wconf 82' lang='lat' dir='ltr'>nit</span> <span class='ocrx_word' id='word_1_273' title='bbox 471 2546 535 2587; x_wconf 77' lang='lat' dir='ltr'>nil</span> <span class='ocrx_word' id='word_1_274' title='bbox 563 2547 725 2587; x_wconf 74' lang='lat' dir='ltr'>omnino</span> <span class='ocrx_word' id='word_1_275' title='bbox 753 2558 914 2586; x_wconf 78' lang='lat' dir='ltr'>NULLA</span> <span class='ocrx_word' id='word_1_276' title='bbox 944 2545 1109 2600; x_wconf 67' lang='lat' dir='ltr'>reyz&#39;one</span> <span class='ocrx_word' id='word_1_277' title='bbox 1134 2545 1225 2586; x_wconf 74' lang='lat' dir='ltr'><em>viai</em></span> <span class='ocrx_word' id='word_1_278' title='bbox 1245 2543 1470 2585; x_wconf 77' lang='lat' dir='ltr'>Declinare</span> <span class='ocrx_word' id='word_1_279' title='bbox 1485 2574 1496 2595; x_wconf 89' lang='lat'><em>‚</em></span> <span class='ocrx_word' id='word_1_280' title='bbox 1528 2541 1606 2584; x_wconf 84' lang='lat' dir='ltr'>hoc</span> <span class='ocrx_word' id='word_1_281' title='bbox 1636 2548 1699 2586; x_wconf 84' lang='lat' dir='ltr'>est</span> <span class='ocrx_word' id='word_1_282' title='bbox 1727 2545 1842 2587; x_wconf 88' lang='lat' dir='ltr'>nullo</span> 
     </span>
     <span class='ocr_line' id='line_1_36' title="bbox 390 2609 1843 2664; baseline 0.001 -10"><span class='ocrx_word' id='word_1_283' title='bbox 390 2614 482 2654; x_wconf 88' lang='grc'><strong>1060</strong></span> <span class='ocrx_word' id='word_1_284' title='bbox 521 2612 617 2654; x_wconf 88' lang='lat' dir='ltr'>viae</span> <span class='ocrx_word' id='word_1_285' title='bbox 657 2624 786 2653; x_wconf 88' lang='lat' dir='ltr'>suae.</span> <span class='ocrx_word' id='word_1_286' title='bbox 808 2611 884 2653; x_wconf 89' lang='lat' dir='ltr'>sed</span> <span class='ocrx_word' id='word_1_287' title='bbox 920 2610 1032 2664; x_wconf 93' lang='lat' dir='ltr'>quod</span> <span class='ocrx_word' id='word_1_288' title='bbox 1068 2611 1112 2652; x_wconf 90' lang='lat' dir='ltr'>in</span> <span class='ocrx_word' id='word_1_289' title='bbox 1150 2610 1296 2652; x_wconf 86' lang='lat' dir='ltr'>horum</span> <span class='ocrx_word' id='word_1_290' title='bbox 1326 2622 1523 2651; x_wconf 90' lang='lat' dir='ltr'>versuum</span> <span class='ocrx_word' id='word_1_291' title='bbox 1553 2609 1634 2652; x_wconf 89' lang='lat' dir='ltr'>fine</span> <span class='ocrx_word' id='word_1_292' title='bbox 1665 2615 1728 2653; x_wconf 89' lang='lat' dir='ltr'>est</span> <span class='ocrx_word' id='word_1_293' title='bbox 1756 2628 1843 2655; x_wconf 77' lang='lat' dir='ltr'>sese</span> 
     </span>
     <span class='ocr_line' id='line_1_37' title="bbox 390 2676 1843 2734; baseline -0.001 -13"><span class='ocrx_word' id='word_1_294' title='bbox 390 2694 474 2722; x_wconf 89' lang='lat' dir='ltr'>non</span> <span class='ocrx_word' id='word_1_295' title='bbox 503 2678 637 2734; x_wconf 86' lang='lat' dir='ltr'>potuit</span> <span class='ocrx_word' id='word_1_296' title='bbox 665 2679 799 2720; x_wconf 90' lang='lat' dir='ltr'>minus</span> <span class='ocrx_word' id='word_1_297' title='bbox 828 2683 927 2733; x_wconf 91' lang='lat' dir='ltr'>apto</span> <span class='ocrx_word' id='word_1_298' title='bbox 956 2679 1048 2719; x_wconf 86' lang='lat' dir='ltr'>loeo</span> <span class='ocrx_word' id='word_1_299' title='bbox 1070 2679 1198 2733; x_wconf 83' lang='lat' dir='ltr'>poni,</span> <span class='ocrx_word' id='word_1_300' title='bbox 1230 2677 1267 2719; x_wconf 88' lang='lat' dir='ltr'>si</span> <span class='ocrx_word' id='word_1_301' title='bbox 1287 2681 1413 2732; x_wconf 72' lang='lat' dir='ltr'>poeta</span> <span class='ocrx_word' id='word_1_302' title='bbox 1435 2676 1538 2718; x_wconf 85' lang='lat' dir='ltr'>haee</span> <span class='ocrx_word' id='word_1_303' title='bbox 1558 2677 1617 2718; x_wconf 88' lang='lat' dir='ltr'>ita</span> <span class='ocrx_word' id='word_1_304' title='bbox 1646 2678 1843 2733; x_wconf 86' lang='lat' dir='ltr'>coniungi</span> 
     </span>
     <span class='ocr_line' id='line_1_38' title="bbox 391 2743 1842 2800; baseline -0.001 -12"><span class='ocrx_word' id='word_1_305' title='bbox 391 2748 549 2800; x_wconf 81' lang='lat' dir='ltr'>voluit,</span> <span class='ocrx_word' id='word_1_306' title='bbox 580 2749 626 2787; x_wconf 89' lang='lat' dir='ltr'>ut</span> <span class='ocrx_word' id='word_1_307' title='bbox 646 2747 783 2800; x_wconf 88' lang='lat' dir='ltr'>placet</span> <span class='ocrx_word' id='word_1_308' title='bbox 804 2744 1100 2799; x_wconf 89' lang='lat' dir='ltr'>interpretibus</span> <span class='ocrx_word' id='word_1_309' title='bbox 1117 2777 1126 2798; x_wconf 89' lang='lat'>‚</span> <span class='ocrx_word' id='word_1_310' title='bbox 1141 2762 1145 2766; x_wconf 91' lang='lat'>·</span> <span class='ocrx_word' id='word_1_311' title='bbox 1159 2744 1368 2786; x_wconf 76' lang='lat' dir='ltr'>declinare</span> <span class='ocrx_word' id='word_1_312' title='bbox 1388 2759 1474 2786; x_wconf 80' lang='lat' dir='ltr'>sese</span> <span class='ocrx_word' id='word_1_313' title='bbox 1491 2774 1501 2784; x_wconf 90' lang='lat'><strong>.</strong></span> <span class='ocrx_word' id='word_1_314' title='bbox 1523 2744 1565 2784; x_wconf 89' lang='lat' dir='ltr'>in</span> <span class='ocrx_word' id='word_1_315' title='bbox 1595 2743 1673 2786; x_wconf 85' lang='lat' dir='ltr'>hoc</span> <span class='ocrx_word' id='word_1_316' title='bbox 1702 2749 1842 2787; x_wconf 83' lang='lat' dir='ltr'>tamen</span> 
     </span>
     <span class='ocr_line' id='line_1_39' title="bbox 391 2810 1841 2866; baseline -0.001 -11"><span class='ocrx_word' id='word_1_317' title='bbox 391 2813 595 2855; x_wconf 84' lang='lat' dir='ltr'>vocabulo</span> <span class='ocrx_word' id='word_1_318' title='bbox 634 2813 779 2854; x_wconf 85' lang='lat' dir='ltr'>vitium</span> <span class='ocrx_word' id='word_1_319' title='bbox 811 2825 903 2854; x_wconf 90' lang='lat' dir='ltr'>esse</span> <span class='ocrx_word' id='word_1_320' title='bbox 933 2825 1018 2854; x_wconf 89' lang='lat' dir='ltr'>non</span> <span class='ocrx_word' id='word_1_321' title='bbox 1048 2811 1195 2866; x_wconf 85' lang='lat' dir='ltr'>credo,</span> <span class='ocrx_word' id='word_1_322' title='bbox 1226 2810 1301 2853; x_wconf 88' lang='lat' dir='ltr'>sed</span> <span class='ocrx_word' id='word_1_323' title='bbox 1332 2811 1376 2852; x_wconf 90' lang='lat' dir='ltr'>in</span> <span class='ocrx_word' id='word_1_324' title='bbox 1399 2811 1564 2866; x_wconf 71' lang='lat' dir='ltr'>possit.-</span> <span class='ocrx_word' id='word_1_325' title='bbox 1595 2817 1706 2854; x_wconf 84' lang='lat' dir='ltr'>certe</span> <span class='ocrx_word' id='word_1_326' title='bbox 1735 2824 1841 2854; x_wconf 89' lang='lat' dir='ltr'>com-</span> 
     </span>
     <span class='ocr_line' id='line_1_40' title="bbox 392 2879 1842 2935; baseline 0 -15"><span class='ocrx_word' id='word_1_327' title='bbox 392 2879 682 2921; x_wconf 88' lang='lat' dir='ltr'>modissimum</span> <span class='ocrx_word' id='word_1_328' title='bbox 703 2881 880 2935; x_wconf 75' lang='lat' dir='ltr'>estquis</span> <span class='ocrx_word' id='word_1_329' title='bbox 902 2889 960 2921; x_wconf 75' lang='lat' dir='ltr'>est</span> <span class='ocrx_word' id='word_1_330' title='bbox 988 2881 1066 2935; x_wconf 75' lang='lat' dir='ltr'>qui</span> <span class='ocrx_word' id='word_1_331' title='bbox 1089 2893 1307 2919; x_wconf 79' lang='lat' dir='ltr'>PRESTET</span> <span class='ocrx_word' id='word_1_332' title='bbox 1337 2894 1500 2920; x_wconf 76' lang='lat' dir='ltr'>cernere</span> <span class='ocrx_word' id='word_1_333' title='bbox 1530 2879 1644 2920; x_wconf 71' lang='lat' dir='ltr'>sese?</span> <span class='ocrx_word' id='word_1_334' title='bbox 1672 2879 1750 2920; x_wconf 88' lang='lat' dir='ltr'>hoe</span> <span class='ocrx_word' id='word_1_335' title='bbox 1779 2882 1842 2920; x_wconf 85' lang='lat' dir='ltr'>est</span> 
     </span>
     <span class='ocr_line' id='line_1_41' title="bbox 395 2941 1593 3000; baseline -0.001 -13"><span class='ocrx_word' id='word_1_336' title='bbox 395 2947 487 3000; x_wconf 87' lang='lat' dir='ltr'>quis</span> <span class='ocrx_word' id='word_1_337' title='bbox 519 2946 754 3000; x_wconf 80' lang='lat' dir='ltr'>spondeat?</span> <span class='ocrx_word' id='word_1_338' title='bbox 785 2947 879 3000; x_wconf 90' lang='lat' dir='ltr'>quis</span> <span class='ocrx_word' id='word_1_339' title='bbox 911 2945 1118 3000; x_wconf 82' lang='lat' dir='ltr'>recipiat?</span> <span class='ocrx_word' id='word_1_340' title='bbox 1591 2941 1593 2943; x_wconf 38' lang='lat'><strong><em>¹</em></strong></span> 
     </span>
    </p>
   </div>
  </div>
 </body>
</html>
