2040 3328
897 257 964 299 III
1585 257 1663 301 191

188 372 382 430 eaperqi,
399 374 443 414 et
464 369 741 426 domefactam
762 370 950 413 tellurem
969 369 1086 426 apud
1103 369 1351 414 Petronium
1367 370 1423 414 99
1440 382 1468 413 a
1484 369 1666 424 domari,

187 445 235 484 ut
250 448 439 497 perterre
454 438 601 496 facere
622 451 649 480 a
669 439 846 492 terreri,
867 438 1044 481 condoce
1051 438 1207 495 facere
1227 451 1255 481 a
1276 438 1444 492 doceri,
1461 453 1668 480 commone

174 509 329 566 facere
343 520 372 550 a
385 507 562 560 moneri,
581 506 847 560 allicefactus
862 506 917 549 ab
934 507 1104 549 alliceri
1115 506 1209 550 sive
1226 507 1367 562 allici,
1385 505 1431 549 id
1448 510 1556 549 esta
1570 518 1667 560 pas-

187 576 320 631 sivis,
350 588 438 618 non
469 588 496 617 a
526 575 686 617 neutris
708 607 718 617 .
740 574 817 617 sed
846 575 958 617 valle
972 574 1075 630 feci
1096 574 1302 618 Varronis
1333 574 1449 631 apud
1479 574 1667 617 Nonium

187 658 230 700 p.
246 644 343 696 217,
364 643 420 686 24
439 643 577 697 magis
599 642 800 686 convenit
819 655 912 685 cum
933 642 1123 685 vallessit
1136 675 1147 697 ‚
1173 644 1352 700 perierit
1371 643 1490 699 (nam
1511 641 1668 685 vitiose

187 711 304 768 apud
321 711 503 755 Paulum
525 710 752 753 diaconum
783 724 825 766 p.
845 710 923 753 161
957 710 1162 765 scriptum
1185 715 1250 754 est
1269 711 1477 764 vallescz't)
1496 743 1506 765 ,
1537 723 1668 765 quam

188 793 284 823 cum
304 780 491 823 evallaro
506 813 517 834 ,
539 778 655 834 quod
671 778 836 821 Nonius
856 778 1019 823 rettulit
1038 792 1079 833 p.
1100 778 1199 834 102,
1219 781 1240 822 1
1262 793 1272 821 :
1294 782 1336 821 et
1357 778 1531 821 diversa
1551 790 1668 821 secu-

187 853 255 891 tus
275 851 341 891 est
360 848 497 891 Varro
514 881 525 903 ,
559 861 653 891 cum
683 846 793 889 dixit
804 845 934 902 serve
943 846 1087 903 facito
1118 851 1160 890 et
1180 850 1323 890 tamen
1343 847 1388 888 in
1418 859 1547 890 versu
1568 847 1668 889 Fer-

187 931 282 959 vere
305 917 464 973 piratis
493 916 738 972 vastarique
758 915 899 957 omnia
926 915 1085 956 circum
1101 947 1111 956 .
1133 928 1263 970 porro
1286 914 1343 957 ad
1364 914 1669 970 explicandum

186 1000 286 1028 vace
301 985 361 1041 fit
391 984 506 1039 quod
527 985 770 1038 Wagnerus
790 983 835 1025 in
857 986 972 1024 tomo
1000 996 1027 1023 v
1048 981 1226 1038 Vergilii
1253 997 1295 1039 p.
1313 997 1400 1024 xxv
1427 996 1480 1026 ex
1501 982 1670 1026 Vatica-

188 1052 256 1096 nis
284 1051 454 1096 schedis
485 1057 704 1106 tamquam
735 1051 959 1105 antiquum
991 1054 1163 1106 enotat,
1195 1052 1326 1094 Hoste
1354 1067 1500 1094 vacere
1529 1050 1671 1094 domos

189 1134 268 1176 pro
289 1137 443 1164 vacare
457 1155 468 1175 ,
499 1120 603 1163 mihi
624 1120 709 1163 fide
739 1133 826 1162 non
847 1119 1020 1174 dignius
1041 1119 1211 1162 videtur
1241 1132 1369 1174 quam
1390 1135 1484 1162 cum
1504 1135 1671 1162 evacue-

188 1190 272 1243 rit,
305 1189 422 1244 quod
451 1203 530 1244 pro
563 1189 826 1232 evacuaverit
845 1188 1051 1243 scriptum
1071 1188 1157 1242 legi
1179 1188 1221 1230 in
1243 1187 1430 1243 epistula
1450 1187 1592 1243 priore
1613 1187 1670 1230 ad

189 1256 431 1300 Corinthios
452 1272 528 1312 xv,
550 1257 633 1302 24.
664 1255 742 1299 sed
780 1256 985 1310 quoniam
1020 1255 1126 1298 mihi
1160 1256 1218 1298 ad
1252 1256 1330 1299 has
1367 1256 1671 1311 grammaticas

188 1326 463 1379 quaestiones
494 1324 804 1367 excurrendum
841 1323 946 1379 fuit,
984 1337 1070 1366 non
1107 1324 1260 1367 inutile
1289 1324 1400 1367 duco
1437 1325 1493 1368 de
1522 1324 1670 1367 horum

187 1393 417 1438 verborum
438 1397 617 1436 accentu
638 1392 844 1446 indicare,
877 1406 963 1435 non
983 1405 1114 1448 posse
1135 1406 1188 1436 ea
1207 1393 1349 1448 magis
1371 1393 1555 1437 barbare
1575 1406 1672 1449 pro-

188 1461 290 1505 ferri
320 1474 448 1516 quam
470 1461 605 1516 siquis
635 1461 779 1518 calefit·
800 1460 916 1504 dicat
935 1465 1009 1503 aut
1029 1461 1171 1517 calffs
1199 1465 1274 1504 aut
1294 1462 1497 1518 calefacis*
1512 1495 1524 1517 ,
1555 1461 1671 1517 quod

187 1530 323 1573 nostri
351 1529 546 1572 homines
583 1530 778 1584 regulam
816 1529 922 1572 satis
959 1529 1188 1585 ancipitem
1228 1542 1356 1572 caeco
1386 1530 1548 1586 impetu
1577 1543 1671 1586 per-

188 1598 276 1642 dite
306 1602 532 1653 sequentes
560 1598 703 1641 facere
733 1597 899 1640 solent.
922 1597 1003 1640 hoc
1031 1597 1160 1640 modo
1191 1598 1262 1652 qui
1284 1611 1411 1641 veros
1442 1598 1672 1642 vocabulo-

187 1681 281 1711 rum
309 1679 439 1710 sonos
469 1669 742 1722 pervertunt,
765 1666 1032 1708 Priscianum
1053 1670 1127 1709 aut
1153 1670 1426 1710 contemnunt
1455 1670 1530 1709 aut
1549 1668 1671 1722 igno-

188 1739 287 1779 rant
306 1734 362 1778 de
382 1734 449 1778 his
470 1733 615 1777 verbis
633 1734 801 1777 curiose
821 1734 1157 1790 praecipientem
1178 1749 1219 1790 p.
1237 1735 1320 1778 803
1339 1767 1348 1776 .
1370 1734 1425 1778 Si
1439 1752 1535 1778 vero
1542 1736 1671 1792 facio

187 1804 256 1848 vel
268 1804 334 1860 fio
363 1804 542 1860 inteqris
577 1804 867 1858 manentibus,
898 1803 1064 1858 inquit,
1097 1803 1223 1846 aliud
1255 1804 1423 1846 verbum
1461 1805 1672 1860 infinitum

187 1881 284 1915 ante
314 1888 364 1915 ea
392 1880 664 1929 componatur
678 1904 689 1925 ,
718 1886 801 1913 ‘nou
831 1871 965 1914 solum
995 1872 1324 1928 siqnifi'cationes
1350 1880 1388 1914 et
1417 1873 1672 1928 coniuyatzb-

187 1956 264 1983 ‘nes
293 1941 482 1997 inteyras
513 1941 573 1982 eis
603 1955 818 1982 servamus
833 1972 845 1994 ‚
877 1938 953 1982 sed
982 1940 1106 1982 etiam
1137 1949 1331 1982 accentus
1347 1972 1358 1993 ,
1390 1949 1436 1982 ut
1464 1940 1671 1996 calefacio

189 2008 392 2064 calcffdcis
423 2007 649 2064 calefacit,
682 2007 888 2063 tepefdcio
919 2007 1122 2063 tepcfa'czs
1159 2008 1385 2064 tepefacit:
1405 2009 1452 2050 in
1487 2008 1672 2051 secunda

189 2077 301 2119 enim
339 2085 376 2118 et
405 2076 530 2118 tertia
562 2091 746 2132 persona
777 2075 1070 2131 paenultima-s
1101 2077 1316 2129 acuimus,
1348 2078 1540 2132 quamvis
1576 2086 1672 2119 sunt

189 2145 330 2187 breves
347 2176 357 2186 .
378 2145 576 2187 similiter
611 2144 765 2198 calefio
802 2143 955 2199 calefis
990 2143 1154 2200 calefit,
1192 2144 1346 2201 tepefio
1383 2144 1535 2201 tepefis
1565 2154 1671 2201 tepe-

176 2213 246 2269 fit
260 2245 272 2267 ,
290 2212 452 2269 finales
487 2221 656 2255 servant
692 2221 886 2255 accentus
921 2213 968 2254 in
1008 2212 1192 2255 secunda
1230 2221 1267 2255 et
1303 2214 1428 2255 tertia
1460 2228 1645 2269 persona
1660 2246 1671 2266 ‚

188 2296 292 2338 quos
323 2281 472 2323 habent
496 2281 543 2323 in
573 2281 834 2337 simplicibus
853 2313 862 2322 .
885 2280 996 2323 hunc
1026 2281 1156 2335 igitur
1179 2284 1398 2324 auctorem
1429 2281 1500 2336 qui
1522 2294 1671 2335 seque-

187 2353 282 2404 tur,
309 2349 346 2391 is
383 2352 498 2392 certe
534 2361 697 2391 meram
739 2353 782 2392 et
816 2349 1038 2405 propriam
1075 2349 1316 2392 barbariem
1355 2349 1671 2405 deponetzsed

187 2421 356 2460 veteres
386 2417 448 2460 ita
475 2416 666 2471 dixisse,
689 2417 843 2474 calefz's
865 2422 907 2460 et
931 2418 1104 2473 calefit,
1127 2431 1214 2460 non
1235 2417 1380 2460 credet
1401 2418 1474 2472 qui
1495 2418 1672 2472 linguae

187 2485 369 2528 Latinae
402 2485 721 2528 vicissitudines
757 2485 1098 2528 consideraverit
1124 2517 1135 2528 .
1163 2486 1307 2541 itaque
1339 2499 1432 2529 cum
1472 2486 1530 2529 ad
1560 2487 1671 2529 Pris-

189 2553 303 2595 ciani
333 2557 520 2596 aetatem
550 2558 715 2609 partem
748 2558 892 2596 tamen
922 2554 1013 2596 veri
1043 2555 1296 2609 pervenisse
1333 2554 1558 2609 probabile
1588 2555 1644 2597 sit
1659 2579 1674 2609 ,«

187 2620 291 2663 mihi
321 2621 428 2664 satis
459 2625 619 2664 certum
653 2621 822 2664 videtur
856 2627 1024 2665 veteres
1064 2622 1189 2665 huius
1221 2623 1392 2676 generis
1430 2623 1574 2666 verbis
1605 2623 1671 2666 bis

189 2688 457 2744 accinuisse,
488 2694 535 2732 ut
565 2689 758 2732 dicerent
785 2691 877 2734 ca'le
893 2691 968 2747 fis
1004 2695 1047 2733 et
1075 2691 1167 2734 ca'le
1186 2691 1304 2748 fa‘cz’t
1321 2723 1331 2733 .
1355 2691 1400 2732 in
1430 2691 1671 2746 participiis

189 2760 332 2799 tamen
363 2756 474 2799 hunc
511 2756 726 2812 duplicem
767 2763 988 2801 accentum
1019 2759 1158 2801 locum
1188 2759 1391 2801 habuisse
1421 2772 1507 2800 non
1538 2764 1670 2814 puto:

190 2837 291 2866 nam
317 2837 458 2879 neque
488 2838 669 2880 usquam
695 2826 782 2880 legi
813 2834 1068 2882 mausue‘que
1084 2827 1284 2882 factum,
1293 2827 1422 2883 serve
1453 2827 1551 2869 bene
1567 2827 1670 2884 fac-

189 2901 274 2935 tum
290 2892 483 2948 ,factum
513 2909 612 2948 are,
642 2897 684 2936 et
714 2906 767 2936 ea
793 2906 904 2948 quae
931 2893 1146 2937 distractis
1175 2894 1397 2938 vocabulis
1425 2895 1554 2938 scribi
1585 2909 1670 2938 non

188 2964 399 3016 possunt,
436 2960 584 3015 qualia
629 2964 760 3014 sunt,
795 2961 1108 3018 inlabcffactus,
1146 2962 1400 3019 labefactare
1420 2996 1431 3018 ,
1454 2963 1671 3021 friqeffac-

121 3043 125 3047 ·
188 3037 278 3072 tare
294 3062 305 3084 ‚
328 3042 411 3083 quo
434 3029 612 3072 Plautus
643 3029 710 3071 bis
731 3042 834 3072 usus
866 3033 957 3085 est,
980 3031 1262 3088 calefactare,
1285 3031 1385 3074 item
1412 3033 1669 3089 patefactio,
