2040 3328
812 233 1054 264 EMENDA‘rio
1623 224 1675 266 13

198 336 439 380 Lucretium
460 337 612 381 iterum
635 336 781 381 ederet
802 351 949 381 mense
965 335 1168 379 Ianuario
1189 337 1297 380 1515
1315 371 1325 392 ,
1349 338 1568 393 exemplar
1590 339 1675 381 Ma-

197 406 428 448 rullianum
460 419 594 461 prope
624 410 784 462 totum,
807 406 885 449 sed
916 405 1164 459 diligentius
1186 404 1456 460 distinctum,
1478 406 1676 461 repetiit,

197 475 291 530 ipse
322 487 465 530 pauca
494 475 674 518 novavit
705 488 842 529 eaque
862 475 1121 530 prudenter.
1145 475 1268 517 annis
1291 489 1423 515 xnvm
1444 475 1676 517 interiectis

200 543 435 599 Dionysius
467 543 701 586 Lambinus
738 543 856 598 (utor
888 543 978 586 eius
1011 544 1199 586 editione
1228 543 1380 598 tertia,
1420 556 1531 598 quae
1562 542 1679 585 facta

198 615 263 654 est
282 612 480 655 Lutetiae
501 625 614 654 anno
640 611 805 666 1570),
833 611 959 653 homo
991 612 1156 666 ingenii
1189 611 1325 654 felicis
1358 611 1557 666 idemque
1588 611 1678 666 phi-

196 678 420 735 losophiae
442 679 659 723 studiosus
682 684 723 723 et
742 680 918 734 linguae
939 679 1119 722 Latinae
1140 680 1182 721 in
1206 680 1354 735 primis
1377 680 1565 735 peritus,
1588 683 1678 722 tan-

198 752 286 791 tum
316 749 558 804 praestitit,
591 753 636 790 ut
666 748 859 803 proxime
880 752 978 803 post
999 748 1253 802 Marullum,
1286 748 1415 803 longo
1447 753 1589 790 tamen
1620 748 1679 789 in-

199 817 381 860 tervallo
399 850 409 871 ,
433 817 710 859 collocandus
732 817 814 872 sit,
837 817 968 871 siquis
990 817 1034 859 in
1056 821 1236 871 utroque
1253 830 1306 860 ea
1322 830 1433 871 quae
1450 817 1564 859 bona
1584 820 1682 858 sunt

200 885 294 928 sola
313 890 532 928 numeret:
556 899 655 928 nam
677 889 718 927 et
739 885 948 928 Marullus
969 886 1225 940 saepissime
1247 885 1465 940 peccavit,
1496 889 1537 927 et
1557 885 1679 926 Lam-

199 954 325 997 binus
341 987 352 1009 ,
374 958 545 1010 praeter
565 954 698 997 multa
720 954 947 997 verissima
966 988 975 1008 ,
1006 954 1193 996 mirabili
1214 953 1402 1008 quadam
1424 954 1557 996 animi
1580 954 1680 996 levi—

199 1026 288 1065 tate
318 1023 542 1065 innumera
571 1023 659 1065 alia
688 1027 847 1066 temere
878 1023 1020 1065 intulit
1048 1023 1167 1064 nulla
1188 1035 1320 1065 causa
1340 1021 1543 1076 nulloque
1566 1026 1680 1064 certo

201 1090 409 1146 consilio,
439 1105 550 1146 quae
580 1092 854 1146 possessione
885 1091 1042 1133 iniuria
1073 1094 1281 1145 occupata
1311 1090 1485 1132 tandem
1517 1091 1682 1146 expulit

199 1159 526 1203 Wakefieldus.
555 1159 739 1203 triennio
770 1165 867 1216 post
898 1160 1059 1216 primas
1099 1159 1298 1201 Lambini
1339 1171 1462 1201 curas
1501 1158 1681 1202 Obertus

203 1229 412 1284 Gz'f'anius
441 1228 625 1283 prodiit,
666 1229 811 1271 indice
847 1242 923 1271 seu
959 1227 1271 1281 conlectaneis,
1310 1227 1419 1269 libro
1458 1227 1543 1270 illis
1580 1232 1682 1270 tem-

201 1295 379 1352 poribus
401 1295 628 1338 utilissimo
647 1329 657 1351 ,
681 1296 836 1339 clarior
859 1297 995 1339 factus
1010 1308 1138 1350 quam
1155 1295 1482 1349 emendatione,
1504 1297 1576 1350 qui
1598 1310 1682 1350 quo

203 1366 298 1407 iure
333 1368 409 1406 aut
438 1364 691 1406 Lambinum
730 1369 804 1407 aut
840 1365 950 1407 alios
988 1363 1244 1427 compilasse
1282 1363 1420 1407 dictus
1457 1368 1570 1407 esset
1598 1378 1684 1406 non

205 1432 429 1488 quaesivi:
462 1445 515 1474 ex
547 1432 736 1475 editione
768 1433 929 1487 altera,
963 1445 1075 1487 quae
1106 1432 1221 1474 fact-a
1251 1437 1315 1475 est
1336 1433 1536 1487 Lugduni
1560 1434 1684 1475 Bata-

202 1515 352 1546 vorum
384 1513 497 1543 auno
523 1501 631 1544 1595
649 1534 658 1552 ‚
687 1515 772 1544 non
805 1502 915 1544 adeo
936 1502 1071 1544 multa
1091 1505 1236 1556 petere
1258 1502 1405 1556 potui,
1435 1515 1546 1556 quae
1573 1502 1684 1556 prio-

202 1584 271 1613 res
302 1570 384 1613 visi
418 1574 562 1612 essent
592 1571 838 1624 neglexisse
856 1603 865 1611 .
889 1583 1028 1624 neque
1058 1569 1162 1612 mihi
1189 1570 1322 1611 multo
1354 1574 1427 1612 aut
1456 1571 1582 1625 plura
1612 1574 1685 1612 aut

203 1639 486 1693 exquisitiora
501 1638 700 1693 praebuit
716 1639 929 1693 Tanaquil
944 1640 1080 1681 Faber
1095 1672 1106 1692 ,
1130 1637 1255 1680 homo
1274 1643 1422 1681 acutus
1440 1672 1449 1693 ,
1472 1638 1549 1681 sed
1571 1639 1685 1680 idem

204 1708 483 1762 temerarius,
507 1707 578 1761 qui
600 1707 843 1750 Lucretium
876 1707 1011 1750 edidit
1032 1706 1233 1749 Salmurii
1264 1720 1376 1750 anno
1412 1708 1520 1750 1662
1537 1739 1547 1748 .
1576 1708 1685 1749 eius-

204 1776 302 1819 dem
341 1775 443 1818 anni
480 1788 626 1818 mense
666 1777 867 1819 Ianuario
900 1775 1139 1818 Richardus
1177 1775 1396 1818 Bentlez'us
1432 1780 1557 1818 natus
1595 1780 1685 1830 est,

204 1857 331 1900 quem
362 1857 476 1886 anno
512 1844 620 1887 1689
659 1844 716 1886 ad
746 1844 872 1887 finem
904 1848 1110 1898 vergente
1142 1843 1298 1886 Oxonii
1330 1844 1572 1886 Lucretium
1603 1848 1686 1887 stu-

205 1912 328 1956 diose
365 1913 526 1967 legisse
558 1913 758 1956 Monkius
790 1913 1103 1956 demonstravit
1133 1913 1177 1954 in
1210 1913 1298 1955 vita
1328 1912 1510 1956 Bentleii
1540 1927 1581 1969 p.
1608 1913 1685 1955 16:

206 1995 342 2036 eoque
372 1975 591 2037 tempore,
624 1981 704 2024 hoc
737 1986 800 2024 est
830 1986 930 2024 ante
961 1981 1121 2024 editam
1153 1995 1264 2023 anno
1290 1982 1396 2024 1691
1429 1981 1485 2024 ad
1507 1982 1686 2024 Millium

205 2051 463 2106 epistulam,
492 2050 652 2105 scripta
690 2063 786 2093 esse
821 2063 873 2093 ea
909 2063 1022 2104 quae
1053 2050 1347 2104 Glasguenses
1384 2055 1498 2092 tomo
1536 2053 1686 2104 quarto

205 2119 379 2175 paginis
408 2133 507 2160 nx1v
537 2122 635 2174 post
663 2118 748 2161 402
783 2117 1037 2174 ediderunt,
1077 2118 1394 2161 Wakefieldum
1427 2122 1469 2161 et
1498 2117 1688 2161 Eichsta-

207 2187 324 2230 dium
355 2200 441 2230 non
472 2188 673 2242 ignorare
704 2200 783 2243 par
815 2186 924 2231 fuit.
946 2200 1046 2230 nam
1067 2187 1303 2241 Forbigero
1327 2187 1527 2229 iniuriam
1560 2186 1690 2228 faciat

206 2257 280 2312 qui
318 2270 416 2299 eum
454 2257 523 2299 vel
561 2257 784 2299 minimam
814 2270 901 2299 rem
935 2269 1011 2310 per
1041 2270 1088 2299 se
1120 2256 1372 2309 intellegere
1403 2255 1615 2310 postulet:
1648 2258 1689 2297 et

205 2325 392 2369 habebat
422 2325 487 2367 cui
521 2325 738 2380 crederet,
762 2325 988 2380 Birgerum
1018 2324 1319 2379 Thorlacium,
1353 2324 1423 2379 qui
1446 2323 1688 2367 Lucretium

205 2394 273 2438 ‘ex
302 2394 555 2438 recensione
577 2392 1150 2437 Bentleio-Wakefieldiana'
1181 2393 1343 2436 editum
1374 2393 1554 2436 ridicule
1585 2405 1689 2448 prae

206 2475 254 2506 se
283 2463 450 2506 tulisset
479 2463 679 2507 Hauniae
710 2477 823 2506 anno
859 2462 967 2505 1813
992 2495 1000 2503 .
1029 2461 1107 2505 sed
1138 2462 1181 2504 in
1212 2462 1472 2505 iuvenilibus
1505 2460 1688 2504 Bentleii

207 2531 532 2576 schediasmatis
554 2533 768 2589 permulta
788 2536 886 2575 sunt
914 2544 1078 2573 summo
1112 2535 1154 2573 et
1183 2530 1373 2586 perfeeto
1406 2529 1566 2573 artifice
1596 2529 1689 2584 dig-

206 2601 410 2656 nissima,
443 2615 624 2656 quorum
655 2605 819 2657 partem
850 2600 1017 2644 videtur
1048 2613 1143 2642 cum
1169 2599 1334 2641 Thoma
1356 2599 1549 2642 Creeclzio
1580 2611 1689 2640 com-

208 2669 449 2713 municasse
485 2675 571 2713 tum
608 2671 654 2712 in
692 2669 844 2712 eadem
877 2668 1110 2712 Oxoniensi
1148 2668 1428 2711 universitate
1459 2667 1689 2710 editionem

207 2741 413 2794 parante,
437 2752 547 2794 quae
578 2739 621 2781 in
642 2739 778 2782 lucem
806 2737 967 2793 prodiit
994 2750 1106 2780 anno
1133 2737 1268 2791 1695,
1292 2736 1474 2792 repetita
1495 2739 1559 2778 est
1579 2736 1689 2778 Lon-

209 2806 298 2848 dini
324 2806 431 2848 1717
453 2821 461 2847 z
490 2806 620 2849 habet
641 2807 755 2849 enim
778 2806 1036 2850 Bentleiana
1058 2806 1278 2861 complura
1301 2804 1557 2858 Creechius,
1580 2816 1689 2858 quae

209 2874 460 2930 simpliciter
481 2873 687 2916 adscribit
708 2875 808 2918 aliis
824 2907 834 2922 ,
859 2875 1023 2917 scilicet
1043 2888 1098 2917 ne
1118 2874 1287 2917 iuvenis
1310 2874 1464 2916 artium
1497 2872 1690 2927 magistri

209 2944 386 2998 eiusque
418 2942 789 2997 Cantabrigiensis
825 2957 980 2986 nomen
1012 2943 1174 2986 diceret
1204 2976 1211 2983 .
1239 2942 1332 2998 ipse
1364 2941 1535 2996 quidem
1568 2941 1689 2984 Gree-

209 3011 328 3054 chius
358 3012 492 3054 multa
523 3011 679 3053 rectius
710 3011 1012 3067 interpretatus
1036 3016 1100 3055 est
1121 3025 1247 3066 quam
1270 3011 1467 3066 scripsit,
1490 3011 1533 3051 in
1555 3008 1689 3064 philo—
