<?xml version="1.0" encoding="UTF-8"?>
<!DOCTYPE html PUBLIC "-//W3C//DTD XHTML 1.0 Transitional//EN"
    "http://www.w3.org/TR/xhtml1/DTD/xhtml1-transitional.dtd">
<html xmlns="http://www.w3.org/1999/xhtml" xml:lang="en" lang="en">
 <head>
  <title>
</title>
<meta http-equiv="Content-Type" content="text/html;charset=utf-8" />
  <meta name='ocr-system' content='tesseract 3.04.00' />
  <meta name='ocr-capabilities' content='ocr_page ocr_carea ocr_par ocr_line ocrx_word'/>
</head>
<body>
  <div class='ocr_page' id='page_1' title='image "./intlucretiicarid00lachuoft_0190.png"; bbox 0 0 2040 3328; ppageno 0'>
   <div class='ocr_carea' id='block_1_1' title="bbox 427 226 1175 277">
    <p class='ocr_par' dir='ltr' id='par_1_1' title="bbox 427 226 1175 277">
     <span class='ocr_line' id='line_1_1' title="bbox 427 226 1175 277; baseline 0.003 -9"><span class='ocrx_word' id='word_1_1' title='bbox 427 226 506 269; x_wconf 88' lang='lat'>186</span> <span class='ocrx_word' id='word_1_2' title='bbox 794 275 796 277; x_wconf 13' lang='lat' dir='ltr'>v</span> <span class='ocrx_word' id='word_1_3' title='bbox 1110 229 1175 270; x_wconf 94' lang='lat' dir='ltr'>III</span> 
     </span>
    </p>
   </div>
   <div class='ocr_carea' id='block_1_2' title="bbox 415 339 1877 2995">
    <p class='ocr_par' dir='ltr' id='par_1_2' title="bbox 415 339 1867 593">
     <span class='ocr_line' id='line_1_2' title="bbox 415 339 1867 394; baseline 0.003 -14"><span class='ocrx_word' id='word_1_4' title='bbox 415 339 564 394; x_wconf 81' lang='lat' dir='ltr'>poris,</span> <span class='ocrx_word' id='word_1_5' title='bbox 601 342 642 380; x_wconf 94' lang='lat' dir='ltr'>et</span> <span class='ocrx_word' id='word_1_6' title='bbox 671 339 868 381; x_wconf 82' lang='lat' dir='ltr'>Gifanius</span> <span class='ocrx_word' id='word_1_7' title='bbox 898 353 1087 380; x_wconf 71' lang='lat' dir='ltr'>Ancnnr</span> <span class='ocrx_word' id='word_1_8' title='bbox 1118 371 1128 381; x_wconf 90' lang='lat'><strong>.</strong></span> <span class='ocrx_word' id='word_1_9' title='bbox 1158 340 1203 382; x_wconf 89' lang='lat' dir='ltr'>in</span> <span class='ocrx_word' id='word_1_10' title='bbox 1235 343 1463 383; x_wconf 87' lang='lat' dir='ltr'>ceterorum</span> <span class='ocrx_word' id='word_1_11' title='bbox 1494 342 1736 384; x_wconf 88' lang='lat' dir='ltr'>commentis</span> <span class='ocrx_word' id='word_1_12' title='bbox 1765 342 1867 384; x_wconf 89' lang='lat' dir='ltr'><strong>nihil</strong></span> 
     </span>
     <span class='ocr_line' id='line_1_3' title="bbox 423 405 1865 463; baseline 0.001 -16"><span class='ocrx_word' id='word_1_13' title='bbox 423 405 516 447; x_wconf 89' lang='lat' dir='ltr'>sani</span> <span class='ocrx_word' id='word_1_14' title='bbox 547 410 641 448; x_wconf 88' lang='lat' dir='ltr'>est.</span> <span class='ocrx_word' id='word_1_15' title='bbox 671 405 746 447; x_wconf 89' lang='lat' dir='ltr'>sed</span> <span class='ocrx_word' id='word_1_16' title='bbox 777 406 818 446; x_wconf 91' lang='lat' dir='ltr'>in</span> <span class='ocrx_word' id='word_1_17' title='bbox 839 406 1025 447; x_wconf 74' lang='lat' dir='ltr'>Tui-nebi</span> <span class='ocrx_word' id='word_1_18' title='bbox 1055 405 1390 463; x_wconf 89' lang='lat' dir='ltr'>adversariorum</span> <span class='ocrx_word' id='word_1_19' title='bbox 1419 422 1519 462; x_wconf 84' lang='lat' dir='ltr'>xxn,</span> <span class='ocrx_word' id='word_1_20' title='bbox 1541 410 1567 451; x_wconf 84' lang='lat'>9</span> <span class='ocrx_word' id='word_1_21' title='bbox 1597 409 1707 450; x_wconf 89' lang='lat' dir='ltr'>male</span> <span class='ocrx_word' id='word_1_22' title='bbox 1737 408 1865 463; x_wconf 86' lang='lat' dir='ltr'>scrip-</span> 
     </span>
     <span class='ocr_line' id='line_1_4' title="bbox 423 472 1867 529; baseline 0.002 -17"><span class='ocrx_word' id='word_1_23' title='bbox 423 475 510 513; x_wconf 89' lang='lat' dir='ltr'>tum</span> <span class='ocrx_word' id='word_1_24' title='bbox 539 472 663 514; x_wconf 92' lang='lat' dir='ltr'>video</span> <span class='ocrx_word' id='word_1_25' title='bbox 694 476 812 524; x_wconf 70' lang='lat' dir='ltr'>cam,</span> <span class='ocrx_word' id='word_1_26' title='bbox 844 472 997 514; x_wconf 89' lang='lat' dir='ltr'>rectius</span> <span class='ocrx_word' id='word_1_27' title='bbox 1027 473 1119 514; x_wconf 88' lang='lat' dir='ltr'>sine</span> <span class='ocrx_word' id='word_1_28' title='bbox 1147 477 1319 514; x_wconf 86' lang='lat' dir='ltr'>accentu</span> <span class='ocrx_word' id='word_1_29' title='bbox 1351 474 1394 515; x_wconf 91' lang='lat' dir='ltr'>in</span> <span class='ocrx_word' id='word_1_30' title='bbox 1423 474 1530 515; x_wconf 87' lang='lat' dir='ltr'>libro</span> <span class='ocrx_word' id='word_1_31' title='bbox 1559 487 1658 529; x_wconf 88' lang='lat' dir='ltr'>xxx,</span> <span class='ocrx_word' id='word_1_32' title='bbox 1683 475 1761 518; x_wconf 87' lang='lat'>10:</span> <span class='ocrx_word' id='word_1_33' title='bbox 1803 479 1867 516; x_wconf 89' lang='lat' dir='ltr'>est</span> 
     </span>
     <span class='ocr_line' id='line_1_5' title="bbox 424 538 1382 593; baseline 0.002 -14"><span class='ocrx_word' id='word_1_34' title='bbox 424 538 533 579; x_wconf 89' lang='lat' dir='ltr'>enim</span> <span class='ocrx_word' id='word_1_35' title='bbox 563 554 653 580; x_wconf 81' lang='lat' dir='ltr'>eum</span> <span class='ocrx_word' id='word_1_36' title='bbox 683 538 968 593; x_wconf 80' lang='lat' dir='ltr'>praepositio,</span> <span class='ocrx_word' id='word_1_37' title='bbox 1000 552 1085 580; x_wconf 92' lang='lat' dir='ltr'>non</span> <span class='ocrx_word' id='word_1_38' title='bbox 1114 539 1348 581; x_wconf 88' lang='lat' dir='ltr'>coniunctio</span> <span class='ocrx_word' id='word_1_39' title='bbox 1370 570 1382 583; x_wconf 90' lang='lat'><strong>.</strong></span> 
     </span>
    </p>

    <p class='ocr_par' dir='ltr' id='par_1_3' title="bbox 536 605 1344 648">
     <span class='ocr_line' id='line_1_6' title="bbox 536 605 1344 648; baseline 0.002 -2"><span class='ocrx_word' id='word_1_40' title='bbox 536 605 631 646; x_wconf 85' lang='lat'>826.</span> <span class='ocrx_word' id='word_1_41' title='bbox 662 605 1043 647; x_wconf 74' lang='lat' dir='ltr'>MAcenxr.Itali</span> <span class='ocrx_word' id='word_1_42' title='bbox 1072 605 1344 648; x_wconf 78' lang='lat' dir='ltr'><strong>MACERAT.</strong></span> 
     </span>
    </p>

    <p class='ocr_par' dir='ltr' id='par_1_4' title="bbox 535 670 1614 726">
     <span class='ocr_line' id='line_1_7' title="bbox 535 670 1614 726; baseline 0.005 -15"><span class='ocrx_word' id='word_1_43' title='bbox 535 670 629 713; x_wconf 79' lang='lat'><strong>829.</strong></span> <span class='ocrx_word' id='word_1_44' title='bbox 661 672 792 713; x_wconf 80' lang='lat' dir='ltr'>Anm</span> <span class='ocrx_word' id='word_1_45' title='bbox 823 685 956 717; x_wconf 86' lang='lat' dir='ltr'><strong>QUOD</strong></span> <span class='ocrx_word' id='word_1_46' title='bbox 975 704 983 712; x_wconf 94' lang='lat'><strong>.</strong></span> <span class='ocrx_word' id='word_1_47' title='bbox 1001 671 1219 714; x_wconf 83' lang='lat' dir='ltr'>Corrector</span> <span class='ocrx_word' id='word_1_48' title='bbox 1248 672 1418 726; x_wconf 85' lang='lat' dir='ltr'>oblongi</span> <span class='ocrx_word' id='word_1_49' title='bbox 1450 673 1614 716; x_wconf 63' lang='lat' dir='ltr'>Anna.</span> 
     </span>
    </p>

    <p class='ocr_par' dir='ltr' id='par_1_5' title="bbox 425 737 1872 1390">
     <span class='ocr_line' id='line_1_8' title="bbox 536 737 1867 794; baseline 0.003 -16"><span class='ocrx_word' id='word_1_50' title='bbox 536 737 631 780; x_wconf 85' lang='lat'><strong>835.</strong></span> <span class='ocrx_word' id='word_1_51' title='bbox 662 751 748 778; x_wconf 76' lang='lat' dir='ltr'>sun</span> <span class='ocrx_word' id='word_1_52' title='bbox 769 751 908 779; x_wconf 67' lang='lat' dir='ltr'>An‘ns</span> <span class='ocrx_word' id='word_1_53' title='bbox 930 752 1174 778; x_wconf 79' lang='lat' dir='ltr'>AETHERIS</span> <span class='ocrx_word' id='word_1_54' title='bbox 1195 752 1340 779; x_wconf 72' lang='lat' dir='ltr'>Aunrs</span> <span class='ocrx_word' id='word_1_55' title='bbox 1357 771 1367 781; x_wconf 89' lang='lat'><strong>.</strong></span> <span class='ocrx_word' id='word_1_56' title='bbox 1391 738 1627 790; x_wconf 81' lang='lat' dir='ltr'>Quadratus</span> <span class='ocrx_word' id='word_1_57' title='bbox 1648 742 1744 784; x_wconf 75' lang='lat' dir='ltr'>altis</span> <span class='ocrx_word' id='word_1_58' title='bbox 1763 743 1867 794; x_wconf 92' lang='lat' dir='ltr'>(non</span> 
     </span>
     <span class='ocr_line' id='line_1_9' title="bbox 426 803 1867 862; baseline 0.002 -17"><span class='ocrx_word' id='word_1_59' title='bbox 426 803 554 858; x_wconf 79' lang='lat' dir='ltr'>altas)</span> <span class='ocrx_word' id='word_1_60' title='bbox 585 808 627 846; x_wconf 91' lang='lat' dir='ltr'>et</span> <span class='ocrx_word' id='word_1_61' title='bbox 655 820 784 846; x_wconf 76' lang='lat' dir='ltr'>auras</span> <span class='ocrx_word' id='word_1_62' title='bbox 804 837 814 847; x_wconf 89' lang='lat'><strong>.</strong></span> <span class='ocrx_word' id='word_1_63' title='bbox 841 809 952 847; x_wconf 89' lang='lat' dir='ltr'>reete</span> <span class='ocrx_word' id='word_1_64' title='bbox 982 805 1177 847; x_wconf 84' lang='lat' dir='ltr'>Gifanius</span> <span class='ocrx_word' id='word_1_65' title='bbox 1205 806 1379 847; x_wconf 79' lang='lat' dir='ltr'>aetheris</span> <span class='ocrx_word' id='word_1_66' title='bbox 1409 819 1515 846; x_wconf 77' lang='lat' dir='ltr'>oms</span> <span class='ocrx_word' id='word_1_67' title='bbox 1542 837 1552 846; x_wconf 90' lang='lat'><strong>.</strong></span> <span class='ocrx_word' id='word_1_68' title='bbox 1582 807 1642 848; x_wconf 87' lang='lat' dir='ltr'>ita</span> <span class='ocrx_word' id='word_1_69' title='bbox 1669 808 1867 862; x_wconf 85' lang='lat' dir='ltr'>scriptum</span> 
     </span>
     <span class='ocr_line' id='line_1_10' title="bbox 425 871 1868 926; baseline 0.003 -14"><span class='ocrx_word' id='word_1_70' title='bbox 425 871 546 912; x_wconf 89' lang='lat' dir='ltr'>estin</span> <span class='ocrx_word' id='word_1_71' title='bbox 567 885 607 924; x_wconf 91' lang='lat' dir='ltr'>v,</span> <span class='ocrx_word' id='word_1_72' title='bbox 628 871 707 913; x_wconf 89' lang='lat'>143</span> <span class='ocrx_word' id='word_1_73' title='bbox 726 885 769 925; x_wconf 87' lang='lat'>11,</span> <span class='ocrx_word' id='word_1_74' title='bbox 791 872 897 914; x_wconf 91' lang='lat'>1000</span> <span class='ocrx_word' id='word_1_75' title='bbox 915 885 972 921; x_wconf 88' lang='lat' dir='ltr'>1v,</span> <span class='ocrx_word' id='word_1_76' title='bbox 989 872 1070 914; x_wconf 91' lang='grc'>215</span> <span class='ocrx_word' id='word_1_77' title='bbox 1091 885 1130 924; x_wconf 91' lang='lat' dir='ltr'>v,</span> <span class='ocrx_word' id='word_1_78' title='bbox 1148 871 1229 913; x_wconf 88' lang='grc'>656</span> <span class='ocrx_word' id='word_1_79' title='bbox 1251 872 1332 913; x_wconf 89' lang='lat'>683</span> <span class='ocrx_word' id='word_1_80' title='bbox 1349 903 1358 912; x_wconf 92' lang='lat'><strong>.</strong></span> <span class='ocrx_word' id='word_1_81' title='bbox 1376 871 1430 913; x_wconf 90' lang='lat' dir='ltr'>de</span> <span class='ocrx_word' id='word_1_82' title='bbox 1450 875 1666 926; x_wconf 69' lang='lat' dir='ltr'>poetarum</span> <span class='ocrx_word' id='word_1_83' title='bbox 1681 878 1868 916; x_wconf 88' lang='lat' dir='ltr'>veterum</span> 
     </span>
     <span class='ocr_line' id='line_1_11' title="bbox 427 937 1868 992; baseline 0.001 -14"><span class='ocrx_word' id='word_1_84' title='bbox 427 950 506 978; x_wconf 90' lang='lat' dir='ltr'>usu</span> <span class='ocrx_word' id='word_1_85' title='bbox 536 938 711 992; x_wconf 83' lang='lat' dir='ltr'><strong>exposui</strong></span> <span class='ocrx_word' id='word_1_86' title='bbox 741 937 797 979; x_wconf 90' lang='lat' dir='ltr'>ad</span> <span class='ocrx_word' id='word_1_87' title='bbox 826 950 993 979; x_wconf 85' lang='lat' dir='ltr'>versum</span> <span class='ocrx_word' id='word_1_88' title='bbox 1022 938 1105 980; x_wconf 82' lang='lat'>405</span> <span class='ocrx_word' id='word_1_89' title='bbox 1137 971 1146 981; x_wconf 85' lang='lat'><strong>.</strong></span> <span class='ocrx_word' id='word_1_90' title='bbox 1177 938 1490 980; x_wconf 87' lang='lat' dir='ltr'>concedendum</span> <span class='ocrx_word' id='word_1_91' title='bbox 1525 943 1588 980; x_wconf 85' lang='lat' dir='ltr'>est</span> <span class='ocrx_word' id='word_1_92' title='bbox 1617 942 1754 982; x_wconf 90' lang='lat' dir='ltr'>tamen</span> <span class='ocrx_word' id='word_1_93' title='bbox 1782 952 1868 981; x_wconf 92' lang='lat' dir='ltr'>non</span> 
     </span>
     <span class='ocr_line' id='line_1_12' title="bbox 426 1004 1870 1060; baseline 0.001 -16"><span class='ocrx_word' id='word_1_94' title='bbox 426 1016 571 1046; x_wconf 89' lang='lat' dir='ltr'>omnes</span> <span class='ocrx_word' id='word_1_95' title='bbox 600 1004 711 1046; x_wconf 89' lang='lat' dir='ltr'>idem</span> <span class='ocrx_word' id='word_1_96' title='bbox 741 1007 907 1045; x_wconf 90' lang='lat' dir='ltr'>secutos</span> <span class='ocrx_word' id='word_1_97' title='bbox 937 1017 1031 1047; x_wconf 86' lang='lat' dir='ltr'>esse</span> <span class='ocrx_word' id='word_1_98' title='bbox 1054 1037 1063 1046; x_wconf 92' lang='lat'><strong>.</strong></span> <span class='ocrx_word' id='word_1_99' title='bbox 1085 1005 1218 1046; x_wconf 86' lang='lat' dir='ltr'>Varro</span> <span class='ocrx_word' id='word_1_100' title='bbox 1239 1005 1282 1045; x_wconf 91' lang='lat' dir='ltr'>in</span> <span class='ocrx_word' id='word_1_101' title='bbox 1303 1017 1477 1058; x_wconf 86' lang='lat' dir='ltr'>corpore</span> <span class='ocrx_word' id='word_1_102' title='bbox 1497 1005 1680 1048; x_wconf 88' lang='lat' dir='ltr'>Putschii</span> <span class='ocrx_word' id='word_1_103' title='bbox 1701 1019 1741 1060; x_wconf 93' lang='lat' dir='ltr'>p.</span> <span class='ocrx_word' id='word_1_104' title='bbox 1758 1005 1870 1048; x_wconf 84' lang='lat'>2264</span> 
     </span>
     <span class='ocr_line' id='line_1_13' title="bbox 425 1070 1871 1127; baseline 0.002 -16"><span class='ocrx_word' id='word_1_105' title='bbox 425 1070 581 1111; x_wconf 73' lang='lat' dir='ltr'>Aurei-s</span> <span class='ocrx_word' id='word_1_106' title='bbox 596 1102 607 1123; x_wconf 85' lang='lat'><em>‚</em></span> <span class='ocrx_word' id='word_1_107' title='bbox 630 1086 737 1125; x_wconf 81' lang='lat' dir='ltr'>quas</span> <span class='ocrx_word' id='word_1_108' title='bbox 755 1070 873 1112; x_wconf 85' lang='lat' dir='ltr'>modo</span> <span class='ocrx_word' id='word_1_109' title='bbox 894 1071 1069 1112; x_wconf 77' lang='lat' dir='ltr'>aetheris</span> <span class='ocrx_word' id='word_1_110' title='bbox 1089 1071 1307 1112; x_wconf 73' lang='lat' dir='ltr'><em>scribimus</em></span> <span class='ocrx_word' id='word_1_111' title='bbox 1323 1103 1333 1124; x_wconf 98' lang='lat'>,</span> <span class='ocrx_word' id='word_1_112' title='bbox 1349 1071 1466 1113; x_wconf 81' lang='lat' dir='ltr'>modo</span> <span class='ocrx_word' id='word_1_113' title='bbox 1487 1073 1636 1127; x_wconf 76' lang='lat' dir='ltr'>quibus</span> <span class='ocrx_word' id='word_1_114' title='bbox 1656 1072 1850 1114; x_wconf 78' lang='lat' dir='ltr'>audimus</span> <span class='ocrx_word' id='word_1_115' title='bbox 1855 1089 1871 1126; x_wconf 67' lang='lat'>7·</span> 
     </span>
     <span class='ocr_line' id='line_1_14' title="bbox 428 1136 1870 1190; baseline 0.003 -14"><span class='ocrx_word' id='word_1_116' title='bbox 428 1136 510 1177; x_wconf 92' lang='lat' dir='ltr'>nisi</span> <span class='ocrx_word' id='word_1_117' title='bbox 541 1140 681 1178; x_wconf 89' lang='lat' dir='ltr'>tamen</span> <span class='ocrx_word' id='word_1_118' title='bbox 711 1137 938 1190; x_wconf 84' lang='lat' dir='ltr'>legendum</span> <span class='ocrx_word' id='word_1_119' title='bbox 969 1141 1032 1179; x_wconf 88' lang='lat' dir='ltr'>est</span> <span class='ocrx_word' id='word_1_120' title='bbox 1061 1137 1172 1178; x_wconf 77' lang='lat' dir='ltr'>aeris</span> <span class='ocrx_word' id='word_1_121' title='bbox 1202 1168 1212 1178; x_wconf 92' lang='lat'><strong>.</strong></span> <span class='ocrx_word' id='word_1_122' title='bbox 1243 1141 1340 1178; x_wconf 91' lang='lat' dir='ltr'>sunt</span> <span class='ocrx_word' id='word_1_123' title='bbox 1368 1142 1506 1179; x_wconf 85' lang='lat' dir='ltr'>autem</span> <span class='ocrx_word' id='word_1_124' title='bbox 1535 1138 1635 1180; x_wconf 87' lang='lat' dir='ltr'>illae</span> <span class='ocrx_word' id='word_1_125' title='bbox 1661 1143 1746 1180; x_wconf 90' lang='lat' dir='ltr'>tres</span> <span class='ocrx_word' id='word_1_126' title='bbox 1776 1139 1870 1180; x_wconf 86' lang='lat' dir='ltr'>Put-</span> 
     </span>
     <span class='ocr_line' id='line_1_15' title="bbox 427 1202 1872 1259; baseline 0.002 -16"><span class='ocrx_word' id='word_1_127' title='bbox 427 1202 533 1244; x_wconf 84' lang='lat' dir='ltr'>se-hii</span> <span class='ocrx_word' id='word_1_128' title='bbox 563 1203 751 1257; x_wconf 85' lang='lat' dir='ltr'>paginae</span> <span class='ocrx_word' id='word_1_129' title='bbox 782 1207 1004 1257; x_wconf 75' lang='lat' dir='ltr'>excerptae</span> <span class='ocrx_word' id='word_1_130' title='bbox 1033 1216 1056 1245; x_wconf 92' lang='lat' dir='ltr'>e</span> <span class='ocrx_word' id='word_1_131' title='bbox 1086 1203 1193 1244; x_wconf 87' lang='lat' dir='ltr'>libro</span> <span class='ocrx_word' id='word_1_132' title='bbox 1224 1203 1452 1258; x_wconf 86' lang='lat' dir='ltr'>Varronis,</span> <span class='ocrx_word' id='word_1_133' title='bbox 1484 1203 1559 1246; x_wconf 89' lang='lat' dir='ltr'>sed</span> <span class='ocrx_word' id='word_1_134' title='bbox 1594 1205 1872 1259; x_wconf 84' lang='lat' dir='ltr'>interpolatae</span> 
     </span>
     <span class='ocr_line' id='line_1_16' title="bbox 427 1268 1870 1324; baseline 0.003 -15"><span class='ocrx_word' id='word_1_135' title='bbox 427 1268 479 1310; x_wconf 88' lang='lat' dir='ltr'>iis</span> <span class='ocrx_word' id='word_1_136' title='bbox 500 1281 609 1322; x_wconf 88' lang='lat' dir='ltr'>quae</span> <span class='ocrx_word' id='word_1_137' title='bbox 630 1269 715 1311; x_wconf 91' lang='lat' dir='ltr'>alio</span> <span class='ocrx_word' id='word_1_138' title='bbox 737 1269 862 1311; x_wconf 89' lang='lat' dir='ltr'>modo</span> <span class='ocrx_word' id='word_1_139' title='bbox 884 1274 1086 1324; x_wconf 85' lang='lat' dir='ltr'>concepta</span> <span class='ocrx_word' id='word_1_140' title='bbox 1106 1270 1301 1323; x_wconf 84' lang='lat' dir='ltr'>leguntur</span> <span class='ocrx_word' id='word_1_141' title='bbox 1328 1270 1370 1311; x_wconf 93' lang='lat' dir='ltr'>in</span> <span class='ocrx_word' id='word_1_142' title='bbox 1392 1271 1674 1324; x_wconf 78' lang='lat' dir='ltr'>grammaticis</span> <span class='ocrx_word' id='word_1_143' title='bbox 1695 1270 1870 1313; x_wconf 82' lang='lat' dir='ltr'>Eichen-</span> 
     </span>
     <span class='ocr_line' id='line_1_17' title="bbox 427 1334 748 1390; baseline 0 -13"><span class='ocrx_word' id='word_1_144' title='bbox 427 1334 546 1377; x_wconf 85' lang='lat' dir='ltr'>feldii</span> <span class='ocrx_word' id='word_1_145' title='bbox 577 1350 617 1390; x_wconf 93' lang='lat' dir='ltr'>p.</span> <span class='ocrx_word' id='word_1_146' title='bbox 639 1336 722 1378; x_wconf 91' lang='grc'>452</span> <span class='ocrx_word' id='word_1_147' title='bbox 738 1367 748 1377; x_wconf 93' lang='grc'><strong><em>.</em></strong></span> 
     </span>
    </p>

    <p class='ocr_par' dir='ltr' id='par_1_6' title="bbox 425 1402 1875 2263">
     <span class='ocr_line' id='line_1_18' title="bbox 539 1402 1871 1458; baseline 0.002 -15"><span class='ocrx_word' id='word_1_148' title='bbox 539 1402 633 1444; x_wconf 88' lang='lat'>844.</span> <span class='ocrx_word' id='word_1_149' title='bbox 666 1403 976 1444; x_wconf 72' lang='lat' dir='ltr'>D1s&#39;rnAcrAs</span> <span class='ocrx_word' id='word_1_150' title='bbox 1007 1417 1148 1444; x_wconf 72' lang='lat' dir='ltr'>Arum</span> <span class='ocrx_word' id='word_1_151' title='bbox 1177 1417 1369 1445; x_wconf 79' lang='lat' dir='ltr'>NATURA</span> <span class='ocrx_word' id='word_1_152' title='bbox 1391 1435 1400 1445; x_wconf 94' lang='lat'><strong>.</strong></span> <span class='ocrx_word' id='word_1_153' title='bbox 1431 1403 1500 1445; x_wconf 84' lang='lat' dir='ltr'>Sie</span> <span class='ocrx_word' id='word_1_154' title='bbox 1528 1407 1700 1458; x_wconf 85' lang='lat' dir='ltr'>uterque</span> <span class='ocrx_word' id='word_1_155' title='bbox 1731 1436 1740 1445; x_wconf 91' lang='lat'><strong>.</strong></span> <span class='ocrx_word' id='word_1_156' title='bbox 1771 1417 1871 1458; x_wconf 84' lang='lat' dir='ltr'>qua-</span> 
     </span>
     <span class='ocr_line' id='line_1_19' title="bbox 428 1468 1873 1524; baseline 0.001 -14"><span class='ocrx_word' id='word_1_157' title='bbox 428 1468 536 1511; x_wconf 90' lang='lat' dir='ltr'>drati</span> <span class='ocrx_word' id='word_1_158' title='bbox 558 1474 765 1511; x_wconf 88' lang='lat' dir='ltr'>corrector</span> <span class='ocrx_word' id='word_1_159' title='bbox 787 1474 828 1511; x_wconf 89' lang='lat' dir='ltr'>et</span> <span class='ocrx_word' id='word_1_160' title='bbox 857 1471 983 1512; x_wconf 86' lang='lat' dir='ltr'>ceteri</span> <span class='ocrx_word' id='word_1_161' title='bbox 1005 1471 1219 1512; x_wconf 74' lang='lat' dir='ltr'>Distrawta</span> <span class='ocrx_word' id='word_1_162' title='bbox 1238 1485 1262 1510; x_wconf 73' lang='lat' dir='ltr'>x</span> <span class='ocrx_word' id='word_1_163' title='bbox 1275 1485 1325 1511; x_wconf 84' lang='lat' dir='ltr'>sr</span> <span class='ocrx_word' id='word_1_164' title='bbox 1347 1501 1357 1512; x_wconf 91' lang='lat'><strong>.</strong></span> <span class='ocrx_word' id='word_1_165' title='bbox 1380 1483 1489 1524; x_wconf 86' lang='lat' dir='ltr'>quae</span> <span class='ocrx_word' id='word_1_166' title='bbox 1509 1470 1727 1512; x_wconf 86' lang='lat' dir='ltr'>Lucretius</span> <span class='ocrx_word' id='word_1_167' title='bbox 1747 1470 1873 1512; x_wconf 90' lang='lat' dir='ltr'>habet</span> 
     </span>
     <span class='ocr_line' id='line_1_20' title="bbox 428 1535 1875 1591; baseline 0.001 -14"><span class='ocrx_word' id='word_1_168' title='bbox 428 1549 552 1578; x_wconf 83' lang='lat' dir='ltr'>versu</span> <span class='ocrx_word' id='word_1_169' title='bbox 580 1536 661 1578; x_wconf 88' lang='lat'>838</span> <span class='ocrx_word' id='word_1_170' title='bbox 683 1569 692 1590; x_wconf 95' lang='lat'>,</span> <span class='ocrx_word' id='word_1_171' title='bbox 724 1549 775 1578; x_wconf 92' lang='lat' dir='ltr'>ea</span> <span class='ocrx_word' id='word_1_172' title='bbox 803 1538 967 1579; x_wconf 85' lang='lat' dir='ltr'>acutius</span> <span class='ocrx_word' id='word_1_173' title='bbox 997 1537 1104 1579; x_wconf 82' lang='lat' dir='ltr'>dixit</span> <span class='ocrx_word' id='word_1_174' title='bbox 1124 1537 1327 1591; x_wconf 80' lang='lat' dir='ltr'>Epicurus</span> <span class='ocrx_word' id='word_1_175' title='bbox 1357 1537 1469 1591; x_wconf 89' lang='lat' dir='ltr'>apud</span> <span class='ocrx_word' id='word_1_176' title='bbox 1490 1537 1702 1578; x_wconf 68' lang='lat' dir='ltr'>Laertium</span> <span class='ocrx_word' id='word_1_177' title='bbox 1730 1550 1770 1589; x_wconf 90' lang='lat' dir='ltr'>x,</span> <span class='ocrx_word' id='word_1_178' title='bbox 1795 1535 1875 1578; x_wconf 84' lang='lat'>125</span> 
     </span>
     <span class='ocr_line' id='line_1_21' title="bbox 426 1598 1872 1658; baseline 0 -14"><span class='ocrx_word' id='word_1_179' title='bbox 426 1600 476 1645; x_wconf 80' lang='grc' dir='ltr'>τὸ</span> <span class='ocrx_word' id='word_1_180' title='bbox 493 1602 846 1658; x_wconf 81' lang='grc' dir='ltr'><strong><em>φρικωδέστατον</em></strong></span> <span class='ocrx_word' id='word_1_181' title='bbox 867 1598 942 1646; x_wconf 81' lang='grc' dir='ltr'>οὖν</span> <span class='ocrx_word' id='word_1_182' title='bbox 957 1604 1042 1645; x_wconf 83' lang='grc' dir='ltr'>τῶν</span> <span class='ocrx_word' id='word_1_183' title='bbox 1059 1605 1200 1645; x_wconf 83' lang='grc' dir='ltr'><em>κακῶν</em></span> <span class='ocrx_word' id='word_1_184' title='bbox 1225 1600 1248 1646; x_wconf 85' lang='grc' dir='ltr'><em>ὃ</em></span> <span class='ocrx_word' id='word_1_185' title='bbox 1265 1599 1461 1652; x_wconf 76' lang='grc' dir='ltr'><strong><em>θάνατος</em></strong></span> <span class='ocrx_word' id='word_1_186' title='bbox 1477 1598 1603 1646; x_wconf 78' lang='grc' dir='ltr'><em>οὐδὲν</em></span> <span class='ocrx_word' id='word_1_187' title='bbox 1619 1600 1732 1658; x_wconf 80' lang='grc' dir='ltr'><strong><em>πρὸς</em></strong></span> <span class='ocrx_word' id='word_1_188' title='bbox 1746 1598 1872 1657; x_wconf 80' lang='grc' dir='ltr'><em>ἡμᾶς,</em></span> 
     </span>
     <span class='ocr_line' id='line_1_22' title="bbox 431 1664 1873 1728; baseline -0.001 -16"><span class='ocrx_word' id='word_1_189' title='bbox 431 1667 587 1725; x_wconf 78' lang='grc' dir='ltr'><strong><em>ἐπειδή</em></strong></span> <span class='ocrx_word' id='word_1_190' title='bbox 608 1686 690 1728; x_wconf 83' lang='grc' dir='ltr'>περ</span> <span class='ocrx_word' id='word_1_191' title='bbox 713 1668 817 1713; x_wconf 78' lang='grc' dir='ltr'><strong><em>ὅταν</em></strong></span> <span class='ocrx_word' id='word_1_192' title='bbox 845 1670 924 1724; x_wconf 78' lang='grc' dir='ltr'>μὲν</span> <span class='ocrx_word' id='word_1_193' title='bbox 953 1666 1076 1726; x_wconf 82' lang='grc' dir='ltr'><em>ἡμεῖς</em></span> <span class='ocrx_word' id='word_1_194' title='bbox 1105 1664 1245 1723; x_wconf 78' lang='grc' dir='ltr'><em>ὦμεν,</em></span> <span class='ocrx_word' id='word_1_195' title='bbox 1278 1666 1301 1712; x_wconf 85' lang='grc' dir='ltr'>ὁ</span> <span class='ocrx_word' id='word_1_196' title='bbox 1331 1667 1528 1721; x_wconf 76' lang='grc' dir='ltr'><strong><em>θάνατος</em></strong></span> <span class='ocrx_word' id='word_1_197' title='bbox 1557 1666 1608 1713; x_wconf 82' lang='grc' dir='ltr'>οὗ</span> <span class='ocrx_word' id='word_1_198' title='bbox 1639 1666 1873 1725; x_wconf 83' lang='grc' dir='ltr'><strong><em>πάρεστιν,</em></strong></span> 
     </span>
     <span class='ocr_line' id='line_1_23' title="bbox 428 1732 1871 1795; baseline -0.001 -17"><span class='ocrx_word' id='word_1_199' title='bbox 428 1734 532 1779; x_wconf 77' lang='grc' dir='ltr'><strong><em>ὅταν</em></strong></span> <span class='ocrx_word' id='word_1_200' title='bbox 562 1736 611 1780; x_wconf 79' lang='grc' dir='ltr'>δὲ</span> <span class='ocrx_word' id='word_1_201' title='bbox 642 1734 666 1780; x_wconf 82' lang='grc' dir='ltr'>ὁ</span> <span class='ocrx_word' id='word_1_202' title='bbox 697 1734 893 1789; x_wconf 77' lang='grc' dir='ltr'><strong><em>θάνατος</em></strong></span> <span class='ocrx_word' id='word_1_203' title='bbox 913 1739 1059 1795; x_wconf 81' lang='grc' dir='ltr'><strong><em>παρῇ,</em></strong></span> <span class='ocrx_word' id='word_1_204' title='bbox 1080 1734 1180 1780; x_wconf 70' lang='grc' dir='ltr'>τόθ’</span> <span class='ocrx_word' id='word_1_205' title='bbox 1206 1733 1329 1793; x_wconf 80' lang='grc' dir='ltr'><em>ἡμεῖς</em></span> <span class='ocrx_word' id='word_1_206' title='bbox 1356 1732 1433 1779; x_wconf 81' lang='grc' dir='ltr'>οὐκ</span> <span class='ocrx_word' id='word_1_207' title='bbox 1463 1735 1590 1789; x_wconf 76' lang='grc' dir='ltr'><em>ἐσμέν</em></span> <span class='ocrx_word' id='word_1_208' title='bbox 1609 1768 1619 1778; x_wconf 91' lang='grc'><strong>.</strong></span> <span class='ocrx_word' id='word_1_209' title='bbox 1643 1737 1696 1778; x_wconf 86' lang='lat' dir='ltr'>de</span> <span class='ocrx_word' id='word_1_210' title='bbox 1726 1735 1871 1778; x_wconf 84' lang='lat' dir='ltr'>eodem</span> 
     </span>
     <span class='ocr_line' id='line_1_24' title="bbox 428 1802 1872 1860; baseline -0.003 -13"><span class='ocrx_word' id='word_1_211' title='bbox 428 1805 577 1847; x_wconf 86' lang='lat' dir='ltr'>Sextus</span> <span class='ocrx_word' id='word_1_212' title='bbox 605 1805 827 1860; x_wconf 87' lang='lat' dir='ltr'>empiricus</span> <span class='ocrx_word' id='word_1_213' title='bbox 847 1819 888 1860; x_wconf 92' lang='lat' dir='ltr'>p.</span> <span class='ocrx_word' id='word_1_214' title='bbox 909 1805 999 1855; x_wconf 78' lang='lat'>175,</span> <span class='ocrx_word' id='word_1_215' title='bbox 1016 1806 1041 1847; x_wconf 92' lang='grc'>5</span> <span class='ocrx_word' id='word_1_216' title='bbox 1069 1806 1264 1859; x_wconf 87' lang='lat' dir='ltr'>(apparet</span> <span class='ocrx_word' id='word_1_217' title='bbox 1291 1805 1399 1846; x_wconf 92' lang='lat' dir='ltr'>enim</span> <span class='ocrx_word' id='word_1_218' title='bbox 1426 1817 1510 1844; x_wconf 91' lang='lat' dir='ltr'>non</span> <span class='ocrx_word' id='word_1_219' title='bbox 1535 1807 1647 1845; x_wconf 85' lang='lat' dir='ltr'>recte</span> <span class='ocrx_word' id='word_1_220' title='bbox 1673 1802 1872 1857; x_wconf 88' lang='lat' dir='ltr'>scriptum</span> 
     </span>
     <span class='ocr_line' id='line_1_25' title="bbox 427 1866 1874 1928; baseline -0.001 -16"><span class='ocrx_word' id='word_1_221' title='bbox 427 1884 521 1913; x_wconf 85' lang='lat' dir='ltr'>esse</span> <span class='ocrx_word' id='word_1_222' title='bbox 552 1869 681 1927; x_wconf 84' lang='grc' dir='ltr'>φασί)</span> <span class='ocrx_word' id='word_1_223' title='bbox 713 1872 819 1928; x_wconf 85' lang='grc' dir='ltr'><em>φησὶ</em></span> <span class='ocrx_word' id='word_1_224' title='bbox 859 1871 907 1915; x_wconf 77' lang='grc' dir='ltr'>δὲ</span> <span class='ocrx_word' id='word_1_225' title='bbox 943 1870 1017 1913; x_wconf 82' lang='grc' dir='ltr'>καὶ</span> <span class='ocrx_word' id='word_1_226' title='bbox 1054 1867 1114 1921; x_wconf 83' lang='grc' dir='ltr'>ὡς</span> <span class='ocrx_word' id='word_1_227' title='bbox 1149 1867 1274 1925; x_wconf 78' lang='grc' dir='ltr'><em>εἴπερ</em></span> <span class='ocrx_word' id='word_1_228' title='bbox 1311 1866 1628 1926; x_wconf 79' lang='grc' dir='ltr'><em>συνεστήκαμεν</em></span> <span class='ocrx_word' id='word_1_229' title='bbox 1657 1868 1702 1912; x_wconf 82' lang='grc' dir='ltr'>ἐκ</span> <span class='ocrx_word' id='word_1_230' title='bbox 1732 1869 1874 1926; x_wconf 82' lang='grc' dir='ltr'><strong><em>ψυχῆς</em></strong></span> 
     </span>
     <span class='ocr_line' id='line_1_26' title="bbox 427 1932 1874 1994; baseline -0.001 -15"><span class='ocrx_word' id='word_1_231' title='bbox 427 1937 500 1980; x_wconf 82' lang='grc' dir='ltr'>καὶ</span> <span class='ocrx_word' id='word_1_232' title='bbox 529 1936 733 1992; x_wconf 81' lang='grc' dir='ltr'><em>σώματος</em></span> <span class='ocrx_word' id='word_1_233' title='bbox 755 1972 766 1989; x_wconf 90' lang='grc'>,</span> <span class='ocrx_word' id='word_1_234' title='bbox 798 1934 821 1982; x_wconf 85' lang='grc' dir='ltr'>ὁ</span> <span class='ocrx_word' id='word_1_235' title='bbox 854 1938 904 1982; x_wconf 80' lang='grc' dir='ltr'>δὲ</span> <span class='ocrx_word' id='word_1_236' title='bbox 932 1935 1129 1988; x_wconf 78' lang='grc' dir='ltr'><strong><em>θάνατος</em></strong></span> <span class='ocrx_word' id='word_1_237' title='bbox 1159 1934 1360 1988; x_wconf 81' lang='grc' dir='ltr'><strong><em>ὄιάλυσίς</em></strong></span> <span class='ocrx_word' id='word_1_238' title='bbox 1390 1936 1482 1980; x_wconf 76' lang='grc' dir='ltr'><em>ἔστι</em></span> <span class='ocrx_word' id='word_1_239' title='bbox 1510 1938 1651 1994; x_wconf 83' lang='grc' dir='ltr'><strong><em>ψυχῆς</em></strong></span> <span class='ocrx_word' id='word_1_240' title='bbox 1681 1935 1755 1979; x_wconf 76' lang='grc' dir='ltr'>καὶ</span> <span class='ocrx_word' id='word_1_241' title='bbox 1783 1932 1874 1978; x_wconf 87' lang='grc' dir='ltr'>σώ-</span> 
     </span>
     <span class='ocr_line' id='line_1_27' title="bbox 425 1999 1874 2061; baseline -0.002 -13"><span class='ocrx_word' id='word_1_242' title='bbox 425 2020 590 2058; x_wconf 84' lang='grc' dir='ltr'><em>ματος,</em></span> <span class='ocrx_word' id='word_1_243' title='bbox 613 2003 686 2048; x_wconf 83' lang='grc' dir='ltr'>ὅτε</span> <span class='ocrx_word' id='word_1_244' title='bbox 713 2006 792 2059; x_wconf 83' lang='grc' dir='ltr'>μὲν</span> <span class='ocrx_word' id='word_1_245' title='bbox 821 2001 944 2061; x_wconf 79' lang='grc' dir='ltr'><em>ἡμεῖς</em></span> <span class='ocrx_word' id='word_1_246' title='bbox 973 2004 1123 2059; x_wconf 79' lang='grc' dir='ltr'><em>ἐσμέν,</em></span> <span class='ocrx_word' id='word_1_247' title='bbox 1156 2001 1235 2048; x_wconf 79' lang='grc' dir='ltr'>οὐκ</span> <span class='ocrx_word' id='word_1_248' title='bbox 1265 2001 1382 2047; x_wconf 73' lang='grc' dir='ltr'><strong><em>ἔστιν</em></strong></span> <span class='ocrx_word' id='word_1_249' title='bbox 1413 2001 1436 2047; x_wconf 85' lang='grc' dir='ltr'>ὁ</span> <span class='ocrx_word' id='word_1_250' title='bbox 1468 2000 1666 2054; x_wconf 75' lang='grc' dir='ltr'><strong><em>θάνατος</em></strong></span> <span class='ocrx_word' id='word_1_251' title='bbox 1695 1999 1766 2059; x_wconf 82' lang='grc' dir='ltr'>(οὗ</span> <span class='ocrx_word' id='word_1_252' title='bbox 1793 2001 1874 2059; x_wconf 76' lang='grc' dir='ltr'>γὰρ</span> 
     </span>
     <span class='ocr_line' id='line_1_28' title="bbox 427 2065 1873 2126; baseline -0.003 -11"><span class='ocrx_word' id='word_1_253' title='bbox 427 2068 752 2126; x_wconf 75' lang='grc' dir='ltr'><em>διαλυόμεθα),</em></span> <span class='ocrx_word' id='word_1_254' title='bbox 789 2070 862 2115; x_wconf 79' lang='grc' dir='ltr'>ὅτε</span> <span class='ocrx_word' id='word_1_255' title='bbox 900 2071 949 2116; x_wconf 80' lang='grc' dir='ltr'>δὲ</span> <span class='ocrx_word' id='word_1_256' title='bbox 979 2068 1003 2115; x_wconf 82' lang='grc' dir='ltr'>ὁ</span> <span class='ocrx_word' id='word_1_257' title='bbox 1036 2068 1232 2122; x_wconf 72' lang='grc' dir='ltr'><strong><em>θάνατος</em></strong></span> <span class='ocrx_word' id='word_1_258' title='bbox 1261 2069 1377 2115; x_wconf 73' lang='grc' dir='ltr'><strong><em>ἔστιν</em></strong></span> <span class='ocrx_word' id='word_1_259' title='bbox 1393 2105 1404 2126; x_wconf 85' lang='grc'>,</span> <span class='ocrx_word' id='word_1_260' title='bbox 1446 2067 1525 2114; x_wconf 82' lang='grc' dir='ltr'>οὐκ</span> <span class='ocrx_word' id='word_1_261' title='bbox 1559 2067 1688 2123; x_wconf 73' lang='grc' dir='ltr'><em>ἐσμὲν</em></span> <span class='ocrx_word' id='word_1_262' title='bbox 1715 2065 1839 2126; x_wconf 82' lang='grc' dir='ltr'><em>ἡμεῖς</em></span> <span class='ocrx_word' id='word_1_263' title='bbox 1865 2083 1873 2092; x_wconf 90' lang='grc'><em>·</em></span> 
     </span>
     <span class='ocr_line' id='line_1_29' title="bbox 426 2131 1874 2197; baseline -0.002 -16"><span class='ocrx_word' id='word_1_264' title='bbox 426 2141 487 2195; x_wconf 78' lang='grc' dir='ltr'>τῷ</span> <span class='ocrx_word' id='word_1_265' title='bbox 515 2138 596 2195; x_wconf 77' lang='grc' dir='ltr'>γὰρ</span> <span class='ocrx_word' id='word_1_266' title='bbox 625 2138 778 2195; x_wconf 80' lang='grc' dir='ltr'><em>μηκέτι</em></span> <span class='ocrx_word' id='word_1_267' title='bbox 807 2140 884 2195; x_wconf 82' lang='grc' dir='ltr'>τὴν</span> <span class='ocrx_word' id='word_1_268' title='bbox 913 2136 1124 2182; x_wconf 82' lang='grc' dir='ltr'><strong><em>σύστασιν</em></strong></span> <span class='ocrx_word' id='word_1_269' title='bbox 1154 2133 1267 2182; x_wconf 83' lang='grc' dir='ltr'><strong><em>εἶναι</em></strong></span> <span class='ocrx_word' id='word_1_270' title='bbox 1296 2141 1371 2196; x_wconf 84' lang='grc' dir='ltr'>τῆς</span> <span class='ocrx_word' id='word_1_271' title='bbox 1406 2140 1551 2197; x_wconf 81' lang='grc' dir='ltr'>ψυχῆς</span> <span class='ocrx_word' id='word_1_272' title='bbox 1579 2136 1653 2180; x_wconf 85' lang='grc' dir='ltr'>καὶ</span> <span class='ocrx_word' id='word_1_273' title='bbox 1679 2137 1759 2179; x_wconf 83' lang='grc' dir='ltr'>τοῦ</span> <span class='ocrx_word' id='word_1_274' title='bbox 1788 2131 1874 2179; x_wconf 82' lang='grc' dir='ltr'>σώ-</span> 
     </span>
     <span class='ocr_line' id='line_1_30' title="bbox 425 2203 1038 2263; baseline 0 -15"><span class='ocrx_word' id='word_1_275' title='bbox 425 2222 564 2258; x_wconf 77' lang='grc' dir='ltr'><em>ματος</em></span> <span class='ocrx_word' id='word_1_276' title='bbox 593 2203 699 2250; x_wconf 77' lang='grc' dir='ltr'><em>οὐδὲ</em></span> <span class='ocrx_word' id='word_1_277' title='bbox 729 2203 854 2263; x_wconf 80' lang='grc' dir='ltr'><em>ἡμεῖς</em></span> <span class='ocrx_word' id='word_1_278' title='bbox 884 2205 1038 2260; x_wconf 77' lang='grc' dir='ltr'><em>ἐσμέν.</em></span> 
     </span>
    </p>

    <p class='ocr_par' dir='ltr' id='par_1_7' title="bbox 530 2269 1875 2327">
     <span class='ocr_line' id='line_1_31' title="bbox 530 2269 1875 2327; baseline -0.003 -11"><span class='ocrx_word' id='word_1_279' title='bbox 530 2274 695 2316; x_wconf 71' lang='grc' dir='ltr'>847.ΜΑ</span> <span class='ocrx_word' id='word_1_280' title='bbox 704 2288 726 2314; x_wconf 82' lang='lat' dir='ltr'>r</span> <span class='ocrx_word' id='word_1_281' title='bbox 735 2288 758 2314; x_wconf 77' lang='lat' dir='ltr'>r.</span> <span class='ocrx_word' id='word_1_282' title='bbox 765 2289 792 2314; x_wconf 83' lang='lat' dir='ltr'>R</span> <span class='ocrx_word' id='word_1_283' title='bbox 801 2288 815 2313; x_wconf 95' lang='lat'>1</span> <span class='ocrx_word' id='word_1_284' title='bbox 822 2288 846 2314; x_wconf 77' lang='grc' dir='ltr'><strong>Ε</strong></span> <span class='ocrx_word' id='word_1_285' title='bbox 854 2288 896 2315; x_wconf 87' lang='lat' dir='ltr'>M.</span> <span class='ocrx_word' id='word_1_286' title='bbox 905 2274 970 2316; x_wconf 91' lang='lat' dir='ltr'>Ita</span> <span class='ocrx_word' id='word_1_287' title='bbox 977 2273 1208 2327; x_wconf 87' lang='lat' dir='ltr'>quadratus</span> <span class='ocrx_word' id='word_1_288' title='bbox 1220 2275 1450 2315; x_wconf 75' lang='lat' dir='ltr'>:materiam</span> <span class='ocrx_word' id='word_1_289' title='bbox 1463 2272 1669 2325; x_wconf 84' lang='lat' dir='ltr'>oblongus</span> <span class='ocrx_word' id='word_1_290' title='bbox 1678 2274 1719 2312; x_wconf 89' lang='lat' dir='ltr'>et</span> <span class='ocrx_word' id='word_1_291' title='bbox 1727 2269 1875 2312; x_wconf 86' lang='lat' dir='ltr'>Italici.</span> 
     </span>
    </p>

    <p class='ocr_par' dir='ltr' id='par_1_8' title="bbox 428 2341 1877 2995">
     <span class='ocr_line' id='line_1_32' title="bbox 529 2341 1874 2383; baseline -0.004 -1"><span class='ocrx_word' id='word_1_292' title='bbox 529 2341 624 2383; x_wconf 82' lang='lat'><strong>851.</strong></span> <span class='ocrx_word' id='word_1_293' title='bbox 655 2341 971 2382; x_wconf 77' lang='lat' dir='ltr'>INTERRUPTA</span> <span class='ocrx_word' id='word_1_294' title='bbox 992 2354 1142 2380; x_wconf 60' lang='lat' dir='ltr'>snm-«21.</span> <span class='ocrx_word' id='word_1_295' title='bbox 1164 2355 1258 2381; x_wconf 80' lang='lat' dir='ltr'>cUM</span> <span class='ocrx_word' id='word_1_296' title='bbox 1279 2354 1354 2380; x_wconf 74' lang='lat' dir='ltr'>sm·</span> <span class='ocrx_word' id='word_1_297' title='bbox 1375 2352 1623 2380; x_wconf 72' lang='grc' dir='ltr'><strong>ΒΕΡΕΝΤΙΑ</strong></span> <span class='ocrx_word' id='word_1_298' title='bbox 1643 2350 1846 2377; x_wconf 69' lang='lat' dir='ltr'>nosrms</span> <span class='ocrx_word' id='word_1_299' title='bbox 1864 2367 1874 2377; x_wconf 93' lang='lat'><strong>.</strong></span> 
     </span>
     <span class='ocr_line' id='line_1_33' title="bbox 429 2402 1875 2462; baseline -0.004 -13"><span class='ocrx_word' id='word_1_300' title='bbox 429 2408 493 2449; x_wconf 90' lang='lat' dir='ltr'>Ita</span> <span class='ocrx_word' id='word_1_301' title='bbox 523 2408 733 2462; x_wconf 88' lang='lat' dir='ltr'>oblongus</span> <span class='ocrx_word' id='word_1_302' title='bbox 763 2411 805 2449; x_wconf 90' lang='lat' dir='ltr'>et</span> <span class='ocrx_word' id='word_1_303' title='bbox 834 2407 933 2448; x_wconf 91' lang='lat' dir='ltr'>olim</span> <span class='ocrx_word' id='word_1_304' title='bbox 966 2407 1188 2461; x_wconf 76' lang='lat' dir='ltr'>impressi,</span> <span class='ocrx_word' id='word_1_305' title='bbox 1219 2406 1362 2459; x_wconf 88' lang='lat' dir='ltr'>itaque</span> <span class='ocrx_word' id='word_1_306' title='bbox 1391 2406 1598 2447; x_wconf 89' lang='lat' dir='ltr'>Antonius</span> <span class='ocrx_word' id='word_1_307' title='bbox 1618 2403 1739 2444; x_wconf 89' lang='lat' dir='ltr'>Marii</span> <span class='ocrx_word' id='word_1_308' title='bbox 1767 2402 1875 2444; x_wconf 90' lang='lat' dir='ltr'>filius</span> 
     </span>
     <span class='ocr_line' id='line_1_34' title="bbox 428 2470 1875 2528; baseline -0.005 -11"><span class='ocrx_word' id='word_1_309' title='bbox 428 2480 469 2518; x_wconf 91' lang='lat' dir='ltr'>et</span> <span class='ocrx_word' id='word_1_310' title='bbox 498 2475 729 2528; x_wconf 85' lang='lat' dir='ltr'>Marullus,</span> <span class='ocrx_word' id='word_1_311' title='bbox 761 2475 843 2516; x_wconf 91' lang='lat' dir='ltr'>nisi</span> <span class='ocrx_word' id='word_1_312' title='bbox 874 2473 987 2528; x_wconf 91' lang='lat' dir='ltr'>quod</span> <span class='ocrx_word' id='word_1_313' title='bbox 1017 2473 1272 2528; x_wconf 86' lang='lat' dir='ltr'>seripserunt</span> <span class='ocrx_word' id='word_1_314' title='bbox 1300 2482 1441 2514; x_wconf 76' lang='lat' dir='ltr'>nostra</span> <span class='ocrx_word' id='word_1_315' title='bbox 1462 2504 1471 2513; x_wconf 88' lang='lat'><strong>.</strong></span> <span class='ocrx_word' id='word_1_316' title='bbox 1502 2470 1733 2525; x_wconf 88' lang='lat' dir='ltr'>quadratus</span> <span class='ocrx_word' id='word_1_317' title='bbox 1762 2485 1875 2525; x_wconf 87' lang='lat' dir='ltr'>repe-</span> 
     </span>
     <span class='ocr_line' id='line_1_35' title="bbox 428 2535 1874 2592; baseline -0.005 -8"><span class='ocrx_word' id='word_1_318' title='bbox 428 2545 554 2585; x_wconf 76' lang='lat' dir='ltr'>tentia</span> <span class='ocrx_word' id='word_1_319' title='bbox 575 2573 584 2584; x_wconf 93' lang='lat'><strong>.</strong></span> <span class='ocrx_word' id='word_1_320' title='bbox 607 2541 815 2583; x_wconf 85' lang='lat' dir='ltr'>Avantius</span> <span class='ocrx_word' id='word_1_321' title='bbox 845 2541 1064 2582; x_wconf 75' lang='lat' dir='ltr'>retinentia</span> <span class='ocrx_word' id='word_1_322' title='bbox 1093 2541 1208 2582; x_wconf 80' lang='lat' dir='ltr'>nobis</span> <span class='ocrx_word' id='word_1_323' title='bbox 1231 2572 1239 2580; x_wconf 91' lang='lat'><strong>.</strong></span> <span class='ocrx_word' id='word_1_324' title='bbox 1262 2539 1350 2580; x_wconf 89' lang='lat' dir='ltr'>Ioh.</span> <span class='ocrx_word' id='word_1_325' title='bbox 1373 2539 1494 2592; x_wconf 83' lang='lat' dir='ltr'>Bapt.</span> <span class='ocrx_word' id='word_1_326' title='bbox 1516 2538 1615 2579; x_wconf 82' lang='lat' dir='ltr'>Pius</span> <span class='ocrx_word' id='word_1_327' title='bbox 1646 2535 1788 2591; x_wconf 78' lang='lat' dir='ltr'>‘prisci</span> <span class='ocrx_word' id='word_1_328' title='bbox 1808 2548 1874 2578; x_wconf 78' lang='lat' dir='ltr'>eo-</span> 
     </span>
     <span class='ocr_line' id='line_1_36' title="bbox 429 2603 1874 2661; baseline -0.006 -11"><span class='ocrx_word' id='word_1_329' title='bbox 429 2609 554 2651; x_wconf 86' lang='lat' dir='ltr'>diees&#39;</span> <span class='ocrx_word' id='word_1_330' title='bbox 587 2608 722 2661; x_wconf 88' lang='lat' dir='ltr'>inquit</span> <span class='ocrx_word' id='word_1_331' title='bbox 751 2606 920 2648; x_wconf 83' lang='lat' dir='ltr'>‘habent</span> <span class='ocrx_word' id='word_1_332' title='bbox 948 2608 1084 2648; x_wconf 77' lang='lat' dir='ltr'>nostri</span> <span class='ocrx_word' id='word_1_333' title='bbox 1097 2606 1117 2647; x_wconf 89' lang='lat'>.’</span> <span class='ocrx_word' id='word_1_334' title='bbox 1138 2606 1369 2648; x_wconf 84' lang='lat' dir='ltr'>rectissime</span> <span class='ocrx_word' id='word_1_335' title='bbox 1390 2609 1563 2658; x_wconf 85' lang='lat' dir='ltr'>egerunt</span> <span class='ocrx_word' id='word_1_336' title='bbox 1592 2603 1661 2657; x_wconf 92' lang='lat' dir='ltr'>qui</span> <span class='ocrx_word' id='word_1_337' title='bbox 1681 2603 1769 2656; x_wconf 86' lang='lat' dir='ltr'>ita,</span> <span class='ocrx_word' id='word_1_338' title='bbox 1790 2616 1874 2661; x_wconf 64' lang='lat' dir='ltr'>nr:-</span> 
     </span>
     <span class='ocr_line' id='line_1_37' title="bbox 429 2668 1875 2726; baseline -0.003 -11"><span class='ocrx_word' id='word_1_339' title='bbox 429 2688 661 2716; x_wconf 73' lang='lat' dir='ltr'>rmnN&#39;rxA</span> <span class='ocrx_word' id='word_1_340' title='bbox 690 2688 870 2715; x_wconf 67' lang='lat' dir='ltr'>nos‘rm</span> <span class='ocrx_word' id='word_1_341' title='bbox 901 2706 909 2714; x_wconf 92' lang='lat'><strong>.</strong></span> <span class='ocrx_word' id='word_1_342' title='bbox 938 2685 1034 2714; x_wconf 91' lang='lat' dir='ltr'>nam</span> <span class='ocrx_word' id='word_1_343' title='bbox 1065 2686 1142 2715; x_wconf 91' lang='lat' dir='ltr'>nec</span> <span class='ocrx_word' id='word_1_344' title='bbox 1170 2673 1388 2715; x_wconf 79' lang='lat' dir='ltr'>retinentia</span> <span class='ocrx_word' id='word_1_345' title='bbox 1417 2684 1495 2712; x_wconf 86' lang='lat' dir='ltr'>nec</span> <span class='ocrx_word' id='word_1_346' title='bbox 1522 2671 1744 2726; x_wconf 74' lang='lat' dir='ltr'>repetentia</span> <span class='ocrx_word' id='word_1_347' title='bbox 1774 2668 1875 2722; x_wconf 87' lang='lat' dir='ltr'>quid</span> 
     </span>
     <span class='ocr_line' id='line_1_38' title="bbox 428 2736 1875 2796; baseline -0.006 -12"><span class='ocrx_word' id='word_1_348' title='bbox 428 2743 482 2784; x_wconf 92' lang='lat' dir='ltr'>sit</span> <span class='ocrx_word' id='word_1_349' title='bbox 510 2741 699 2795; x_wconf 85' lang='lat' dir='ltr'>intellegi</span> <span class='ocrx_word' id='word_1_350' title='bbox 729 2743 893 2796; x_wconf 87' lang='lat' dir='ltr'>potest,</span> <span class='ocrx_word' id='word_1_351' title='bbox 923 2739 1004 2780; x_wconf 86' lang='lat' dir='ltr'>nisi</span> <span class='ocrx_word' id='word_1_352' title='bbox 1036 2738 1245 2781; x_wconf 86' lang='lat' dir='ltr'>adiciatur</span> <span class='ocrx_word' id='word_1_353' title='bbox 1275 2739 1391 2780; x_wconf 86' lang='lat' dir='ltr'>cuius</span> <span class='ocrx_word' id='word_1_354' title='bbox 1423 2737 1483 2780; x_wconf 87' lang='lat' dir='ltr'>rei</span> <span class='ocrx_word' id='word_1_355' title='bbox 1512 2738 1591 2779; x_wconf 88' lang='lat' dir='ltr'>sit.</span> <span class='ocrx_word' id='word_1_356' title='bbox 1613 2736 1875 2792; x_wconf 79' lang='lat' dir='ltr'>repetentiam</span> 
     </span>
     <span class='ocr_line' id='line_1_39' title="bbox 428 2803 1877 2864; baseline -0.006 -14"><span class='ocrx_word' id='word_1_357' title='bbox 428 2812 567 2850; x_wconf 90' lang='lat' dir='ltr'>autem</span> <span class='ocrx_word' id='word_1_358' title='bbox 578 2810 774 2864; x_wconf 76' lang='lat' dir='ltr'>priorum</span> <span class='ocrx_word' id='word_1_359' title='bbox 795 2806 1005 2849; x_wconf 90' lang='lat' dir='ltr'>Arnobius</span> <span class='ocrx_word' id='word_1_360' title='bbox 1027 2805 1134 2847; x_wconf 91' lang='lat' dir='ltr'>dixit</span> <span class='ocrx_word' id='word_1_361' title='bbox 1155 2838 1165 2860; x_wconf 99' lang='lat'>,</span> <span class='ocrx_word' id='word_1_362' title='bbox 1187 2805 1402 2848; x_wconf 84' lang='lat' dir='ltr'>Lucretius</span> <span class='ocrx_word' id='word_1_363' title='bbox 1432 2816 1561 2858; x_wconf 87' lang='lat' dir='ltr'>supra</span> <span class='ocrx_word' id='word_1_364' title='bbox 1580 2803 1662 2861; x_wconf 82' lang='grc'>675</span> <span class='ocrx_word' id='word_1_365' title='bbox 1691 2810 1877 2844; x_wconf 79' lang='lat' dir='ltr'>actarum</span> 
     </span>
     <span class='ocr_line' id='line_1_40' title="bbox 428 2867 1874 2926; baseline -0.006 -10"><span class='ocrx_word' id='word_1_366' title='bbox 428 2890 566 2916; x_wconf 83' lang='lat' dir='ltr'>rerum</span> <span class='ocrx_word' id='word_1_367' title='bbox 595 2875 856 2916; x_wconf 78' lang='lat' dir='ltr'>retinentiam</span> <span class='ocrx_word' id='word_1_368' title='bbox 877 2905 886 2914; x_wconf 94' lang='lat'><strong>.</strong></span> <span class='ocrx_word' id='word_1_369' title='bbox 908 2885 1085 2926; x_wconf 90' lang='lat' dir='ltr'>quarum</span> <span class='ocrx_word' id='word_1_370' title='bbox 1112 2871 1220 2914; x_wconf 87' lang='lat' dir='ltr'>hane</span> <span class='ocrx_word' id='word_1_371' title='bbox 1241 2872 1416 2913; x_wconf 90' lang='lat' dir='ltr'>alteram</span> <span class='ocrx_word' id='word_1_372' title='bbox 1436 2870 1559 2911; x_wconf 90' lang='lat' dir='ltr'>homo</span> <span class='ocrx_word' id='word_1_373' title='bbox 1581 2870 1703 2911; x_wconf 86' lang='lat' dir='ltr'>vivus</span> <span class='ocrx_word' id='word_1_374' title='bbox 1723 2867 1849 2910; x_wconf 89' lang='lat' dir='ltr'>habet</span> <span class='ocrx_word' id='word_1_375' title='bbox 1863 2898 1874 2920; x_wconf 97' lang='lat'>,</span> 
     </span>
     <span class='ocr_line' id='line_1_41' title="bbox 431 2933 1876 2995; baseline -0.006 -12"><span class='ocrx_word' id='word_1_376' title='bbox 431 2953 564 2995; x_wconf 89' lang='lat' dir='ltr'>eaque</span> <span class='ocrx_word' id='word_1_377' title='bbox 603 2944 741 2994; x_wconf 85' lang='lat' dir='ltr'>potest</span> <span class='ocrx_word' id='word_1_378' title='bbox 774 2952 858 2982; x_wconf 90' lang='lat' dir='ltr'>non</span> <span class='ocrx_word' id='word_1_379' title='bbox 899 2939 1024 2981; x_wconf 91' lang='lat' dir='ltr'>modo</span> <span class='ocrx_word' id='word_1_380' title='bbox 1061 2938 1194 2981; x_wconf 88' lang='lat' dir='ltr'>amitti</span> <span class='ocrx_word' id='word_1_381' title='bbox 1229 2942 1356 2992; x_wconf 87' lang='lat' dir='ltr'>atque</span> <span class='ocrx_word' id='word_1_382' title='bbox 1393 2936 1579 2979; x_wconf 78' lang='lat' dir='ltr'>excidere</span> <span class='ocrx_word' id='word_1_383' title='bbox 1599 2968 1610 2990; x_wconf 91' lang='lat'>,</span> <span class='ocrx_word' id='word_1_384' title='bbox 1637 2934 1714 2977; x_wconf 87' lang='lat' dir='ltr'>sed</span> <span class='ocrx_word' id='word_1_385' title='bbox 1752 2933 1876 2976; x_wconf 87' lang='lat' dir='ltr'>etiam</span> 
     </span>
    </p>
   </div>
  </div>
 </body>
</html>
