2040 3328
349 217 430 258 216
1042 217 1100 257 IV

348 342 390 382 p.
410 327 500 383 199,
518 329 571 370 33
603 328 716 378 Quae
752 328 877 382 quasi
907 328 1143 368 membrana
1164 357 1174 368 .
1205 331 1315 370 recte
1351 329 1555 371 Antonius
1592 330 1715 372 Marii
1751 336 1792 372 et

349 393 581 435 Brixiensis
611 393 738 435 editio
761 393 896 444 QUAE
926 394 1052 448 quasi
1077 394 1333 436 membranae
1358 427 1366 435 .
1395 395 1469 436 sed
1492 397 1693 439 Marullus
1723 397 1791 439 hic

349 460 505 502 eximia
532 460 659 502 laude
690 459 841 512 dignus
882 463 975 512 est,
1003 459 1072 513 qui
1108 460 1299 501 acumine
1333 474 1417 503 non
1455 463 1618 516 vulgari
1647 477 1791 506 verum

351 526 541 568 ordinem
571 538 766 567 versuum
787 525 1063 580 intellexerit;
1084 526 1198 579 quod
1228 526 1267 568 ei
1298 527 1341 568 in
1366 527 1444 569 hac
1474 542 1635 572 summa
1654 543 1790 572 rerum

349 593 661 647 perturbatione
679 586 803 646 ,cum
833 592 887 634 29
917 596 957 633 et
978 592 1032 635 30
1052 592 1179 634 iidem
1204 597 1342 635 essent
1361 597 1486 647 atque
1505 595 1559 638 49
1581 600 1622 638 et
1639 596 1715 651 50,
1737 597 1789 639 31

350 663 490 700 autem
522 663 562 700 et
582 659 636 700 32
656 658 881 700 maximam
909 658 1110 701 haberent
1137 659 1179 700 in
1208 661 1416 702 sententia
1435 673 1527 702 cum
1546 662 1598 704 51
1629 667 1671 705 et
1697 676 1791 718 pro-

350 726 474 766 ximis
505 725 844 779 similitudinem,
867 738 1002 779 neque
1031 726 1086 766 44
1115 739 1190 768 suo
1221 727 1312 768 loco
1342 727 1577 783 legeretur,
1599 733 1684 771 tam
1702 729 1793 772 feli-

351 792 451 834 citer
481 791 655 846 cedere,
678 791 759 834 nisi
790 792 973 834 animum
1003 793 1129 834 valde
1159 793 1434 847 attendisset,
1458 807 1540 835 non
1569 796 1729 849 potuit.

462 859 529 901 53.
562 859 713 902 coms
745 872 946 904 cUMQUn
978 873 1121 899 emar
1147 891 1157 901 .
1187 860 1419 902 Brixiensis
1455 860 1582 902 editio
1613 876 1792 918 cnunr,

350 926 604 968 Veronensis
640 926 769 967 eluet.
796 926 943 967 harum
979 930 1171 968 neutram
1206 926 1275 967 hic
1305 939 1331 967 a
1356 926 1534 968 Marullo
1565 928 1794 983 inspectam

351 1005 444 1034 esse
465 996 604 1047 patet,
629 992 698 1046 qui
721 991 819 1034 fecit
839 1002 988 1047 queat.-
1010 994 1216 1034 Antonius
1240 993 1504 1034 Florentinus
1530 995 1595 1035 tui
1610 1003 1646 1036 et
1661 1027 1670 1036 .
1691 995 1796 1038 cluet

351 1059 543 1100 omnibus
563 1059 712 1100 litteris
742 1059 868 1113 plane
895 1063 1113 1100 exaratum
1143 1058 1333 1101 homines
1354 1059 1617 1103 doctissimos
1638 1074 1796 1129 parum

351 1125 532 1167 advertit
560 1125 603 1166 in
634 1126 936 1180 epigrammate
965 1126 1239 1179 Ardeatium,
1262 1126 1375 1179 quod
1404 1127 1533 1168 refert
1562 1127 1723 1170 Plinius
1752 1129 1796 1170 in

350 1192 556 1234 naturalis
578 1191 777 1233 historiae
797 1204 924 1247 xxxv,
946 1194 1007 1246 10,
1025 1193 1076 1234 37
1096 1225 1105 1246 ,
1127 1194 1324 1248 seriptum
1345 1195 1528 1249 antiquis
1549 1194 1695 1236 litteris
1710 1195 1796 1236 La-

350 1260 448 1301 tinis
478 1259 656 1313 (scilicet
676 1263 795 1300 sexto
826 1271 853 1300 a
882 1259 1052 1300 condita
1080 1259 1182 1301 urbe
1203 1260 1335 1301 Roma
1364 1260 1580 1315 saeculo),
1607 1261 1692 1315 ita,
1714 1261 1795 1303 nisi

351 1326 503 1379 fallor,
525 1325 793 1367 scribendum
810 1357 819 1367 .
840 1327 996 1381 Diqnis
1017 1325 1145 1381 (liqna
1171 1327 1274 1368 loces
1291 1358 1299 1367 .
1317 1328 1495 1382 picturis
1515 1327 1797 1369 condecoravit

351 1394 536 1449 Reqinae
562 1393 731 1434 Iunoni'
760 1393 946 1448 supremi
970 1394 1149 1448 eoniuyi'
1180 1394 1370 1448 templum
1390 1394 1579 1435 Plautiu'
1610 1394 1768 1436 Mareu'
1783 1427 1794 1448 ,

351 1462 456 1502 eluet
485 1460 562 1515 qui
586 1460 694 1501 Asia
726 1461 811 1500 lata
845 1475 929 1501 esse
959 1459 1160 1501 oriundus
1175 1476 1189 1513 ,·
1214 1460 1341 1510 Quem
1370 1476 1477 1502 nune
1514 1469 1550 1502 et
1574 1469 1667 1515 post
1695 1476 1794 1502 sem-

341 1542 423 1582 per
453 1527 499 1567 ob
534 1534 663 1567 artem
693 1527 797 1567 liano
826 1525 971 1568 Ardea
1007 1526 1182 1568 laudat.
1212 1526 1315 1567 nihil
1355 1526 1397 1567 in
1427 1526 1491 1568 his
1525 1527 1684 1569 mutavi
1714 1527 1796 1568 nisi

351 1594 480 1646 loces,
502 1592 573 1634 ubi
603 1596 693 1634 erat
724 1593 808 1634 loco
823 1625 834 1646 ,
857 1596 897 1634 et
926 1594 1004 1648 qui
1025 1606 1280 1647 pronomen,
1303 1597 1348 1635 ut
1377 1594 1607 1636 orationem
1638 1598 1678 1636 et
1706 1607 1796 1636 ver-

350 1673 439 1702 sum
471 1659 686 1712 fulcirem,
709 1658 882 1709 addidi.

461 1726 528 1768 54.
560 1738 842 1766 MITTUNTUR
877 1740 923 1766 IN
962 1740 1115 1767 REBUS
1151 1740 1381 1769 Arnnr1s.
1410 1728 1616 1769 Antonius
1654 1731 1694 1770 et
1722 1727 1794 1768 im-

350 1794 485 1848 pressi
515 1806 757 1833 MITTUNT.
1436 1849 1439 1851 Β

463 1860 529 1902 62.
560 1873 746 1899 AUCTAS
765 1891 774 1900 .
798 1859 1036 1910 Quadratus
1057 1868 1196 1902 auctos
1214 1892 1222 1901 .
1245 1860 1416 1914 oblongi
1434 1861 1680 1916 scripturam
1701 1873 1795 1903 con—

350 1927 487 1969 firmat
521 1925 682 1968 Nonius
718 1940 758 1980 p.
777 1926 871 1980 231,
895 1926 947 1968 15
978 1930 1019 1967 et
1046 1926 1141 1981 458,
1168 1927 1248 1980 15,
1280 1927 1378 1969 item
1414 1928 1704 1983 Philargyrius
1740 1927 1796 1969 ad

350 1993 579 2048 georgicon
609 2007 669 2047 111,
685 1992 770 2034 444
786 2023 796 2034 .

463 2061 529 2104 63,
558 2073 683 2100 1)an
713 2074 890 2101 IMAGO.
914 2060 962 2101 In
993 2058 1199 2113 quadrato
1226 2061 1362 2115 prima
1389 2074 1538 2103 manus
1569 2061 1702 2104 fecitt
1729 2074 1796 2103 su-

350 2141 429 2184 pra
458 2127 603 2169 addito
633 2141 818 2181 neem,
840 2127 884 2168 in
915 2127 1099 2180 oblongo
1130 2130 1365 2169 corrector.

463 2195 530 2236 66.
562 2207 822 2234 mscmzms
839 2208 993 2234 NULLA
1013 2207 1255 2233 POTESTAS
1273 2226 1282 2235 .
1299 2195 1364 2236 Ita
1379 2194 1610 2248 quadratus
1629 2210 1638 2236 :
1655 2194 1797 2236 oblon-

350 2276 430 2317 gus
446 2274 737 2303 mscmmsrr
755 2292 764 2315 ,
787 2260 863 2301 sed
879 2269 915 2301 st
932 2260 974 2301 in
989 2261 1117 2302 litura
1133 2273 1159 2301 a
1175 2264 1406 2302 correctore
1423 2294 1432 2315 ,
1454 2261 1524 2314 qui
1542 2261 1653 2303 idem
1670 2261 1798 2303 erasit

351 2331 376 2371 h
394 2362 402 2370 .
419 2329 531 2370 infra
554 2328 632 2370 103
653 2327 874 2369 hiscendist
889 2331 1064 2381 uterque
1082 2359 1091 2380 ,
1113 2328 1138 2368 k
1159 2339 1279 2368 eraso
1301 2339 1327 2368 a
1343 2331 1575 2369 correctore
1596 2327 1768 2381 oblongi
1785 2360 1795 2369 .

462 2395 527 2437 68.
561 2407 741 2435 camme
780 2407 943 2435 EORUM
965 2425 974 2435 .
1007 2394 1206 2435 Marullus
1242 2407 1404 2434 EODEM
1426 2426 1435 2435 .
1472 2395 1647 2435 alterum
1690 2394 1796 2435 tueri

351 2462 600 2517 desipientis
622 2466 685 2503 est
702 2494 711 2502 .
733 2461 775 2502 in
796 2459 997 2516 proximis
1019 2460 1227 2514 oblongus
1248 2469 1283 2502 ec
1285 2461 1460 2515 forma,
1483 2460 1579 2501 olim
1602 2459 1796 2515 impressi

352 2539 388 2572 et
403 2530 601 2585 formae,
628 2529 801 2570 Isaacus
831 2527 1006 2570 Vossius
1037 2536 1072 2568 et
1088 2528 1284 2583 formai:
1305 2527 1348 2568 in
1377 2527 1581 2580 quadrato
1610 2531 1706 2582 post
1735 2535 1796 2580 et,

351 2600 448 2637 ante
466 2597 615 2651 forma
629 2629 640 2650 ,
664 2608 792 2651 supra
813 2595 1070 2649 adscriptum
1093 2598 1156 2636 est
1176 2610 1265 2636 cum
1280 2627 1291 2647 ,
1319 2598 1359 2636 et
1386 2593 1552 2648 quidem
1575 2594 1642 2637 vel
1661 2594 1798 2648 prima

351 2663 418 2705 vel
449 2662 742 2715 antiquissima
770 2674 898 2702 manu
915 2694 924 2705 .

464 2730 530 2771 70.
562 2742 757 2774 QUANTO
796 2742 944 2769 ans
982 2741 1276 2768 monpemm
1312 2730 1479 2770 PAUCA
1516 2741 1704 2774 Qummr
1739 2740 1796 2767 m·

353 2810 472 2836 SUNT
502 2809 652 2836 PRIMA
681 2809 868 2836 rnowrn
899 2809 1118 2836 LOCATA.
1141 2795 1207 2836 Ita
1236 2795 1443 2848 oblongus
1475 2799 1515 2837 et
1543 2793 1795 2837 Veronensis

350 2861 504 2904 editio:
533 2863 763 2904 Brixiensis
796 2864 940 2918 prima
974 2863 1043 2914 in,
1075 2861 1282 2903 Antonius
1311 2863 1456 2917 prima
1491 2862 1591 2903 sub.
1618 2859 1795 2914 quadra-

353 2933 419 2974 tus
450 2929 576 2971 habet
604 2932 649 2972 in
669 2934 768 2971 ante
784 2931 926 2988 prima
953 2929 1140 2971 additum
1163 2929 1479 2984 antiquissima,
1502 2928 1536 2969 si
1557 2941 1638 2969 non
1659 2927 1796 2983 prima
