2040 3328
903 213 970 255 III
1597 211 1678 256 201

313 327 408 372 958.
439 329 756 371 Iuram-neu:
802 342 935 370 11131.
967 327 1178 370 Antonius
1215 326 1341 370 Marii
1388 330 1430 369 et
1471 326 1679 369 Marullus

200 399 548 440 IMPERFECTA.

313 465 409 507 960.
440 478 650 506 mscmm
687 478 854 506 RERUM
879 495 888 506 .
918 463 1138 519 Oblongus
1174 464 1313 520 prima
1348 476 1478 506 manu
1514 463 1678 506 dicere.

199 532 295 576 Itali
326 533 594 588 etimpressi
624 546 931 575 nrscnnssnn.

312 601 409 644 962.
441 602 617 647 AEQuo
648 614 904 647 Aumooun
934 614 1176 643 AGENDUM
1210 615 1394 643 MAGNIS
1426 614 1678 643 concana:

198 683 477 711 nncussnsr
495 702 505 712 .
528 669 626 712 Itali
664 673 706 712 et
743 669 937 725 impressi
976 683 1209 711 Acunum.
1232 674 1320 712 tum
1350 670 1558 713 Marullus
1594 670 1681 711 iam

199 738 301 790 aliis
330 738 505 780 concede
522 770 531 780 .
554 737 701 780 debuit
731 738 861 793 paulo
882 738 1176 781 vehementius
1207 738 1319 794 dici,
1343 743 1385 781 et
1416 737 1593 794 propius
1624 736 1681 778 ad

198 806 391 859 litteras,
419 820 596 848 DIGNIS
634 805 833 849 concede.
862 806 1064 849 Horatius
1101 806 1301 850 Absumct
1338 807 1455 849 heres
1492 806 1682 848 Caecuba

199 874 370 933 diqm'or
386 907 396 917 .

261 955 264 958 ’
313 942 411 986 964.
443 942 571 986 Cum
601 955 749 984 unm.
772 942 870 985 Itali
902 946 944 985 et
972 941 1171 998 impressi
1202 942 1383 985 Gnmr.

313 1012 410 1055 966.
444 1012 548 1054 Nnc
595 1024 852 1058 QUISQUAM
902 997 950 1052 {N
1000 1025 1266 1053 BARATRUM
1314 1026 1406 1053 NEC
1452 1026 1681 1054 TARTARA

198 1094 423 1122 num-run
459 1094 612 1121 ATRA.
645 1079 891 1131 Quadratus
930 1079 1070 1134 dedit,
1099 1079 1290 1123 eiusdem
1321 1084 1533 1123 corrector
1573 1081 1682 1124 deci-

200 1148 289 1192 dit.
318 1149 399 1191 hoc
428 1152 598 1204 arrepto
630 1147 863 1191 Lambinus
895 1149 983 1191 Nec
1020 1149 1246 1205 quicquam
1283 1149 1465 1192 decidit.
1495 1150 1682 1206 Bernay-

199 1217 288 1260 sius
318 1231 359 1273 p.
374 1217 457 1260 547
490 1229 584 1259 cum
614 1218 657 1260 in
691 1216 972 1259 Leidensibus
1004 1217 1227 1272 quicquam
1259 1230 1354 1260 esse
1384 1217 1556 1273 scribit,
1578 1217 1682 1260 mihi

198 1284 366 1329 videtur
397 1284 518 1327 falli:
550 1289 662 1328 certe
693 1297 774 1339 ego
805 1285 854 1326 itr
886 1288 1068 1339 utroque
1106 1297 1172 1326 me
1211 1298 1296 1327 non
1334 1286 1567 1343 quidquam
1605 1285 1682 1329 sed

201 1354 426 1410 quisquam
458 1353 661 1409 scriptum
690 1353 849 1407 legisse
881 1353 1116 1395 annotavi.

313 1421 411 1465 978.
443 1422 620 1469 Ati-Qun
651 1435 712 1463 EA
742 1436 790 1462 m
822 1435 1007 1462 minum.
1034 1421 1102 1463 Ita
1132 1422 1434 1479 membranae,
1458 1424 1519 1466 ita
1550 1424 1682 1466 Anto-

198 1489 296 1532 nius
326 1489 478 1546 Marii,
501 1487 563 1532 ita
600 1489 716 1546 apud
753 1490 1019 1532 Priscianum
1054 1504 1095 1546 p.
1113 1490 1224 1546 554,
1253 1491 1323 1533 ubi
1362 1496 1404 1534 et
1438 1492 1517 1535 hoc
1554 1505 1683 1535 versu

198 1558 329 1600 utitur
350 1562 392 1601 et
421 1558 532 1614 984,
555 1572 704 1602 omnes
724 1558 893 1601 Krehlii
915 1558 1110 1602 codices.
1134 1563 1179 1601 at
1200 1558 1301 1601 olim
1324 1559 1523 1616 impressi
1544 1562 1683 1617 Atque

142 1637 150 1645 ·
197 1627 439 1670 animarum
470 1627 594 1669 ctiam
611 1660 623 1681 ,
646 1639 790 1670 errore
820 1626 1032 1682 mirabili,
1055 1640 1180 1683 quem
1212 1633 1424 1671 auxerunt
1453 1629 1682 1672 scribendo

197 1695 339 1752 Atqui
370 1695 577 1738 Marullus
616 1694 825 1738 Avantius
870 1695 1131 1750 Naugerius·
1159 1699 1200 1738 et
1239 1696 1283 1738 in
1321 1696 1544 1739 Prisciano
1587 1698 1683 1740 Put-

197 1763 342 1807 schius
360 1796 370 1805 .
394 1763 629 1806 Lambinus
660 1763 703 1805 id
736 1763 851 1819 quod
881 1777 1029 1807 verum
1059 1768 1125 1807 est
1154 1764 1364 1807 restituit:
1386 1765 1682 1808 Wakefieldus

197 1830 471 1874 Eichstadius
492 1832 702 1887 Forbiger
734 1831 836 1888 quid
869 1824 1112 1889 optaverint
1131 1833 1217 1875 iam
1249 1834 1355 1877 sciet
1384 1835 1456 1889 qui
1479 1846 1552 1877 eos
1585 1847 1682 1889 cog-

196 1900 337 1943 norit.

311 1968 408 2012 983.
438 1983 572 2015 Quum
593 1983 779 2016 emona
798 2004 807 2013 .
830 1969 902 2012 Sic
922 1969 1162 2024 oblongus,
1187 1969 1284 2012 Itali
1302 2003 1312 2026 ,
1336 1971 1439 2013 olim
1460 1971 1680 2027 impressi,

198 2036 410 2080 Marullus
430 2069 440 2080 .
462 2053 758 2094 quemcumque
779 2037 1041 2092 quadratus,
1065 2038 1208 2092 itaque
1230 2051 1282 2080 ex
1309 2039 1399 2081 suis
1421 2039 1681 2094 Lambinus;

198 2105 270 2160 qui
308 2105 425 2160 quod
460 2105 523 2147 ita
558 2106 645 2160 legi
684 2105 842 2149 debere
881 2106 984 2150 dicit
1022 2106 1211 2149 fallitur.
1233 2106 1347 2149 infra
1380 2108 1489 2150 1086
1520 2107 1682 2160 Quidve

184 2173 310 2230 ferat
338 2174 457 2216 nobis
486 2190 610 2216 casus
627 2206 638 2217 .
659 2174 851 2217 Lucilius
873 2174 988 2230 apud
1010 2175 1197 2218 Nonium
1226 2189 1266 2230 p.
1284 2175 1369 2218 425
1402 2176 1486 2219 Cui
1498 2175 1682 2232 parilem

183 2241 372 2297 fortuna
403 2241 536 2284 locum
553 2242 784 2300 fatumque
814 2243 910 2286 tulit
926 2244 1041 2300 fors.

310 2309 407 2353 985.
438 2309 543 2352 Nnc
566 2324 685 2357 Qum
708 2325 797 2353 sun
818 2325 988 2353 MAGNO
1009 2344 1019 2354 .
1048 2312 1114 2354 Ne
1135 2312 1275 2367 prima
1296 2325 1426 2354 manu
1447 2312 1678 2367 oblongus.

196 2391 328 2424 ouon
360 2378 566 2421 Marullus
585 2410 594 2420 .

309 2446 406 2489 987.
438 2461 712 2489 PROIECTU.
743 2447 870 2503 Apud
891 2448 1155 2491 Macrobium
1186 2447 1276 2491 Sat.
1295 2449 1396 2503 v1‚4
1419 2451 1652 2506 proiectum
1670 2481 1679 2490 .

310 2514 408 2557 988.
439 2529 608 2557 NOVEM
638 2530 898 2558 mspmzsm
928 2531 1115 2558 IUGERA
1144 2531 1367 2558 MEMBRIS
1400 2517 1679 2561 OPTINEAT.

196 2582 406 2638 Dispersa
433 2583 610 2639 Apsyrti
641 2585 711 2628 vel
743 2584 902 2641 Orphei
937 2586 1123 2628 membra
1161 2585 1217 2628 ad
1249 2586 1408 2641 Tityon
1438 2599 1524 2628 non
1554 2587 1681 2642 perti-

195 2652 323 2692 nent.
346 2654 459 2693 recte
486 2652 711 2695 Turnebus
742 2653 786 2695 in
817 2652 1080 2699 adversariis
1103 2668 1206 2706 xxn,
1228 2654 1279 2697 19
1310 2668 1595 2698 nrspnssoe.
1618 2655 1680 2697 sic

196 2717 296 2771 ille,
320 2730 481 2760 memor
512 2719 640 2762 Gellii
676 2735 745 2774 xv,
767 2721 846 2775 15,
868 2734 955 2764 non
991 2721 1231 2777 dispansis,
1254 2721 1369 2776 quod
1406 2722 1445 2763 ei
1475 2721 1681 2764 adscribit

195 2784 430 2827 Lambinus
448 2800 459 2840 3
481 2786 599 2829 cuius
631 2800 818 2830 errorem
836 2821 845 2844 ,
868 2789 924 2832 ab
946 2789 1245 2844 Havercampo
1269 2789 1427 2831 frustra
1447 2789 1677 2846 admoniti,

196 2853 362 2896 fortiter
398 2854 658 2908 repetierunt
694 2858 736 2898 et
765 2855 1059 2899 Wakefieldus
1096 2861 1138 2899 et
1167 2856 1399 2911 Forbiger.
1423 2857 1582 2901 habent
1618 2862 1678 2901 ta-

195 2935 293 2965 men
325 2921 527 2978 dzlspanse
556 2922 656 2965 libri
686 2923 731 2965 in
762 2937 789 2978 1,
807 2924 918 2979 306,
940 2924 1014 2966 ubi
1044 2924 1210 2966 Nonius
1241 2925 1463 2968 candenti.

309 2989 405 3033 992.
438 2989 535 3031 San
581 3004 754 3033 TYTIOS
797 3006 941 3034 NOBIS
985 3006 1068 3034 mc
1113 3007 1199 3036 Es.
1233 2992 1478 3045 Quadratus
1518 2995 1675 3037 Titios.
