2040 3328
909 249 970 292 VI
1596 249 1676 292 387

200 364 367 419 quitur,
394 363 592 418 Tempore
622 374 673 403 eo
695 378 776 418 quo
807 364 934 405 etesia
949 363 1096 418 flabra
1117 363 1362 419 aquilonum
1382 362 1545 405 Nubila
1573 364 1680 405 coni-

199 433 315 475 ciunt
343 433 390 473 iu
420 446 491 472 eas
521 433 622 472 tunc
651 431 794 472 omnia
819 431 960 486 partis
978 463 986 472 .
1010 444 1142 477 QUOD
1173 432 1301 474 etesia
1329 429 1536 473 Marullus
1555 463 1564 473 .

314 499 410 542 736.
442 513 490 539 IN
522 512 713 540 cAMPos
745 512 902 540 Annos
938 513 1198 540 DECEDERE
1238 513 1479 541 NINGUES.
1503 498 1680 542 Servius

199 568 256 612 ad
277 566 494 610 Aeneidos
525 581 581 619 1v,
599 566 684 609 250
712 580 868 608 ALBAS
899 567 1112 623 effundere
1140 569 1319 624 m'uques
1337 600 1345 609 .
1368 571 1482 610 recte
1509 567 1679 610 Lambi-

198 650 279 680 nus
309 649 660 677 DESCENDERE.

255 730 261 735 ·
314 704 410 747 740.
443 705 709 746 PRINCIPIO
747 717 879 749 Quor>
921 718 1115 745 AVERN·A
1162 718 1429 746 vocANTUR
1465 719 1677 760 somus,

198 788 247 815 ID
279 787 337 814 AB
369 787 427 813 RE
458 772 827 819 Inposmumsoe.
860 772 1084 815 Consentit
1121 785 1215 815 cum
1251 772 1375 815 libris
1406 774 1564 816 nostris
1594 775 1679 816 No-

199 843 294 884 nius
311 855 353 896 p.
369 841 434 895 14,
446 841 495 895 8,
512 840 584 882 ubi
602 840 732 882 estid
745 857 773 882 a
788 857 834 883 re
850 841 1098 896 Impositum
1115 850 1173 884 est
1191 873 1200 883 .
1223 840 1301 883 sed
1323 842 1428 883 mire
1445 841 1679 884 Gervasius

199 908 524 952 Tilleberiensis
556 907 723 962 Anglus
753 908 796 950 in
828 907 935 951 Otiis
967 909 1291 964 imperialibus,
1316 922 1428 964 quae
1459 923 1512 951 ex
1544 923 1678 964 regno

199 977 444 1020 Arelatensi
474 976 532 1018 ad
554 975 754 1019 Ottonem
786 980 985 1031 quartum
1007 978 1247 1032 Augustum
1268 978 1437 1032 scripsit
1463 979 1578 1020 circa
1607 991 1680 1020 an-

199 1060 300 1088 num
321 1046 428 1088 1211
447 1078 457 1100 ,
481 1045 526 1087 in
543 1045 747 1088 Leibnitii
765 1045 1044 1101 scriptoribus
1062 1079 1074 1101 ,
1095 1051 1208 1088 tomo
1226 1061 1242 1087 1
1262 1060 1304 1102 p.
1324 1047 1408 1089 966
1426 1079 1435 1101 ,
1458 1047 1681 1103 Principio

199 1115 314 1171 quod
331 1115 505 1157 Averna
523 1110 725 1156 vocantur
740 1147 751 1168 7
773 1130 920 1156 nomen
941 1115 1086 1157 aornis
1101 1115 1348 1171 Impositum
1370 1124 1453 1169 est,
1478 1116 1580 1172 quia
1602 1120 1678 1158 etc.

197 1182 339 1238 potuit
366 1181 448 1223 hoc
477 1181 532 1224 ab
573 1181 743 1224 homine
780 1195 868 1224 non
906 1183 1034 1224 nimis
1071 1182 1238 1225 erudito
1278 1182 1425 1236 effingi
1463 1197 1516 1226 ex
1552 1197 1680 1226 versu

199 1250 409 1293 Prisciani
430 1250 475 1292 in
495 1250 678 1304 Vergilii
701 1250 918 1293 Aeneidos
940 1250 1096 1293 librum
1118 1265 1173 1306 vl,
1192 1250 1276 1292 242
1305 1251 1424 1293 illato
1443 1260 1462 1305 ,⁷
1485 1251 1602 1294 Unde
1624 1252 1680 1294 Zo-

198 1335 292 1361 oum
307 1318 422 1361 Grai
438 1317 639 1361 dixerunt
659 1319 823 1362 nomine
839 1319 1013 1362 Aoruon
1031 1352 1040 1360 .
1063 1319 1139 1362 sed
1156 1319 1287 1362 multo
1305 1332 1410 1362 sane
1427 1319 1565 1373 magis
1586 1333 1681 1375 pro-

198 1387 339 1442 prium
359 1386 563 1442 loquendi
584 1400 720 1441 genus
742 1388 787 1429 in
809 1387 874 1429 his
895 1392 1102 1443 apparet,
1127 1404 1273 1430 nomen
1294 1387 1343 1430 id
1371 1389 1422 1430 ab
1449 1404 1495 1430 re
1517 1389 1680 1444 Inposi-

199 1464 344 1510 tumst,
363 1467 475 1511 quae
490 1454 703 1498 Antonius
722 1455 996 1498 Florentinus
1014 1459 1055 1498 et
1071 1456 1278 1498 Marullus
1296 1455 1533 1510 dederunt,
1552 1468 1680 1510 quam

199 1522 315 1578 quod
330 1523 431 1566 libri
447 1523 632 1578 habent,
657 1523 771 1581 quod
788 1525 952 1567 nomine
971 1525 1146 1567 Averna
1165 1533 1368 1566 vocantur
1384 1557 1394 1578 ,
1416 1524 1466 1566 id
1483 1524 1535 1566 ab
1551 1540 1598 1566 ‘re
1618 1525 1681 1566 in-

195 1593 444 1647 positumst.
466 1592 613 1646 itaque
633 1605 719 1635 non
741 1591 889 1636 dubito
917 1593 1020 1648 quin
1041 1596 1174 1648 poe'ta
1194 1592 1413 1648 scripserit
1433 1593 1655 1649 Principio
1670 1626 1681 1646 ,

200 1673 298 1704 Quo
329 1659 503 1723 Averna
531 1669 733 1703 vocantur
763 1662 954 1715 nomine,
976 1661 1026 1703 id
1053 1662 1105 1703 ab
1135 1677 1181 1703 re
1212 1661 1513 1717 Inposz'tumst.

315 1727 413 1770 743.
445 1729 664 1770 Rmnmo
711 1742 924 1771 οΒωΤΑΕ
954 1762 963 1771 .
1004 1729 1206 1772 Absurda
1255 1729 1472 1772 scribendi
1518 1729 1683 1771 ratione

199 1795 496 1839 Wakefieldus
516 1797 777 1854 Remzjqz‘om,
801 1811 926 1853 quem
958 1810 1086 1841 caeco
1118 1799 1279 1853 impetu
1305 1797 1514 1851 Forbiger
1544 1798 1684 1852 sequi-

199 1868 292 1920 tur,
313 1869 360 1907 ut
394 1877 523 1908 versu
559 1865 756 1921 proximo
795 1866 1111 1921 typographum
1151 1865 1390 1908 Eichstadii
1409 1898 1418 1919 ‚
1441 1865 1515 1908 ubi
1557 1866 1593 1908 is
1624 1866 1683 1907 fc-

201 1938 318 1976 cerat
337 1934 395 1976 Et
413 1931 582 1990 reqioue
600 1969 609 1977 .
632 1933 885 1989 prudentius
907 1934 973 1976 his
997 1933 1208 1976 Marullus
1230 1935 1420 1990 Remzjqiz'
1431 1966 1442 1988 ‚
1464 1933 1547 1976 nisi
1568 1933 1684 1987 quod

200 2013 255 2043 ne
285 2000 366 2043 boc
385 2001 558 2055 quidem
580 2002 642 2044 ita
662 2002 866 2058 scriptum
886 2002 1060 2058 probari
1090 2015 1220 2057 posse
1241 2002 1427 2045 vidimus
1449 2001 1505 2044 ad
1527 2002 1683 2044 librum

202 2082 241 2122 V,
263 2069 372 2112 1006
389 2101 400 2111 .
424 2069 533 2112 dixit
553 2070 774 2113 Lucretius
795 2072 981 2114 Rmnm
1009 2071 1159 2113 oblitae
1174 2103 1185 2124 7
1207 2074 1253 2112 ut
1273 2070 1436 2112 Ennius
1457 2069 1600 2126 Scipio
1620 2071 1683 2112 in-

200 2137 332 2191 victe,
354 2140 402 2179 ut
417 2138 634 2192 Vergilius
650 2135 826 2182 Insulae
843 2140 962 2182 Iom'o
980 2172 990 2194 ,
1012 2143 1058 2181 ut
1073 2138 1292 2182 Iuvenalis
1309 2139 1473 2180 Arborz'
1483 2138 1682 2180 incertae.

202 2204 383 2247 alterum
420 2204 546 2249 huius
584 2206 699 2249 modi
738 2207 856 2263 apud
892 2207 1134 2250 Lucretium
1180 2206 1423 2261 exemplum
1461 2205 1603 2249 medio
1642 2206 1685 2247 in

202 2286 330 2316 versu
360 2278 452 2329 est,
474 2275 624 2317 etesiae
654 2290 741 2317 esse
771 2289 826 2326 VI,
845 2276 955 2331 716,
978 2280 1025 2318 ut
1045 2274 1162 2331 apud
1185 2274 1398 2317 Catullum
1429 2275 1518 2317 Uno
1539 2275 1585 2316 in
1607 2275 1684 2316 lec·

202 2341 288 2384 tulo
309 2341 518 2385 erudituli
542 2343 660 2386 ambo
676 2359 691 2398 ,·
711 2343 789 2386 sed
821 2343 972 2386 eadem
1005 2343 1283 2397 condicione,
1306 2342 1387 2384 hoc
1418 2347 1482 2386 est
1513 2355 1564 2385 eo
1592 2343 1685 2386 loco

202 2410 276 2464 qui
306 2410 530 2453 elisionem
551 2424 638 2453 non
667 2411 877 2467 recipiat:
902 2425 1002 2454 nam
1028 2416 1199 2468 praeter
1229 2411 1336 2453 haec
1356 2411 1568 2454 vocabula
1588 2411 1686 2454 Cre-

201 2478 330 2520 ticum
360 2478 515 2534 pedem
552 2479 783 2522 efficientia
819 2484 983 2523 tantum
1021 2479 1148 2523 modo
1179 2480 1224 2522 in
1255 2479 1567 2534 monosyllabis
1597 2478 1686 2520 hia-

163 2579 179 2588 -
201 2549 290 2588 tum
312 2546 487 2590 admisit
507 2548 550 2590 in
580 2548 724 2592 media
753 2549 913 2605 dactyli
943 2548 1143 2604 syllaba3
1165 2548 1329 2591 Ennius
1361 2561 1463 2591 vero
1485 2547 1613 2590 etiam
1642 2547 1686 2587 in

203 2614 419 2669 disyllabo
437 2648 447 2670 ,
469 2618 582 2659 senis
597 2618 719 2660 Enni
734 2618 927 2674 imaqiui’
935 2617 1131 2672 formam
1145 2651 1156 2672 ,
1179 2617 1295 2672 quod
1312 2616 1451 2658 minus
1468 2616 1688 2670 eleganter

203 2682 385 2725 dixisset
399 2684 539 2726 Ennii
554 2686 756 2741 imaqim's
777 2689 852 2728 aut
867 2687 990 2728 Enni
1005 2687 1051 2728 in
1071 2687 1256 2741 imaqz'ue
1276 2685 1410 2738 longa
1430 2684 1569 2726 vocali
1592 2696 1687 2725 cum

203 2749 322 2793 brevi
351 2751 522 2805 syllaba
551 2752 819 2795 coalescente
837 2785 846 2794 .
871 2766 1000 2806 quam
1023 2754 1288 2795 collisionem
1312 2752 1486 2795 Plautus
1518 2763 1688 2806 quoque

203 2818 414 2860 interdum
452 2819 611 2860 hiando
650 2818 861 2862 declinat.
884 2820 930 2862 in
969 2821 1196 2863 Bacchisin
1226 2834 1254 2874 1,
1273 2820 1312 2871 2,
1330 2820 1385 2861 26
1415 2819 1577 2862 Ibidem
1615 2822 1688 2876 <590

202 2901 338 2928 meam
355 2902 524 2942 operam
535 2886 731 2942 perdidi,
748 2888 879 2929 ubz‘tu
895 2897 1009 2930 tuam
1021 2924 1029 2933 .
1047 2903 1091 2944 11,
1101 2889 1140 2943 3,
1152 2888 1205 2930 73
1223 2887 1412 2938 Quidue
1423 2886 1618 2930 sacerdos
1632 2895 1690 2929 est

204 2954 376 2996 Dz’a'nae
392 2948 613 3010 'Ephesiae
631 2986 639 2995 .
662 2968 718 3009 1V,
731 2955 834 3010 9,36
850 2955 952 2997 Post
967 2957 1045 2998 ubi
1056 2956 1231 2999 tabellas
1250 2955 1310 2996 ad
1323 2971 1459 2997 senem
1477 2956 1614 3009 tetuli,
1630 2955 1694 2997 ihi

202 3021 342 3064 occidi
356 3023 544 3065 Troilum
563 3055 571 3063 .
594 3036 632 3075 V,
653 3021 692 3077 2,
714 3022 766 3064 12
791 3022 922 3065 Viden
945 3024 1106 3067 {emulis
1124 3022 1294 3067 obsecro
1311 3032 1356 3065 ut
1376 3022 1625 3065 z'muentar?
1645 3021 1689 3063 in

1329 3090 1418 3133 25*
