2040 3328
918 239 956 281 V
1595 236 1679 281 333

197 355 441 410 Naugerius
478 354 596 397 rabie
626 353 831 396 distracta
865 354 1083 396 minantur
1099 383 1110 394 .
1138 356 1180 394 et
1216 365 1471 393 MINANTUR
1507 351 1680 407 quidem

195 424 290 468 sine
325 422 592 466 dubitatione
628 420 899 465 scribendum
940 424 1005 464 est
1023 454 1032 477 ,
1053 424 1099 463 ut
1135 419 1191 462 ad
1229 420 1338 463 ricta
1352 453 1363 475 ,
1386 419 1468 462 hoe
1502 424 1568 462 est
1603 433 1682 463 ora

196 492 288 536 sive
306 491 426 535 labia
455 502 634 546 eanum,
657 489 893 533 referatur:
913 489 992 532 sed
1023 502 1077 532 ea
1096 492 1144 531 ut
1174 487 1346 532 nudatis
1368 487 1567 532 dentibus
1595 488 1680 532 dis-

195 559 307 604 trahi
338 572 390 602 ae
420 558 678 614 distorqueri
714 562 894 614 possunt
924 557 1035 614 diei,
1057 558 1117 600 ita
1154 571 1241 600 non
1273 557 1412 599 minus
1448 557 1608 601 retrahi
1640 561 1682 601 et

196 628 397 683 restringi
415 642 426 683 3
447 631 493 670 ut
511 627 723 670 litterulas
745 627 918 682 elapsas
938 638 1142 669 revocare
1163 625 1293 669 liceat
1312 625 1400 679 ita,
1422 626 1540 669 rabie
1570 640 1681 667 nns-

197 711 378 740 'rmc'rA
407 697 625 739 minantur
642 728 652 739 .
674 696 791 750 quod
821 708 924 738 vero
946 694 1125 736 Plautus
1156 693 1297 737 dentes
1318 694 1526 751 rescrinyz'
1550 694 1680 750 dixit,

196 779 274 823 per
294 766 468 809 insitam
489 764 803 820 praepositioni
829 762 1152 818 ambiguitatem
1176 760 1358 805 efficitur
1377 776 1385 804 :
1410 763 1684 820 restrinqitur

198 835 311 878 enim
341 838 428 877 tam
460 832 576 888 quod
604 831 792 875 nudatur
822 844 952 887 quam
982 830 1099 886 quod
1130 830 1386 873 retrahitur.

315 903 439 947 1067.
472 902 542 944 Ar
573 914 794 943 cArunos
813 933 822 943 .
845 900 980 942 Immo
1003 899 1097 942 Er:
1120 899 1264 955 pergit
1295 899 1408 942 enim
1429 898 1584 942 iisdem
1616 913 1683 942 ea-

197 971 323 1015 nibus
352 970 462 1013 alios
492 973 619 1025 atque
649 969 759 1012 alios
789 981 943 1013 vocum
969 980 1099 1011 sonos
1131 967 1404 1011 adscribere.
1427 967 1555 1023 paulo
1587 973 1686 1023 post

197 1053 327 1085 versu
360 1038 470 1082 1083
500 1042 615 1081 reete
645 1038 851 1095 seriptum
882 1041 947 1081 est
975 1037 1032 1079 Et
1048 1069 1058 1079 .

316 1106 438 1151 1068.
470 1107 577 1149 Aur
626 1121 708 1149 um
751 1120 842 1149 Eos
887 1119 1112 1148 LAc'rANT
1158 1119 1368 1147 PEDIBUS
1413 1119 1684 1152 MORSUQUE

198 1189 453 1220 POTENTES
504 1174 778 1218 Suspensxs
835 1188 1058 1216 rsnnssos
1108 1187 1386 1215 mmmmm
1435 1189 1684 1217 nmwnnus

198 1259 422 1288 nAusrus
441 1279 450 1288 .
474 1242 699 1300 Oblongus
719 1245 982 1298 mittantur,
1007 1242 1242 1298 quadratus
1270 1251 1442 1285 austus.
1465 1243 1510 1286 in
1531 1244 1684 1286 ceteris

199 1314 357 1357 lactant
392 1317 434 1356 et
470 1329 612 1356 morsu
643 1321 829 1370 potentes
865 1313 1010 1368 inepte
1048 1315 1190 1354 tuetur
1225 1310 1520 1354 Wakefieldus
1540 1327 1549 1354 :
1571 1316 1685 1354 reete

198 1396 411 1425 mcum
442 1381 713 1436 Naugerius,
734 1397 960 1438 morsuque
990 1394 1243 1421 PETENTES
1274 1380 1373 1423 Itali
1404 1384 1446 1423 et
1475 1381 1578 1423 olim
1610 1381 1684 1422 im-

199 1451 337 1507 pressi
357 1483 365 1492 .
387 1451 432 1494 in
467 1463 595 1495 versu
638 1450 775 1492 altero
811 1453 926 1492 reete
956 1449 1173 1504 Tanaquil
1203 1449 1343 1492 Faber
1383 1449 1686 1492 animadvertit

200 1532 356 1577 canes,
381 1533 475 1563 cum
505 1531 552 1562 se
590 1519 754 1561 catulos
784 1518 892 1560 rictu
928 1517 1156 1561 hausturos
1186 1517 1378 1573 fingant,
1400 1530 1489 1560 non
1526 1526 1686 1560 teneros

199 1587 379 1631 haustus
401 1587 557 1630 imitari
575 1620 584 1643 ,
608 1586 684 1629 sed
706 1599 832 1629 veros
851 1601 860 1628 :
882 1591 1156 1643 nontamen,
1180 1586 1296 1642 quod
1318 1587 1392 1630 ille
1409 1586 1547 1630 voluit
1566 1602 1686 1629 veros

199 1657 374 1700 haustus
403 1655 675 1699 scribendum
706 1659 797 1710 est,
820 1654 898 1698 sed
919 1655 1146 1712 Suspensis
1177 1664 1337 1699 teneros
1366 1668 1686 1697 MINITANTUR

200 1723 395 1768 dentibus
425 1724 600 1766 haustus
617 1756 627 1767 .

318 1793 441 1836 1070.
473 1806 691 1834 GAnmru
721 1806 893 1834 vocrs.
917 1792 989 1836 Sic
1010 1792 1248 1849 quadratus
1270 1797 1311 1836 et
1331 1793 1499 1836 Nonius
1528 1806 1569 1848 p.
1586 1792 1685 1848 450,

201 1863 227 1906 9
246 1877 256 1904 :
277 1862 450 1904 cannitu
471 1861 684 1916 oblongus
701 1866 743 1904 et
763 1861 863 1903 olim
880 1862 1106 1918 impressi,
1129 1863 1273 1905 canm't
1287 1862 1454 1905 Nonius
1476 1876 1518 1917 p.
1540 1862 1604 1917 17,
1620 1862 1684 1903 10.

319 1930 440 1973 1071.
470 1944 780 1972 mesum-mus
824 1944 1088 1972 AUBANTUR
1110 1964 1119 1973 .
1152 1931 1320 1974 Nonius
1355 1945 1397 1986 p.
1415 1930 1483 1985 80,
1501 1930 1554 1972 31
1601 1944 1685 1971 DE-

202 2013 342 2040 sna'n
371 2012 701 2040 BAUBANTUR.
723 1998 838 2041 idem
868 2014 1008 2042 omnes
1037 2012 1115 2055 pro
1147 2008 1221 2042 aut
1251 2016 1370 2043 cum.

319 2067 442 2110 1072.
474 2067 760 2109 FLoRAnns
803 2082 1023 2110 ruamur
1045 2101 1054 2110 .
1089 2067 1312 2112 Correetor
1353 2067 1526 2122 oblongi
1563 2068 1687 2110 Pno-

201 2149 379 2178 ΒΑΜ-ιε
398 2169 407 2178 .

319 2204 442 2248 1076.
474 2205 540 2247 ΕΤ
570 2219 823 2247 FREMITUM
858 2220 1069 2248 PATULIS
1101 2221 1189 2249 sun
1229 2220 1444 2248 NARmth
1476 2221 1591 2247 1-:n1'r
1622 2221 1685 2248 AD

202 2288 363 2316 ARMA.
387 2273 478 2316 Hoe
497 2277 621 2329 turpe
642 2278 684 2316 et
714 2274 944 2318 obscenum
975 2274 1146 2318 dicendi
1168 2287 1305 2330 genus
1335 2276 1454 2330 (nam
1477 2275 1539 2318 ad
1566 2292 1688 2318 arma

202 2342 396 2396 intellegi
427 2341 556 2385 debet
585 2342 645 2384 ad
681 2343 896 2399 Venerem)
925 2344 1161 2398 Forbigero
1192 2343 1299 2386 nihil
1330 2343 1489 2387 habere
1520 2343 1689 2387 videtur

203 2411 360 2466 inquo
397 2410 610 2467 possimus
647 2411 899 2455 offendere.
931 2412 1140 2455 Marullus
1173 2417 1214 2456 et
1244 2411 1574 2469 Wakefieldus,
1607 2412 1689 2455 hoe

203 2492 332 2524 versu
351 2483 450 2535 post
465 2480 522 2522 Et
541 2496 633 2522 cum
653 2480 715 2523 sic
735 2481 848 2523 alias
869 2482 1082 2524 concussis
1103 2482 1278 2524 artubus
1299 2482 1437 2525 hinnit
1458 2482 1686 2536 collocatO,

205 2560 361 2603 equum
390 2548 436 2590 in
456 2547 616 2591 bellum
645 2562 852 2604 proruere
879 2550 1133 2605 gestientem
1165 2549 1289 2592 elatis
1319 2550 1497 2593 naribus
1526 2551 1688 2593 nullum

204 2615 340 2658 alium
368 2616 454 2658 nisi
484 2617 706 2670 vulgarem
727 2617 938 2660 hinnitum
968 2617 1098 2661 edere
1125 2617 1316 2661 faciunt.
1339 2623 1481 2661 tamne
1513 2618 1689 2661 difficile

206 2683 288 2726 fuit
315 2683 464 2727 videre
493 2683 563 2726 hie
598 2685 684 2727 tria
712 2686 904 2729 membra
939 2686 1144 2729 orationis
1181 2699 1277 2729 esse
1315 2687 1498 2743 debere,
1521 2691 1567 2730 ut
1606 2687 1691 2729 tria

206 2751 396 2795 hinnitus
440 2764 602 2806 genera
645 2752 988 2806 significarentur
1009 2754 1031 2795 ‘?
1062 2754 1292 2797 Creeehius
1343 2755 1386 2796 in
1431 2755 1690 2811 paraphrasi

206 2823 322 2863 recte
340 2820 408 2862 vel
425 2835 518 2862 cum
535 2851 545 2861 .
566 2819 732 2862 scilicet
751 2821 1024 2864 scribendum
1041 2826 1106 2864 est
1121 2822 1411 2878 Etfremz'tum
1422 2824 1591 2879 patulis
1608 2838 1691 2865 UBI

206 2878 383 2931 naribus
403 2887 488 2931 edic
503 2888 563 2931 ad
575 2904 698 2930 arma
715 2919 724 2929 .
747 2888 791 2930 in
811 2903 873 2944 111,
892 2890 974 2933 798
996 2889 1232 2945 quadratus
1248 2906 1401 2948 corpus
1416 2892 1491 2933 sub
1508 2892 1688 2947 interiit,

206 2969 285 3012 pro
316 2957 415 2999 ubi.

324 3025 446 3068 1077.
479 3039 748 3068 οοΝουεεῐε
780 3039 993 3068 AR'HBUS
1017 3060 1026 3070 .
1057 3027 1154 3069 Itali
1188 3032 1229 3070 et
1258 3028 1455 3084 impressi
1488 3029 1688 3085 artubus,
