2040 3328
445 217 526 258 368
1138 222 1194 262 VI

556 329 651 371 336.
683 343 775 369 CUM
807 345 1014 369 PLAGASI
1046 345 1225 371 Anum-A
1256 347 1406 374 vano.
1438 335 1526 376 Hoc
1556 342 1619 377 est
1653 353 1743 378 eum
1772 351 1885 377 PLA-

444 409 564 435 GAST
595 395 741 436 addita
755 429 766 448 ,
789 399 834 436 ut
853 409 977 437 versu
999 397 1079 438 246
1106 402 1147 439 et
1167 398 1248 439 262
1278 399 1483 452 oblongus
1503 402 1638 455 prima
1666 416 1791 444 manu
1808 420 1884 458 pa-

444 461 678 502 candumsz'.
700 462 901 516 impressi⁴
925 476 1070 505 omnes
1102 464 1267 506 soloeee
1297 480 1385 506 cum
1410 466 1542 522 playa
1571 469 1649 509 sit.

555 527 650 569 339.
679 543 851 569 PLAGIS
871 561 878 569 .
903 529 1023 583 Apud
1041 531 1223 573 Nonium
1241 546 1280 586 p.
1293 532 1388 585 482,
1403 531 1456 573 25
1471 533 1612 587 pyladis
1626 535 1694 576 vel
1707 537 1883 591 yladz‘zie.

553 594 647 635 344.
678 595 712 636 Ε
729 609 976 636 immonem
991 611 1151 638 Locum
1166 629 1175 639 .
1194 598 1434 652 Oblongus,
1455 599 1518 639 eui
1537 599 1681 642 deerat
1695 603 1884 656 Eprima

441 674 592 713 manu,
617 674 643 702 a
671 666 904 704 correctore
934 664 979 703 Ε
1001 677 1213 705 immons
1231 697 1240 705 .

551 727 645 769 346.
677 742 868 768 TRAHAT
898 743 1024 769 nnus
1044 763 1052 771 .
1075 730 1292 772 Correetor
1321 731 1492 784 oblongi
1521 746 1671 774 Anna.

551 794 646 836 347.
676 809 955 836 rncnnnnnr
999 810 1332 838 monum-Armi
1355 829 1364 839 .
1401 797 1618 851 Oblongus
1662 800 1883 843 ancedunt:

439 860 514 902 sed
544 865 655 902 reete
684 862 912 915 quadratus
933 863 1155 905 incendunt
1173 896 1182 904 .
1203 868 1314 905 reete
1340 865 1511 918 protulit
1531 866 1780 918 Vergiliana
1809 867 1884 909 illa

439 927 755 982 Wakefieldus,
778 930 902 970 Illam
932 930 1208 972 incendentem
1236 931 1368 972 luctus
1383 964 1393 984 ,
1419 932 1521 972 Tum
1545 931 1684 987 pudor
1704 933 1884 975 incendit

436 995 545 1035 vires
563 1026 571 1035 .
1600 1016 1603 1019 ⁴

549 1060 641 1102 349.
674 1074 1003 1103 FonAMmrssus
1034 1077 1252 1109 LIQUIDIS
1283 1078 1398 1109 Qum
1430 1077 1698 1105 TRANSVIAT
1726 1079 1879 1109 mins.
1908 1054 1912 1058 ⁵

436 1126 610 1168 Infimae
646 1128 796 1169 aetatis
838 1130 1045 1171 voeabula
1079 1133 1176 1171 sunt
1211 1130 1374 1172 obviare
1412 1135 1453 1172 et
1487 1130 1652 1173 deviare
1671 1164 1682 1184 ,
1713 1131 1791 1173 hoo
1820 1137 1883 1174 est

437 1193 640 1235 obsistere
671 1197 712 1235 et
741 1194 794 1236 de
824 1195 896 1236 via
926 1195 1170 1250 deflectere,
1194 1196 1425 1250 eodemque
1454 1196 1579 1238 modo
1610 1198 1705 1239 Itali
1737 1197 1882 1240 dicunt

436 1261 599 1300 ovvz'are
613 1292 624 1312 7
651 1260 695 1300 id
734 1265 797 1302 est
831 1262 1078 1316 prohibere,
1105 1263 1266 1304 inviare
1302 1267 1342 1304 et
1379 1264 1546 1304 avvz'are
1560 1297 1571 1316 ,
1598 1263 1789 1318 mittere,
1817 1264 1879 1306 di-

434 1327 552 1367 vz'are
582 1327 718 1369 svz'are
747 1330 952 1370 trasvz'are
987 1331 1168 1371 travz'are
1202 1329 1245 1369 in
1283 1329 1515 1371 abducendi
1551 1331 1620 1372 vel
1655 1330 1878 1372 aberrandi

435 1392 769 1445 significatione.
793 1394 855 1435 his
885 1395 1015 1435 multo
1045 1395 1191 1449 peiora
1216 1400 1312 1437 sunt
1341 1408 1449 1449 quae
1470 1396 1612 1438 Solino
1643 1400 1685 1438 et
1706 1397 1879 1440 Ambro-

434 1459 498 1500 sio
520 1459 815 1501 adscribuntur
835 1461 995 1502 invz'are
1016 1466 1057 1502 et
1067 1463 1292 1517 praeviare
1307 1495 1318 1516 ‚
1341 1462 1492 1516 quibus
1513 1463 1616 1505 nihil
1636 1463 1780 1506 subest
1798 1464 1879 1506 nisi

432 1526 540 1566 inire
562 1530 603 1567 et
622 1527 814 1580 praeire.
835 1531 962 1580 atque
993 1541 1044 1569 ex
1075 1527 1153 1570 hoc
1173 1529 1317 1582 peiore
1348 1541 1502 1582 genere
1532 1533 1595 1571 est
1622 1531 1877 1583 transviare,

433 1591 546 1644 quod
578 1591 842 1634 Wakefieldo
880 1593 1110 1635 dilucidum
1148 1595 1314 1636 videtur
1344 1608 1394 1637 ae
1423 1596 1577 1638 vetusti
1606 1597 1732 1638 moris
1749 1628 1758 1637 .
1779 1597 1878 1638 For-

432 1657 581 1712 biger,
603 1659 723 1711 quasi
759 1672 986 1714 magnum,
1008 1662 1160 1702 traviat
1195 1660 1352 1715 edidit,
1375 1675 1503 1704 causa
1538 1662 1685 1704 addita
1717 1667 1763 1704 ut
1796 1663 1878 1704 sibi

432 1729 670 1767 constaret:
693 1725 850 1768 seilicet
879 1727 923 1768 in
952 1741 979 1780 1,
996 1727 1077 1768 355
1107 1727 1283 1769 dederat
1306 1729 1612 1770 Transvolitant
1626 1762 1637 1782 ,
1659 1730 1702 1770 in
1724 1743 1778 1781 1v,
1793 1728 1876 1770 559

433 1795 473 1832 et
493 1791 575 1833 602
605 1793 808 1834 travolat.
829 1806 914 1834 non
944 1792 1087 1835 dubito
1119 1794 1220 1847 quin
1250 1807 1395 1836 verum
1424 1795 1579 1836 viderit
1608 1795 1876 1849 Naugerius,

432 1859 501 1912 qui
533 1859 701 1913 scripsit
730 1873 1073 1900 TRAnsvonn‘r.

543 1925 639 1967 350.
670 1925 943 1972 MULTAQUE
977 1941 1206 1967 PERFIGIT
1225 1957 1235 1967 .
1267 1926 1504 1977 Quadratus
1537 1929 1763 1984 perfrdqit.
1790 1941 1878 1970 eor-

431 1996 567 2034 reetor
588 1993 761 2046 oblongi
776 1994 983 2049 perfreqit
1011 1998 1051 2035 et
1071 2007 1195 2035 versu
1215 1995 1404 2048 proximo
1434 1995 1657 2037 inciderint
1675 2027 1684 2035 .
1707 1994 1878 2036 firmiter

431 2058 657 2101 tenendum
676 2063 739 2101 est
754 2060 946 2115 perfiqit,
969 2060 1081 2113 quod
1104 2064 1144 2102 et
1168 2060 1229 2102 rei
1251 2061 1506 2103 conveniens
1529 2065 1590 2103 est
1610 2062 1725 2115 (nam
1747 2061 1874 2103 modo

430 2125 583 2167 dietum
614 2130 704 2167 erat
734 2125 887 2167 multas
908 2139 974 2168 res
1005 2126 1162 2168 fulmen
1188 2126 1422 2181 pervadere
1451 2123 1710 2169 incolumes:
1730 2140 1876 2170 secun—

429 2197 495 2233 tur
515 2193 626 2234 aliae
655 2183 761 2246 quas
782 2192 994 2247 perfigit),
1016 2206 1155 2247 neque
1175 2193 1296 2235 huius
1317 2193 1435 2236 verbi
1464 2194 1727 2248 participium
1748 2195 1875 2235 alium

429 2263 641 2301 auctorem
662 2259 790 2300 habet
819 2271 946 2312 quam
966 2260 1228 2313 Lucretium,
1251 2261 1322 2314 qui
1353 2273 1401 2301 eo
1430 2263 1470 2302 et
1500 2261 1600 2302 alibi
1622 2273 1721 2302 usus
1752 2264 1815 2301 est
1835 2263 1876 2301 et

430 2326 578 2367 iterum
610 2326 664 2368 de
683 2325 858 2367 fulmine
887 2338 1012 2367 versu
1033 2326 1114 2368 392
1143 2327 1219 2368 icti
1230 2327 1429 2381 flammas
1459 2335 1503 2368 ut
1519 2327 1718 2383 fulqurz‘s
1739 2327 1876 2368 halent

429 2393 597 2435 Pectore
609 2392 773 2448 perfioeo
786 2423 795 2432 .
811 2391 871 2432 ita
882 2392 1155 2447 perstridere,
1173 2393 1284 2446 quod
1301 2393 1560 2435 Foreellinus
1577 2393 1872 2447 praetermisit,
1944 2409 1947 2412 ¹

428 2473 536 2500 unus
552 2459 678 2501 habet
694 2458 968 2500 Germanicus
985 2458 1027 2499 in
1043 2459 1323 2512 prognosticis
1340 2490 1350 2512 ,
1372 2473 1399 2512 1,
1418 2459 1443 2500 6
1464 2460 1521 2500 At
1536 2459 1713 2514 yeminis
1733 2459 1874 2500 leviter

420 2526 685 2581 perstridant
714 2525 883 2566 caerula
911 2525 1046 2566 venti.

539 2592 634 2634 356.
664 2605 721 2632 ET
750 2604 917 2631 vmch
946 2605 1231 2633 RELAxANr.
1269 2593 1384 2634 Viez'a
1413 2591 1670 2645 quadratus.
1694 2605 1873 2632 vlncLA

428 2662 638 2700 corrector
668 2658 839 2711 oblongi
874 2689 882 2699 .

541 2725 636 2767 357.
667 2738 861 2765 s‘rnnms
890 2738 1225 2766 FULGENTmus
1255 2739 1377 2767 ALTA
1396 2757 1404 2766 .
1426 2725 1558 2766 Apu
1579 2724 1798 2767 Turnebus
1828 2725 1872 2765 in

427 2792 686 2834 adversariis
715 2805 829 2845 xx1x,
848 2792 899 2833 6.

539 2859 632 2899 359.
663 2871 892 2898 TEMPORA
923 2872 1084 2901 smus.
1107 2860 1200 2900 Itali
1232 2873 1283 2899 sn
1314 2873 1482 2900 vmus.
