2040 3328
944 217 987 260 II
1653 223 1707 266 85

343 331 436 374 168.
467 345 602 372 mmm
634 345 743 372 snm
775 345 961 372 nummu
991 346 1146 373 mmm
1168 364 1178 374 .
1212 333 1392 376 Prorsus
1424 336 1594 389 egregie
1621 336 1708 378 Ma-

225 401 359 445 rullus
389 413 590 441 RENTUR
614 431 622 441 .
655 400 700 442 in
740 400 892 443 ceteris
924 400 1170 455 Naugerius
1200 401 1307 444 nihil
1337 403 1580 446 novandum
1613 417 1707 448 esse

223 469 359 523 vidit,
391 468 476 511 nisi
508 468 623 523 quod
653 469 824 524 scripsit
852 485 901 511 ae
923 469 1160 512 moderate:
1194 470 1439 514 Gronovius
1460 485 1549 515 rem
1570 472 1707 516 absol-

222 538 285 582 vit
320 537 548 580 scribendo
591 538 858 581 admoderate
898 537 1132 580 secundum
1170 542 1359 582 veterum
1399 540 1707 596 exemplarium

221 606 375 662 fidem,
398 606 442 648 in
474 605 823 649 observationum
853 606 962 648 libro
993 621 1054 661 111,
1077 607 1102 650 6
1124 620 1165 662 p.
1182 596 1267 650 462
1290 639 1298 649 .
1321 607 1386 650 his
1409 608 1705 652 Wakefieldus

221 675 316 719 sine
345 675 505 718 iudicio
535 679 748 730 repugnat
773 707 781 717 .

338 743 431 787 181.
466 744 719 786 NATURAM
747 757 923 798 MUNDI,
958 757 1238 791 QUAMQUAM
1268 759 1488 786 Pssnm‘rA
1520 749 1703 790 CULP'A.

221 813 444 866 Oblongus
466 825 492 855 a
514 815 752 855 correctore
774 828 1017 869 quanquam
1033 845 1044 866 ,
1067 812 1182 855 idem
1198 813 1335 868 prima
1358 826 1487 856 manu
1507 815 1675 857 reddita
1693 849 1702 857 .

221 882 268 924 in
287 881 397 924 libro
420 895 458 935 v,
485 881 564 924 199
587 894 746 921 TANTA
768 894 787 920 s
801 894 892 921 ΤΑΤ
904 880 1111 938 praedita
1131 881 1257 937 culpa
1273 898 1288 936 ,-
1309 881 1424 936 quod
1446 895 1703 938 quamquam

219 949 438 994 Lucretius
470 948 552 992 hoc
580 949 675 992 loco
707 948 891 992 fortasse
923 950 1052 1005 paulo
1076 949 1200 992 aliter
1231 955 1478 1005 conceptum
1511 951 1700 1007 scripsit,

147 1019 150 1022 ’
218 1032 343 1075 quem
375 1016 606 1060 admodum
636 1017 704 1060 hic
735 1028 917 1061 creatam
938 1019 1123 1073 legitur,
1158 1018 1200 1060 in
1229 1018 1376 1072 quinto
1392 1028 1592 1075 paratam
1608 1053 1619 1074 ,
1643 1024 1703 1062 ta-

218 1100 316 1130 men
338 1085 619 1129 dubitandum
642 1099 729 1128 non
752 1090 816 1129 est
837 1086 940 1142 quin
958 1120 968 1137 ‚
1001 1086 1038 1129 si
1069 1099 1176 1142 opus
1208 1086 1301 1142 ipse
1322 1086 1555 1142 edidisset,
1587 1087 1700 1130 idem

217 1155 445 1210 utrobique
477 1158 642 1196 extaret
665 1188 673 1196 .
696 1155 842 1211 itaque
874 1155 997 1198 vanis
1031 1154 1284 1197 coniecturis
1307 1155 1476 1197 omissis
1506 1168 1559 1198 ex
1589 1156 1699 1198 libro

217 1224 368 1280 quinto
401 1223 608 1279 optimam
630 1223 884 1279 scripturam
905 1223 988 1266 huo
1008 1223 1274 1279 referamus,
1307 1224 1350 1266 in
1382 1237 1468 1279 qua
1498 1233 1610 1267 stare
1641 1225 1700 1267 ita

215 1292 402 1349 positum
425 1296 556 1334 estut
577 1291 618 1333 in
641 1292 751 1334 libro
773 1307 830 1348 vi,
856 1292 964 1335 1058
980 1325 991 1347 ,
1022 1293 1215 1336 Pondere
1246 1294 1353 1335 enim
1379 1293 1516 1347 fretae
1534 1294 1698 1349 partim

214 1371 327 1404 stant
355 1394 366 1416 ‚
388 1361 489 1404 item
511 1361 555 1403 in
576 1375 603 1415 1,
625 1360 710 1404 564
740 1361 796 1402 Et
811 1361 944 1417 fim'ta
965 1361 1094 1403 simul
1109 1362 1342 1418 qeneratz'm
1363 1370 1547 1417 tempora
1577 1361 1699 1404 rebus

214 1430 338 1475 Stare
352 1463 364 1486 ,
386 1429 624 1485 eodemque
645 1428 774 1472 modo
796 1428 839 1470 in
862 1427 928 1471 his
951 1429 1155 1472 Varronis
1173 1430 1369 1473 versibus
1387 1463 1396 1485 ,
1426 1429 1603 1486 denique
1624 1431 1703 1486 qui

214 1501 270 1542 sit
289 1515 447 1542 avarus
468 1498 636 1542 Sanus?
656 1499 730 1540 cui
745 1499 788 1540 si
804 1507 880 1540 stet
900 1499 1036 1540 terrai
1053 1497 1234 1540 traditas
1255 1500 1367 1542 orbis
1381 1533 1392 1554 ,
1414 1500 1617 1543 Furamdo
1638 1509 1696 1543 ta-

214 1584 306 1611 men
322 1600 333 1622 ,
365 1583 392 1609 a
411 1568 551 1610 morbo
571 1566 820 1609 stimulatus·
833 1566 970 1609 eodem
987 1600 998 1621 ,
1025 1567 1097 1609 Ea·
1117 1583 1204 1610 sese
1225 1569 1314 1625 ipse
1335 1567 1504 1624 aliquid
1523 1578 1699 1625 quaerat

215 1645 414 1694 coyatque
428 1636 579 1692 peculi
594 1635 696 1695 ..qui
717 1648 868 1678 versus
890 1635 1004 1690 apud
1026 1635 1213 1678 Nonium
1234 1650 1275 1691 p.
1294 1636 1389 1690 392,
1413 1639 1438 1680 4
1461 1641 1502 1679 et
1523 1637 1618 1692 264,
1642 1637 1694 1679 21

215 1705 358 1748 minus
387 1708 501 1747 recte
529 1703 676 1759 scripti
706 1703 906 1758 leguntur
934 1704 1020 1759 sic,
1055 1704 1232 1760 denique
1254 1706 1350 1761 quis
1370 1721 1499 1747 sanus
1521 1715 1579 1748 est
1599 1722 1696 1748 ava-

213 1774 324 1817 rus?
353 1775 427 1816 cui
452 1774 495 1815 si
520 1781 596 1815 stet
626 1781 740 1814 terra
770 1771 819 1814 id
847 1772 1029 1815 traditus
1060 1773 1172 1815 orbis
1194 1797 1247 1802 —
1269 1790 1318 1815 ac
1348 1775 1486 1816 morbo
1517 1778 1596 1816 etc.

331 1841 426 1886 184.
467 1855 514 1882 IN
545 1855 625 1882 nis
658 1854 861 1887 QUOQUE
892 1855 1041 1882 ILLUD
1072 1841 1464 1883 annus.-Illudin
1487 1841 1694 1896 quadrato

215 1923 386 1953 erasum
407 1925 415 1952 :
438 1923 588 1952 1LLuD
611 1924 674 1956 Qu
687 1923 818 1956 OQUE
838 1909 936 1952 Itali
956 1942 964 1950 .
987 1923 1086 1951 mox
1106 1926 1244 1952 meare
1261 1909 1495 1964 quadratus
1517 1913 1558 1952 et
1578 1910 1695 1953 sche-

215 1978 328 2034 dae,
351 1979 489 2020 meari
507 1978 720 2031 oblongus
753 1982 794 2020 et
824 1978 925 2020 olim
954 1978 1152 2032 impressi
1175 2010 1185 2020 .
1209 1977 1364 2019 deinde
1381 1978 1562 2034 frudem
1592 1991 1694 2033 qua-

217 2046 395 2089 dratus:
424 2047 486 2088 ita
503 2046 644 2103 frudi
667 2046 711 2087 in
741 2059 797 2101 vr,
824 2046 903 2088 186
935 2045 1050 2087 idem
1081 2049 1122 2087 et
1152 2045 1394 2100 oblongus.

330 2115 424 2158 192.
457 2128 604 2155 SIGNA
635 2127 931 2160 TRABESQUE
953 2146 963 2155 .
988 2113 1209 2157 Corrector
1240 2114 1417 2170 oblongi
1453 2129 1634 2156 Tronis.

331 2183 423 2228 193.
457 2197 648 2224 FACERE
680 2198 728 2223 ID
761 2197 868 2224 snm
898 2196 955 2222 vr
986 2196 1236 2224 sUBchA
1272 2198 1541 2226 PUTANDUM
1576 2198 1692 2226 EST.

213 2252 402 2308 Egregie
422 2251 656 2294 Lambinus
686 2253 776 2294 sine
807 2252 854 2293 vi
880 2265 1181 2306 sume-zum,
1215 2251 1414 2307 adiutus,
1445 2256 1490 2294 ut
1519 2253 1691 2308 scribit,

212 2321 267 2364 ab
287 2334 371 2363 uno
394 2320 501 2362 libro
523 2332 651 2362 manu
672 2319 831 2375 scripto
850 2352 859 2362 .
877 2319 1009 2362 nihilo
1031 2321 1170 2362 minus
1191 2320 1293 2362 mihi
1315 2321 1453 2374 magis
1474 2322 1691 2377 proprium

211 2389 350 2433 videri
371 2389 479 2431 solet
509 2390 599 2431 sine
629 2389 881 2431 subz'ectante
900 2420 908 2430 .
934 2402 986 2430 ea
1010 2403 1121 2443 quae
1142 2393 1382 2431 cremantur
1403 2390 1539 2445 {quem
1556 2391 1692 2432 iacere

211 2457 315 2500 dicit
335 2461 377 2500 et
397 2458 650 2499 summittere
672 2458 809 2500 lumen
830 2470 959 2500 versu
980 2457 1065 2500 674
1082 2490 1091 2498 .
1109 2457 1152 2499 in
1174 2470 1230 2512 VI,
1255 2458 1338 2501 700
1359 2458 1689 2514 eoetollereflam-

211 2542 321 2568 mam
351 2526 554 2582 Saoeaque
583 2526 815 2569 subiectare
833 2559 842 2568 .

328 2594 422 2636 194.
463 2593 607 2644 Quon
649 2607 813 2635 GENUS
845 2609 869 2635 E
901 2608 1095 2636 Nosrno
1128 2608 1223 2636 com
1254 2607 1426 2635 stsus
1459 2606 1689 2634 CORPORE

213 2675 424 2702 sAncms
447 2662 672 2703 Emcm.
696 2661 938 2712 Quadratus
970 2679 1062 2704 cum
1091 2663 1245 2705 missus
1267 2694 1276 2704 .
1298 2661 1374 2703 sed
1406 2664 1480 2702 aut
1510 2677 1601 2702 cum
1632 2669 1692 2703 est

211 2731 365 2772 missus
395 2729 665 2772 scribendum
702 2734 792 2785 est,
823 2735 897 2772 aut
927 2731 1067 2786 potius
1097 2731 1214 2783 (uam
1243 2729 1349 2772 illud
1382 2728 1564 2770 debebat
1595 2741 1690 2771 esse

212 2814 303 2840 cum
324 2797 524 2851 mittitur)
544 2798 666 2849 Quod
681 2814 814 2853 qenus
835 2812 860 2838 E
874 2813 924 2839 ετ
942 2832 951 2853 ,
975 2807 1113 2846 nostro
1129 2800 1215 2840 com
1231 2798 1385 2839 missus
1402 2812 1572 2852 corpore
1593 2799 1688 2838 sanss

208 2866 307 2922 ,quis
329 2865 522 2907 Emicat.
554 2865 614 2907 ita
634 2865 677 2906 in
700 2865 807 2907 libro
830 2880 890 2921 111,
908 2867 984 2908 221
1013 2861 1137 2917 Quod
1150 2881 1282 2920 ‚qenus
1303 2873 1387 2918 est,
1410 2864 1576 2905 Bacchi
1597 2879 1689 2905 cum

197 2934 284 2990 flos
305 2934 474 2976 evanuit
491 2965 501 2986 ,
526 2937 567 2974 et
587 2933 669 2976 597
702 2933 824 2984 Quod
839 2950 971 2990 yenus
994 2942 1052 2976 est
1073 2965 1080 2973 .
1110 2934 1249 2974 animo
1275 2932 1384 2974 male
1399 2932 1565 2988 factum
1596 2947 1689 2973 cum

206 3002 476 3059 perhibetur.
509 3013 649 3056 neque
680 3002 790 3044 enim
815 3001 1016 3055 intellego
1038 3000 1251 3055 quomodo
1277 3000 1415 3056 possit
1445 3004 1518 3042 aut
1548 3000 1591 3042 in
1622 2999 1688 3041 his
