2040 3328
921 239 959 281 V
1596 237 1678 281 297

197 371 283 401 non
299 356 427 400 modo
448 353 564 410 quod
585 356 780 408 quartum
804 366 949 397 casum
971 353 1227 396 constructio
1248 353 1436 408 respuit,
1459 355 1504 394 ut
1520 351 1681 394 Wake-

197 426 350 470 fieldus
381 423 485 467 dicit
512 422 648 478 (certe
678 422 755 464 alii
784 422 1014 465 iunxerunt
1044 421 1214 476 tertio),
1244 420 1322 464 sed
1358 420 1462 476 quia
1492 429 1551 463 est
1585 433 1681 462 cum

196 493 407 537 infinitivo
438 505 516 548 pro
549 492 642 534 licet
670 503 756 532 non
786 494 851 533 est
871 489 1072 544 antiquae
1095 494 1136 533 et
1156 502 1389 544 germanae
1409 489 1680 533 Latinitatis.

196 562 357 618 primus
378 574 430 604 eo
448 594 458 616 ‚
480 562 685 614 quantum
707 558 822 613 scic,
844 571 946 601 usus
969 562 1034 601 est
1050 558 1187 600 Varro
1216 558 1332 613 apud
1355 557 1540 600 Gellium
1561 572 1681 612 xvm,

199 629 253 672 12
272 629 389 672 Inter
410 628 518 671 duas
524 628 652 684 filias
666 643 812 684 requm
830 626 938 683 quid
954 635 1105 681 mutet,
1127 628 1236 669 inter
1251 626 1510 684 Antzjqonam
1531 635 1567 669 et
1586 626 1682 668 Tul-

197 698 318 749 liam,
336 706 395 741 est
410 695 746 739 animadvertere
758 727 768 738 .
785 708 885 738 nam
895 694 1121 738 Terentius
1133 693 1307 749 quidem
1322 707 1408 737 non
1421 694 1567 737 dubito
1579 694 1682 749 quin

195 766 415 822 scripserit
443 765 490 808 in
521 764 718 807 Heauton
747 763 1028 806 timorumeno
1049 777 1076 818 1,
1095 763 1133 817 2,
1154 762 1214 805 18
1238 762 1354 815 Quid
1371 764 1557 805 narrat?
1578 761 1685 819 qaid

196 835 303 878 ille?
327 834 526 877 miseram
553 849 596 875 se
621 848 708 875 esse
728 864 738 875 .
766 832 1000 874 miserum?
1025 847 1146 888 quem
1175 832 1315 874 minus
1345 830 1572 874 crederes?
1595 844 1683 873 non

195 902 403 946 eredere-st
417 919 433 957 ‚⁰
452 905 494 945 et
514 902 560 944 in
581 898 791 955 Adelphis
806 913 846 954 v,
863 899 902 954 3,
919 899 976 942 42
1000 899 1120 943 video
1141 915 1208 943 eos
1233 915 1382 956 sapere
1397 933 1408 954 ,
1430 900 1681 956 intelleqere,

195 972 241 1014 in
264 971 351 1013 loco
376 971 546 1025 Vereri,
566 970 676 1015 inter
696 985 739 1011 se
760 984 905 1011 amare
920 983 933 1010 .·
961 968 1091 1011 scires
1113 968 1290 1010 liberum
1311 967 1536 1024 Inuqertium
1559 977 1683 1025 atque

171 1049 174 1051 ’
195 1040 383 1082 animam
398 1071 409 1093 ‚
431 1038 592 1082 scilicet
612 1036 692 1080 etsi
723 1049 798 1080 eos
828 1049 916 1079 non
947 1036 1226 1091 cognovisses
1247 1050 1257 1091 ;
1278 1049 1365 1078 non
1395 1037 1504 1079 scire
1526 1045 1585 1079 est
1606 1068 1615 1078 .
1638 1036 1682 1078 in

198 1106 384 1150 Vitruvii
401 1121 444 1162 11,
462 1107 502 1161 9,
521 1106 571 1148 11
588 1109 702 1148 recte
723 1105 823 1148 libri
844 1106 923 1148 Est
943 1114 1080 1148 autem
1100 1105 1333 1148 maximum
1354 1104 1404 1147 id
1415 1104 1684 1149 considerare

194 1177 447 1219 Ravennae:
463 1174 596 1228 vulgo
615 1173 747 1216 fertur
762 1175 945 1216 maxime
963 1206 973 1216 .
991 1177 1176 1216 ceterum
1193 1172 1300 1215 illud
1316 1173 1454 1228 ipsum
1472 1182 1531 1216 est
1547 1173 1682 1216 omitti

195 1235 284 1286 non
313 1247 480 1299 potest,
503 1255 643 1296 neque
665 1242 821 1284 omittit
841 1242 1039 1285 Valerius
1062 1242 1267 1296 Flaccus,
1291 1254 1385 1284 cum
1417 1240 1520 1284 dicit
1550 1241 1595 1284 in
1624 1255 1681 1297 νι,

156 1363 162 1369 ·
193 1310 276 1354 487
299 1311 404 1354 tales
424 1310 596 1367 quando
618 1311 698 1352 tibi
714 1325 881 1353 cernere
901 1311 1054 1367 reyes?
1074 1309 1154 1353 hoc
1185 1310 1298 1353 enim
1330 1310 1471 1352 simile
1502 1314 1566 1352 est
1595 1310 1682 1353 illis

194 1379 327 1422 Marci
344 1379 473 1422 Tullii
495 1378 551 1422 ad
569 1379 754 1421 Atticum
772 1378 881 1421 libro
898 1393 967 1433 xv,
986 1379 1049 1435 13,
1066 1379 1085 1420 1
1101 1411 1110 1433 ,
1129 1377 1215 1422 Sed
1230 1378 1399 1434 quando
1415 1379 1537 1421 illam
1553 1378 1681 1433 diem,

193 1463 287 1490 eum
317 1456 362 1490 ta
392 1447 594 1491 edendam
620 1448 778 1504 putes?
801 1447 952 1502 quibus
983 1447 1114 1490 utitur
1135 1447 1167 1489 Ι.
1191 1446 1237 1488 F.
1261 1446 1504 1490 Gronovius
1526 1447 1570 1489 in
1592 1446 1682 1489 dia-

193 1515 302 1559 tribe
331 1529 373 1572 p.
395 1516 475 1559 106
506 1515 615 1559 inter
636 1516 724 1558 alia
744 1515 939 1558 eiusdem
961 1515 1131 1570 generis
1149 1548 1159 1570 ,
1181 1514 1330 1569 qualia
1350 1519 1446 1557 sunt
1468 1516 1557 1567 Quo
1578 1516 1688 1558 mihi

179 1585 443 1642 fortunam?
471 1584 589 1627 Unde
609 1585 718 1627 mihi
734 1583 956 1641 lapidem?
981 1583 1060 1627 sed
1089 1588 1256 1627 veteres
1281 1583 1343 1624 illi
1365 1583 1602 1639 aliquando
1625 1593 1684 1627 est

194 1665 290 1695 cum
320 1650 529 1695 infinitivo
561 1652 811 1708 ponebant,
844 1652 916 1695 ubi
947 1653 1123 1708 saepius
1154 1652 1383 1695 utebantur
1413 1661 1458 1694 ut
1485 1651 1682 1694 coniunc-

191 1720 336 1775 tione,
359 1723 405 1762 ut
431 1719 536 1763 Cato
567 1721 647 1763 Est
666 1721 775 1764 inter
799 1720 896 1763 dam
921 1730 1147 1777 praestare
1167 1721 1418 1764 mercaturis
1442 1737 1527 1763 rem
1557 1736 1681 1777 quae-

191 1805 302 1843 rere,
318 1791 364 1830 ut
379 1788 558 1830 Plautus
575 1788 619 1830 in
637 1789 830 1845 Captivis
846 1804 873 1844 1,
888 1789 926 1844 2,
942 1789 996 1832 68
1018 1789 1111 1832 Hoc
1128 1789 1249 1832 illum
1265 1805 1328 1830 me
1344 1798 1506 1832 mutare
1521 1789 1683 1846 confido

179 1857 308 1913 fore,
327 1855 374 1899 id
395 1860 462 1899 est
481 1856 650 1900 confido
682 1857 773 1900 fore
804 1861 850 1900 ut
881 1857 960 1900 hoc
990 1857 1109 1899 illum
1135 1861 1292 1899 mutem
1317 1889 1325 1898 .
1355 1858 1601 1901 rarissimus
1623 1858 1683 1900 lo-

193 1924 352 1980 quendi
390 1925 542 1968 modus
575 1929 640 1968 est
677 1939 802 1980 quem
835 1927 868 1970 Ι.
898 1926 946 1968 F.
980 1926 1224 1970 Gronovius
1261 1939 1348 1968 non
1385 1926 1604 1981 praeteriit
1640 1926 1683 1968 in

195 1993 307 2036 libro
324 2007 367 2034 xv
385 1993 756 2048 observationum,
774 1994 961 2050 capitulo
979 1990 1026 2049 8,
1039 2008 1080 2049 p.
1102 1994 1182 2037 115
1204 1994 1283 2037 116
1304 1995 1381 2037 117
1394 2028 1404 2048 ,
1427 1995 1683 2050 permixtum

196 2061 382 2105 diversis
417 2075 470 2104 ex
501 2062 556 2104 eo'
584 2075 754 2116 quoque
783 2075 940 2117 genere
963 2062 1079 2117 quod
1099 2063 1222 2117 attigi
1244 2062 1300 2105 ad
1322 2063 1478 2105 librum
1499 2062 1682 2118 1v‚244:

194 2130 273 2173 sed
304 2130 381 2173 illa
412 2144 523 2187 quae
555 2130 650 2173 dico
682 2131 929 2186 rarissima,
952 2132 996 2173 in
1028 2130 1181 2185 quibus
1211 2139 1270 2173 est
1299 2131 1360 2174 ita
1389 2132 1580 2186 intellegi
1612 2131 1683 2174 de-

193 2198 291 2254 bet,
315 2207 374 2242 est
396 2198 566 2255 aliquid
593 2199 685 2241 sive
711 2199 911 2256 prodest,
934 2198 1177 2242 Gronovius
1196 2198 1388 2243 Senecae
1409 2213 1461 2243 ac
1481 2199 1683 2243 Petronio

194 2266 386 2310 vindicat
404 2281 413 2322 ;
437 2267 556 2310 cuius
588 2265 705 2309 modi
737 2271 802 2310 est
831 2267 876 2310 in
898 2268 1083 2324 epistula
1103 2267 1155 2310 87
1179 2267 1370 2312 Senecae
1391 2270 1451 2311 M.
1470 2269 1571 2312 Cato
1592 2285 1683 2312 cen-

192 2336 332 2378 sorius
346 2368 358 2389 ,
388 2351 508 2391 quem
545 2344 630 2378 tam
663 2337 734 2378 rei
757 2336 960 2392 publicae
996 2336 1132 2378 hercle
1158 2336 1256 2392 fuit
1285 2339 1411 2380 nasci
1436 2354 1563 2394 quam
1593 2338 1682 2381 Sci-

189 2404 382 2459 pionem,
411 2407 453 2446 et
484 2403 538 2446 de
569 2404 794 2446 clementia
819 2419 846 2459 1,
874 2405 924 2447 18
956 2405 1120 2457 Quanto
1151 2413 1288 2447 autem
1323 2422 1406 2448 non
1441 2408 1567 2449 nasei
1586 2407 1684 2463 fuit

194 2487 320 2528 qaam
341 2473 564 2514 numerari
579 2473 688 2514 inter
704 2473 875 2528 publico
894 2473 1005 2516 malo
1035 2482 1154 2515 natos
1171 2474 1189 2515 l
1216 2473 1295 2516 hoc
1327 2474 1381 2516 ab
1413 2475 1683 2528 antiquorum

194 2551 275 2581 usu
305 2540 634 2583 remotissimum
665 2544 760 2595 est,
791 2555 928 2596 neque
959 2542 1182 2584 Horatium
1216 2555 1266 2584 eo
1298 2542 1426 2585 modo
1459 2542 1684 2597 scripsisse

195 2606 321 2648 oredo
344 2607 388 2649 in
409 2621 650 2651 sermonum
671 2624 715 2664 11,
732 2609 772 2663 5,
794 2610 874 2654 103
896 2619 932 2653 et
953 2611 996 2652 si
1008 2611 1186 2666 paulum
1212 2619 1329 2667 potes
1345 2644 1356 2664 ‚
1379 2612 1653 2653 inlacrimare
1674 2643 1683 2651 .

196 2683 255 2716 est
274 2674 449 2717 Gaudia
470 2676 717 2732 prodentem
747 2678 901 2720 voltum
931 2679 1067 2721 celare
1083 2695 1097 2733 ,-
1118 2678 1189 2720 ubi
1221 2679 1405 2721 litteram
1437 2678 1683 2721 addendam

195 2754 382 2798 censeo,
414 2742 495 2785 hoc
529 2744 689 2799 modo,
721 2746 948 2788 z'nlacrz'ma
969 2778 978 2788 .
1011 2762 1032 2788 6
1060 2763 1107 2789 re
1138 2755 1197 2789 est
1228 2747 1403 2789 Gaudia
1436 2747 1683 2802 prodentem

194 2810 349 2853 voltum
379 2811 516 2853 celare
534 2843 542 2852 .

309 2878 406 2921 536.
439 2892 594 2919 SUPER
623 2893 818 2922 HABERE
841 2913 850 2922 .
882 2881 1092 2924 Marullus
1124 2896 1339 2925 sunrmz.

308 2946 405 2990 537.
438 2946 510 2988 Ex
539 2962 719 2989 mnunr
749 2962 879 2990 AEvo
899 2982 907 2990 .
932 2949 1177 3001 Quadratus
1199 2967 1269 2993 evo
1291 2983 1301 2993 .
1324 2951 1448 2994 huius
1471 2955 1683 2995 corrector

195 3013 296 3057 fecit
316 3029 533 3057 mnvnrn
551 3031 642 3071 evo,
659 3016 804 3071 itaque
822 3017 1033 3060 Antonius
1053 3018 1176 3062 Marii
1193 3022 1235 3062 et
1251 3019 1512 3063 Veronensis
1530 3020 1682 3065 editio.
