2040 3328
464 211 545 254 204
1148 213 1213 254 ΙΙΙ

463 336 616 365 novum
646 327 936 366 testamentum
958 323 1168 366 Fuldense
1199 337 1226 365 a
1253 338 1318 366 me
1345 324 1524 379 editum,
1549 325 1716 379 digesta
1736 325 1904 368 Floren-

462 390 550 432 tina
567 421 576 430 .
598 391 738 443 itaque
769 391 785 430 l
812 390 993 444 simplici
1020 391 1255 433 scribuntur
1283 391 1327 431 in
1348 391 1498 444 quibus
1528 408 1548 434 e
1567 392 1748 434 litteram
1777 392 1905 446 longa

462 456 630 510 syllaba
645 456 859 510 praecedit
876 489 884 510 ,
903 460 947 498 ut
961 456 1169 499 custodela
1185 457 1372 498 clientela
1394 457 1565 499 suadela
1585 458 1758 500 candela
1772 458 1905 500 sutela

461 523 621 563 cautela
642 523 764 564 tutela
787 524 1020 578 corruptela
1047 522 1283 565 mandatela
1305 523 1456 576 (Gra‘iu's
1475 537 1519 575 11,
1540 523 1644 578 104,
1662 524 1902 566 Priscianus

460 602 500 642 p.
520 589 619 641 622)
650 589 810 630 acutela
838 589 1097 643 (Priscianus
1127 589 1298 640 ibidem)
1322 622 1330 630 .
1360 590 1376 630 l
1403 589 1637 642 geminatur
1665 591 1736 632 ubi
1765 591 1904 646 prima

462 655 600 697 brevis
623 659 686 697 est
703 670 711 696 ε
735 669 869 709 eaque
889 669 916 698 a
937 657 1059 698 tertia
1079 669 1129 697 ac
1155 656 1340 713 simplici
1358 655 1494 698 forma
1515 655 1698 699 fecerunt
1717 660 1901 711 veteres,

460 726 504 762 ut
526 722 744 777 loquellam
765 723 990 778 querellam
1011 724 1233 778 sequellam
1249 739 1263 776 ,·
1283 735 1383 776 ergo
1407 723 1572 764 luellam
1587 754 1598 775 ,
1619 735 1742 776 quem
1761 723 1902 765 admo-

461 787 557 829 dum
565 789 739 844 fuqella
760 789 866 831 bene
887 790 1084 844 scriptum
1107 793 1171 831 est
1191 790 1303 844 apud
1326 789 1585 831 Priscianum
1607 802 1647 844 p.
1663 790 1742 832 601
1761 823 1771 840 ,
1792 790 1903 832 male

459 855 677 910 confuqela
716 856 830 910 apud
862 855 1035 897 Paulum
1074 855 1295 897 diaconum
1326 869 1366 910 p.
1382 856 1434 897 31
1465 855 1774 910 Lindemanni‚
1803 856 1902 898 item

459 921 569 962 male
589 922 803 977 obsequela
823 935 862 976 p.
885 921 989 975 114,
1013 922 1242 976 obsequella
1258 926 1368 964 recte
1389 922 1432 963 in
1450 922 1648 964 Asinaria
1667 922 1803 963 Plauti
1823 936 1850 973 1,
1866 923 1901 975 1,

459 987 539 1029 50.
563 1000 589 1028 a
617 988 803 1030 secunda
839 1000 960 1029 nemo
992 992 1088 1029 ante
1119 988 1303 1030 Gellium
1337 989 1550 1031 medellam
1590 988 1668 1042 (sic
1697 992 1806 1030 recte
1836 1001 1902 1030 co-

461 1053 542 1095 dex
572 1055 741 1096 Minucii
768 1055 947 1107 Felicis,
970 1060 1013 1096 ut
1042 1059 1218 1096 testatur
1247 1055 1558 1097 Hildebrandus
1588 1054 1643 1096 ad
1673 1055 1904 1096 Arnobium

459 1134 498 1174 p.
518 1121 598 1162 633
621 1153 631 1174 ‚
658 1121 756 1162 item
795 1123 855 1162 sic
891 1121 1052 1162 scholia
1085 1121 1316 1163 Bobiensia
1353 1121 1407 1163 ad
1444 1122 1658 1164 Ciceronis
1693 1122 1904 1164 orationes

458 1200 497 1240 p.
514 1187 608 1238 251,
626 1188 651 1229 8
673 1187 838 1241 Orellii)
855 1220 864 1242 ‚
888 1188 1027 1241 itaque
1046 1189 1261 1230 monellam
1277 1221 1288 1242 ‚
1309 1192 1410 1243 puto
1427 1221 1436 1242 ‚
1458 1201 1542 1230 non
1560 1189 1759 1230 monelam
1773 1220 1784 1242 ,
1805 1189 1903 1230 Ter-

457 1253 683 1308 tullianus,
705 1255 891 1296 m'tellam
920 1251 1180 1310 κάλλυντρον
1209 1259 1319 1297 recte
1349 1255 1627 1309 glossarium,
1649 1267 1758 1308 quae
1776 1255 1904 1296 nitela

458 1319 571 1374 apud
598 1322 895 1363 Terentianum
926 1322 1114 1363 Maurum
1135 1322 1216 1364 316
1248 1326 1288 1363 et
1307 1322 1522 1364 Solinum.
1545 1334 1629 1363 non
1658 1322 1830 1363 veniunt
1858 1321 1902 1362 in

458 1385 568 1428 hunc
599 1399 766 1429 censum
788 1390 986 1430 turbellae
1001 1421 1011 1441 ,
1035 1388 1149 1442 quod
1179 1389 1277 1430 mihi
1299 1388 1598 1430 deminutivum
1619 1387 1809 1441 videtur,
1831 1399 1902 1430 ne-

458 1466 536 1506 que
567 1454 654 1495 ulla
675 1467 803 1497 causa
829 1460 891 1497 est
912 1469 983 1497 cur
1004 1471 1024 1498 e
1054 1455 1308 1510 producatur
1325 1489 1334 1498 .
1359 1459 1455 1497 sunt
1474 1459 1613 1496 tamen
1644 1454 1903 1496 deminutiva

457 1520 665 1573 quaedam
702 1523 837 1563 vocali
868 1522 1107 1577 producta,
1137 1521 1212 1564 sed
1249 1535 1300 1563 ea
1335 1525 1570 1575 contracta;
1601 1521 1744 1575 qualia
1778 1524 1900 1574 sunt,

456 1586 560 1628 eliso
582 1587 649 1629 vel
670 1604 690 1629 c
710 1589 777 1630 vel
798 1605 823 1630 n
845 1589 913 1631 vel
933 1606 956 1630 r
977 1590 1093 1644 (nam
1114 1606 1143 1631 a·
1164 1588 1318 1630 omisso
1339 1601 1424 1630 non
1446 1587 1682 1643 duplicatur
1701 1587 1900 1643 liquida),

448 1654 626 1708 paullus
640 1687 651 1707 ‚
673 1656 774 1696 villa
789 1688 800 1709 ,
824 1657 1002 1697 vervella
1022 1655 1339 1710 (grammaticus
1360 1654 1699 1696 Vindobonensis
1718 1668 1758 1709 p.
1779 1654 1899 1709 106);

455 1721 633 1774 corolla,
662 1723 835 1776 catella,
857 1723 1073 1777 pistrilla,
1103 1723 1293 1775 catillus,
1324 1723 1509 1764 salillum
1523 1754 1535 1774 ,
1565 1722 1734 1774 villum,
1762 1721 1898 1774 ullus,

454 1788 594 1828 nullus
625 1788 699 1842 (ad
730 1802 907 1843 quorum
945 1790 1179 1843 exemplum
1216 1788 1448 1831 formarunt
1476 1788 1642 1841 ellum),
1673 1788 1899 1840 Messalla,

455 1855 681 1910 Hispallus
695 1872 709 1909 7·
729 1857 869 1910 stilla,
890 1857 1002 1898 ralla
1031 1857 1171 1897 tunica
1185 1888 1196 1909 ‚
1217 1857 1315 1898 item
1337 1855 1458 1898 Sulla
1476 1858 1521 1896 ut
1540 1853 1791 1908 quibusdam
1811 1853 1899 1908 pla-

455 1925 545 1976 cet,
569 1923 654 1964 olla
683 1924 834 1965 rectius
864 1936 989 1977 quam
1021 1924 1122 1964 aula
1152 1923 1249 1977 (nisi
1281 1922 1395 1976 quod
1425 1921 1572 1964 eodem
1603 1933 1742 1962 errore
1771 1921 1898 1974 vulgo

455 1988 650 2031 dicebant
669 1991 894 2032 Messalam
915 1995 955 2032 et
971 1988 1163 2046 paulum)
1181 2021 1189 2043 ,
1212 1989 1290 2031 hoc
1310 1993 1372 2030 est
1391 2001 1524 2043 parva
1539 1989 1658 2029 koria
1677 1987 1768 2029 sive
1789 1986 1880 2029 oria
1887 2019 1898 2041 ‚

454 2053 626 2112 σκάφη,
649 2057 702 2098 ab
730 2057 987 2099 hauriendo.
1010 2071 1062 2099 ex
1093 2056 1240 2098 eodem
1268 2055 1617 2097 deminutivorum
1636 2066 1808 2095 numero
1837 2058 1901 2096 est

454 2124 599 2164 m‘tella
630 2124 706 2176 (ita
735 2128 845 2165 recte
866 2124 910 2164 in
931 2124 1123 2178 Martiale
1146 2137 1184 2177 V,
1202 2123 1254 2164 37
1277 2119 1639 2174 Schneidewinus)
1670 2124 1711 2162 θῖ
1727 2120 1874 2176 flcella
1887 2152 1899 2174 ,

454 2202 535 2242 quo
558 2191 798 2232 Iuvenalem
820 2195 919 2245 puto
941 2205 1061 2233 usum
1084 2197 1177 2232 esse
1198 2191 1241 2231 in
1268 2189 1399 2231 satira
1418 2203 1502 2243 x1v‚
1520 2190 1545 2230 9
1563 2203 1572 2229 z
1593 2199 1690 2228 nam
1711 2187 1900 2242 Merqere

442 2257 651 2312 ficedulas
681 2270 764 2298 non
785 2257 918 2311 potuit
939 2257 1120 2298 scribere
1137 2288 1145 2297 .
1167 2256 1394 2298 m'tedulam
1423 2254 1466 2295 in
1487 2253 1694 2296 Sestiana
1703 2253 1828 2314 Tullii
1847 2253 1900 2296 72

453 2328 688 2376 agnoscunt
717 2337 799 2365 non
830 2324 954 2365 modo
977 2323 1168 2378 codiceS‚
1197 2323 1272 2365 sed
1302 2320 1462 2363 scholia
1491 2318 1785 2372 Bobiensiap.
1803 2319 1897 2371 303,

457 2391 576 2432 1116
607 2390 676 2433 Or.
708 2394 749 2432 et
778 2391 1019 2432 Priscianus
1047 2404 1086 2444 p.
1103 2391 1208 2432 613.
1236 2389 1347 2430 idem
1375 2386 1626 2430 vocabulum
1651 2385 1826 2426 Horatio
1856 2385 1899 2426 in

454 2459 728 2513 epistularum
757 2471 783 2510 1,
801 2459 838 2511 7,
856 2457 908 2499 29
940 2470 966 2499 a
986 2457 1175 2499 Bentleio
1206 2456 1438 2498 restitutum
1459 2452 1531 2506 qui
1561 2465 1645 2494 non
1666 2450 1898 2506 accipiunt,

453 2526 659 2567 rationem
690 2528 731 2565 et
759 2537 917 2577 genera
947 2523 1196 2566 fabellarum
1226 2519 1447 2576 ignorant.
1469 2519 1601 2561 Servii
1633 2517 1900 2571 neglegentia

453 2597 540 2646 est,
562 2605 653 2633 cum
675 2591 867 2632 Ciceroni
898 2591 1100 2632 adscribit
1119 2590 1287 2632 nitelam
1312 2587 1366 2629 ad
1388 2587 1616 2639 georgicon
1639 2599 1665 2639 1,
1687 2585 1762 2626 181
1781 2598 1791 2638 ;
1811 2584 1899 2626 Hil-

454 2658 658 2700 debrandi
680 2658 772 2712 plus
793 2670 918 2710 quam
939 2657 1212 2711 neglegentia
1226 2689 1236 2709 ‚
1260 2655 1330 2709 qui
1351 2653 1407 2695 ad
1429 2652 1658 2694 Arnobium
1678 2665 1718 2705 p.
1739 2651 1815 2693 197
1836 2652 1898 2693 πί-

454 2725 634 2767 tedulam
656 2724 806 2766 Latine
827 2724 908 2765 dici
929 2728 1055 2778 neget
1072 2756 1081 2777 ‚
1105 2736 1127 2764 θ
1149 2722 1292 2764 codice
1314 2719 1488 2762 Arnobii
1509 2718 1552 2759 in
1573 2732 1603 2758 11
1624 2731 1664 2772 p.
1682 2718 1734 2760 75
1754 2717 1898 2760 nitela-

454 2793 538 2833 lam
566 2791 764 2846 recipiat,
789 2803 1030 2844 muremque
1053 2794 1262 2843 agrestem
1283 2789 1342 2830 ita
1370 2800 1454 2828 non
1475 2799 1502 2828 a
1526 2785 1678 2840 pedum
1709 2784 1802 2826 nisu
1822 2783 1898 2825 sed

454 2871 480 2899 a
510 2859 644 2900 nitore
676 2858 830 2899 dictum
852 2858 1069 2911 opinetur.
1091 2856 1224 2911 potuit
1249 2859 1387 2896 tamen
1409 2866 1502 2896 esse
1532 2852 1675 2906 aliqua
1694 2851 1782 2892 eius
1803 2862 1897 2891 con-

454 2925 668 2978 sonantis,
692 2937 800 2978 quae
832 2928 894 2966 est
923 2928 1021 2966 ante
1051 2922 1400 2974 deminutionem,
1424 2918 1705 2961 mutabilitas:
1727 2929 1824 2958 nam
1855 2916 1896 2957 in
