2040 3328
418 234 498 276 130
1111 233 1154 275 ΙΙ

415 345 581 387 facilius
611 344 874 399 pinguescit.
897 348 1062 397 cetera,
1084 343 1127 384 in
1157 344 1309 396 quibus
1338 345 1359 385 i
1383 344 1522 386 littera
1542 348 1604 386 est
1619 377 1630 398 ,
1651 343 1745 386 huic
1766 343 1858 386 sub-

415 413 566 454 iectam
598 411 752 452 habent
782 411 950 452 brevem
979 409 1169 451 vocalem
1198 410 1288 452 sive
1317 410 1450 452 solam
1476 411 1631 465 inipso
1661 410 1857 453 vocabuli

414 478 518 533 fine,
537 478 720 519 dominia
735 478 915 532 auyuria
927 508 937 525 ‚
958 476 1048 518 sive
1064 488 1155 517 cum
1172 489 1256 518 una
1269 477 1514 531 pluribusve
1534 477 1857 520 consonantibus

414 546 698 596 coniunctam,
717 543 885 584 liberius
900 542 1253 598 mendaciloquius
1268 543 1395 584 abiete
1396 543 1568 598 faciant
1580 544 1758 586 oriundi.
1781 543 1857 586 sed

413 624 522 664 quae
552 610 617 651 his
646 609 860 651 simillima
881 613 976 650 sunt
996 625 1024 650 u
1044 613 1344 650 consonantem
1364 609 1570 663 recipiunt
1589 614 1629 652 et
1649 611 1857 666 syllabam

411 678 582 730 longam
599 708 608 730 ,
623 691 756 732 yeuva
770 676 898 716 tenvis
916 681 1051 717 tenvia
1067 684 1334 717 eoetenvantur
1347 707 1356 715 .
1372 675 1471 716 item
1487 676 1507 716 i
1517 675 1698 718 litteram
1713 690 1856 719 omnes

412 758 438 785 a
459 743 643 796 Vergilio
665 746 816 796 poe'tae
837 741 1102 796 pinguiorem
1125 741 1312 784 fecerunt
1332 746 1430 783 ante
1450 742 1638 784 vocalem
1663 743 1831 786 brevem
1846 777 1855 794 ‚

411 816 456 852 ut
473 811 659 852 dicerent
674 809 813 863 prima
826 807 1031 862 producta
1042 809 1257 850 Abietibus
1266 810 1431 850 iuvenes
1441 840 1452 861 ‚
1471 809 1633 850 Arietat
1646 810 1691 851 in
1699 819 1855 866 portas,

411 879 599 919 ‘intexunt
619 877 746 918 abiete
767 883 897 917 costas
912 906 923 927 ‚
940 875 1164 930 pulsabant
1183 876 1310 917 ariete
1328 891 1468 917 muros
1482 906 1494 927 ,
1514 875 1675 931 Templi
1686 877 1858 932 parieti-

411 945 485 985 bus
515 945 580 984 tui
604 943 769 995 notavi,
791 942 990 983 Laeserat
1019 942 1208 997 abiequi.
1236 946 1361 994 atque
1391 941 1501 982 omni
1533 945 1718 996 tempore
1746 941 1856 985 idem

411 1010 688 1052 observarunt
717 1008 789 1050 ubi
819 1007 979 1049 vocalis
1008 1011 1161 1049 natura
1189 1007 1318 1061 longa
1346 1009 1555 1062 sequitur,
1577 1012 1620 1050 ut
1644 1009 1856 1062 Vergilius

410 1077 652 1118 Fluviorum
672 1091 748 1117 rex
762 1107 773 1128 ,
796 1073 993 1115 Horatius
1022 1074 1073 1115 Ut
1092 1074 1342 1127 Nasidieni,
1369 1074 1527 1116 Statius
1547 1074 1677 1118 Theb.
1698 1090 1752 1129 1v,
1773 1076 1855 1119 429

409 1144 483 1184 ubi
495 1143 641 1184 limina
654 1143 811 1197 patrui,
829 1140 957 1182 Silius
971 1141 1145 1182 sinvacz's
1161 1142 1319 1183 siuvato
1334 1142 1522 1183 sinuatur
1530 1156 1585 1196 VI,
1597 1141 1678 1184 226
1693 1142 1854 1198 ν11,503

408 1225 447 1264 x,
474 1210 572 1263 182,
594 1209 755 1250 Seneca
770 1208 813 1248 in
830 1206 980 1249 Medea
998 1207 1104 1249 1052
1121 1207 1280 1250 Sceleri
1292 1207 1435 1250 modus
1452 1208 1616 1250 debetur
1630 1210 1705 1252 ubi
1706 1209 1856 1264 facias

407 1277 539 1318 scelus
554 1292 569 1330 ;
589 1287 763 1329 quorum
782 1274 862 1316 hoc
881 1278 1138 1328 postremum
1154 1274 1199 1315 in
1214 1274 1360 1328 primis
1375 1278 1564 1329 apertum
1585 1280 1672 1330 cst,
1694 1288 1788 1318 cum
1803 1289 1854 1319 eo

407 1344 499 1384 loco
530 1342 713 1396 positum
744 1341 797 1382 sit
827 1341 893 1381 cui
924 1340 990 1382 hic
1020 1344 1148 1395 poeta
1169 1345 1443 1395 anapaestum
1475 1346 1515 1384 et
1534 1342 1764 1396 spondeum
1785 1344 1853 1385 tri-

406 1410 497 1451 buit
526 1409 640 1450 solos
667 1413 783 1462 (nam
806 1407 981 1449 Medeae
1001 1420 1147 1449 versus
1167 1407 1250 1449 512
1272 1411 1313 1450 et
1333 1408 1438 1461 709,
1460 1409 1671 1464 nepotibus
1691 1413 1732 1451 et
1750 1409 1852 1452 Pro-

406 1477 552 1518 methei
564 1508 575 1529 ,
597 1475 695 1516 item
717 1475 761 1516 in
781 1474 965 1528 Thyeste
985 1474 1062 1516 115
1080 1474 1360 1528 Phoronides,
1378 1475 1418 1516 in
1435 1475 1613 1516 Troasin
1631 1475 1710 1519 195
1729 1476 1851 1532 Poly-

407 1559 514 1585 xena
530 1575 540 1596 ,
566 1542 674 1584 1030
694 1543 903 1583 cacumine
917 1573 928 1595 ,
957 1541 999 1582 in
1021 1541 1200 1582 Hercule
1226 1541 1358 1583 altero
1377 1541 1458 1584 804
1480 1541 1735 1597 Gapharides
1749 1574 1761 1595 ‚
1783 1555 1853 1584 ex-

407 1610 662 1652 cusationem
683 1608 856 1662 habent)
875 1623 884 1649 :
906 1612 1160 1662 anapaestus
1191 1621 1284 1650 esse
1305 1622 1388 1650 non
1416 1611 1578 1663 potest,
1602 1609 1704 1662 ergo'
1729 1622 1852 1663 spon-

406 1677 510 1720 deus
548 1681 612 1719 cst
635 1677 786 1732 facias
807 1707 815 1716 .
853 1688 906 1718 ex
950 1675 1015 1716 his
1058 1678 1237 1729 apparet
1281 1675 1394 1729 apud
1438 1676 1618 1718 comicos
1662 1675 1856 1731 beneficio

405 1744 572 1786 tertiam
592 1744 762 1796 longam
791 1741 948 1784 habere
966 1774 975 1796 ‚
998 1742 1095 1784 item
1116 1741 1160 1783 in
1181 1742 1374 1784 Heauton
1395 1742 1668 1784 timorumeno
1689 1756 1716 1795 1,
1742 1742 1777 1796 1,
1802 1743 1850 1783 11

404 1811 557 1866 conicjo
578 1809 828 1863 trisyllabon
848 1809 990 1850 media
1019 1808 1225 1862 producta
1255 1809 1477 1851 dicendum
1507 1821 1626 1863 esse,
1652 1809 1740 1851 Aut
1749 1809 1853 1864 plus

404 1893 447 1918 eo
462 1909 472 1929 ,
495 1886 539 1918 ut
565 1878 884 1931 coniciaaqrum
904 1876 948 1916 in
969 1875 1034 1916 his
1059 1876 1294 1930 reqionibus
1307 1908 1318 1928 ,
1341 1879 1381 1917 et
1396 1877 1579 1918 cominvo
1600 1875 1741 1918 media
1760 1888 1852 1930 pro-

403 1944 529 1986 ducta
550 1945 592 1984 in
613 1943 854 1983 Trinummo
876 1956 936 1995 111,
959 1942 997 1996 3,
1016 1943 1094 1996 75,
1118 1943 1314 1984 Continvo
1343 1947 1499 1998 operito
1529 1942 1685 1996 denuo,
1707 1946 1853 1984 contra

401 2011 515 2065 apud
535 2009 774 2052 Terentium
783 2009 957 2063 faciant
976 2022 1052 2063 pro
1073 2009 1214 2051 'iambo
1234 2040 1242 2049 .
1266 2009 1482 2064 maleficiis
1503 2009 1626 2051 tertia
1644 2009 1773 2062 longa
1793 2008 1851 2050 di-

403 2077 578 2119 cendum
611 2078 665 2118 sit
695 2089 749 2117 an
769 2076 970 2131 ma'lefi'cis
991 2076 1173 2118 dubitari
1204 2080 1342 2130 potest
1362 2080 1532 2130 propter
1552 2089 1605 2118 ea
1624 2088 1732 2129 quae
1753 2088 1851 2118 enu—

403 2143 574 2186 merabo
606 2142 661 2184 ad.
691 2143 844 2184 librum
865 2156 904 2196 v,
922 2142 1000 2185 85:
1019 2156 1155 2196 neque
1177 2143 1287 2184 enim
1311 2144 1445 2198 pretii
1469 2155 1545 2197 pro
1566 2142 1753 2197 spondeo
1782 2155 1850 2185 vc-

399 2215 507 2252 tcres
546 2223 743 2263 umquam
779 2209 843 2250 usi
880 2213 975 2250 sunt
993 2241 1002 2263 ,
1032 2209 1107 2251 sed
1146 2208 1339 2250 dixerunt
1367 2210 1507 2265 preti,
1535 2221 1613 2251 nec
1641 2209 1848 2261 beneficii,

399 2276 474 2319 sed
505 2277 697 2332 benefici.
726 2289 834 2329 quae
865 2276 1055 2318 vocalem
1085 2275 1241 2317 habent
1271 2288 1362 2317 cum
1381 2276 1484 2317 min
1507 2276 1613 2329 fine,
1637 2279 1732 2318 ante
1753 2288 1849 2330 syn—

398 2343 652 2398 ccphonesin
683 2342 860 2398 produci
891 2343 1209 2385 observabimus
1240 2342 1294 2384 ad
1325 2342 1476 2384 librum
1503 2356 1561 2396 111,
1580 2342 1687 2396 917,
1709 2343 1848 2384 avium

397 2410 614 2451 consilium
632 2410 865 2452 Camerium
882 2425 894 2450 :
914 2422 1050 2463 neque
1081 2410 1203 2451 aliter
1224 2409 1442 2451 scaenicos
1461 2409 1696 2464 beneficium
1726 2411 1847 2451 tetra-

397 2477 596 2532 syllabon
627 2476 783 2518 dixisse
815 2476 1009 2518 existimo
1026 2508 1035 2518 .
1057 2476 1116 2519 ita
1136 2476 1307 2518 Plautus
1324 2475 1485 2530 faciam
1515 2475 1680 2518 duabus
1708 2475 1846 2529 longis

395 2545 439 2585 in
455 2544 697 2586 Trinummo
714 2558 773 2597 111,
792 2544 830 2598 3,
848 2543 898 2584 77
916 2543 1156 2598 Itafa'ciam
1175 2574 1184 2583 .
1201 2552 1243 2584 at
1263 2547 1371 2585 enim
1390 2543 1507 2584 ‘nimi'
1527 2542 1645 2598 lonqo
1666 2557 1847 2584 sermone

394 2612 577 2653 utimur.
595 2610 674 2651 hoc
693 2623 793 2652 vero
810 2642 820 2663 ,
842 2614 888 2651 ut
894 2610 1047 2665 facias
1066 2614 1108 2652 et
1127 2611 1265 2651 avium
1288 2608 1424 2651 eidem
1446 2608 1618 2662 regulae
1638 2608 1846 2650 subician—

368 2696 370 2699 ·
394 2682 486 2733 tur,
511 2690 560 2719 eo
591 2677 679 2719 fieri
706 2681 806 2731 puto
837 2677 948 2730 quod
969 2693 1009 2718 m
1030 2675 1155 2718 finale
1185 2676 1356 2729 longam
1387 2675 1595 2730 syllabam
1626 2675 1726 2718 facit
1754 2675 1846 2718 sive

398 2743 672 2798 producenda
702 2744 839 2786 vocali
871 2746 1017 2797 (quam
1046 2746 1187 2785 tamen
1217 2755 1262 2784 se
1291 2742 1540 2797 productam
1569 2741 1716 2784 audire
1738 2741 1845 2783 Pris-

393 2810 538 2852 cianus
569 2814 696 2863 negat
716 2823 756 2864 p.
775 2810 868 2863 781,
887 2809 931 2863 8)
954 2810 1044 2852 sive
1066 2810 1244 2852 obscuro
1265 2822 1367 2852 sono
1389 2821 1482 2850 cum
1501 2808 1639 2851 vocali
1660 2809 1780 2862 quasi
1801 2808 1844 2850 in

393 2875 700 2929 diphthongum
729 2877 1021 2930 coalescente;
1049 2876 1160 2930 quod
1191 2876 1235 2917 ni
1266 2876 1452 2930 faceret,
1482 2889 1618 2930 neque
1646 2875 1690 2917 in
1719 2887 1843 2917 versu

392 2943 524 2983 omitti
547 2955 682 2995 neque
705 2942 862 2983 hiatum
886 2943 1025 2985 facere
1046 2947 1213 2997 posset,
1237 2943 1364 2996 quiin
1382 2943 1497 2984 brevi
1517 2941 1686 2997 syllaba
1705 2940 1841 2982 nullus
