2040 3328
924 208 943 249 I
1622 207 1676 249 35

193 322 382 365 definitio
403 335 509 365 vera
529 334 625 364 esse
647 321 924 375 intellegatur
942 353 951 375 ,
982 333 1122 375 neque
1152 336 1238 376 qua
1253 328 1427 377 propter
1448 319 1511 362 ita
1531 323 1577 362 ut
1596 321 1675 377 zjqz'-

197 399 267 432 tur
286 391 331 432 in
353 390 538 446 Simplici
560 389 767 432 orationis
788 402 1022 444 progressu
1053 388 1233 431 dicitur.
1257 388 1335 430 sed
1367 401 1421 430 ne
1453 388 1550 442 ipsa
1586 389 1677 443 qui-

192 458 288 502 dem
320 458 511 501 definitio
543 463 617 501 aut
647 459 894 500 necessaria
925 462 989 500 est
1019 461 1092 500 aut
1121 461 1267 499 recta:
1309 469 1408 498 nam
1450 457 1576 499 ιἠαηε
1605 473 1675 499 va-

191 543 374 583 cansque
390 527 528 582 ipsum
544 527 731 569 intactile
748 535 806 568 est
821 541 858 580 1,
876 526 959 568 437
978 530 1051 568 aut
1066 527 1267 568 intactum
1283 534 1423 567 manet
1439 539 1485 580 v,
1504 525 1586 568 358
1604 529 1678 568 aut

190 596 337 638 vocari
353 599 495 651 potest
511 596 625 638 locus
642 611 691 636 ac
707 596 892 651 spacium
907 609 934 649 1,
952 595 1037 637 426
1055 594 1138 637 955
1158 594 1279 647 1074,
1298 594 1481 650 spatium
1498 610 1677 636 vacuum

191 665 318 706 inane
332 665 417 707 523
435 663 537 718 527,
570 675 656 705 non
679 663 793 705 locus
815 663 996 704 intactus
1021 694 1031 704 .
1063 662 1272 717 Epicurus
1297 662 1413 717 apud
1439 663 1676 717 Diogenem

190 733 234 774 in
252 749 300 783 x,
316 732 375 776 40
401 726 425 776 ὃ
448 732 574 774 κενὸν
595 729 671 773 καὶ
684 727 831 786 χώραν
847 729 922 773 καὶ
939 726 1092 788 ἀναφῆ
1106 727 1243 786 φύσιν
1261 726 1554 784 ὀνομάζομεν.
1578 733 1602 782 ἓ
1621 731 1676 773 86

190 796 261 843 ὅτι
289 798 341 843 τὸ
371 802 464 844 πᾶν
494 802 624 854 σῶμα
652 799 726 842 καὶ
747 795 923 856 ἀναφὴς
945 796 1082 856 φύσις
1103 796 1221 842 ἐστίν
1237 831 1247 841 .
1272 799 1426 841 Sextus
1449 800 1676 854 empiricus

189 883 230 924 p.
247 869 351 924 476,
373 871 424 913 15
451 869 563 913 κατὰ
585 868 660 912 τὸν
677 864 941 923 Ἐπίκουρον
960 869 1038 925 τῆς
1060 864 1264 924 ἀναφοῦς
1286 866 1558 924 καλουμένης
1589 864 1675 924 φύ-

189 953 302 989 σεως
330 937 382 981 τὸ
402 938 484 992 μέν
514 955 557 981 τι
586 933 855 990 ὀνομάζεται
877 933 1021 986 κενόν,
1052 935 1103 979 τὸ
1127 936 1177 980 δὲ
1197 933 1358 988 τόπος,
1390 935 1441 979 τὸ
1465 937 1514 980 δὲ
1533 934 1674 993 χώρα,

188 1004 375 1063 ἐπείπερ
406 1004 432 1064 ἡ
466 1003 576 1064 αὗτὴ
610 1004 747 1064 φύσις
780 1003 940 1062 ἔρημος
959 1005 1040 1058 μὲν
1061 1008 1363 1062 καθεστηκυῖα
1385 1005 1554 1058 παντὸς
1585 1003 1674 1049 σώ-

187 1091 327 1130 ματος
347 1075 473 1119 κενὸν
494 1072 899 1132 προσαγορεύεται,
926 1074 1354 1132 καταλαμβανομένη
1384 1074 1434 1118 δὲ
1460 1071 1554 1117 ὑπὸ
1587 1071 1675 1116 σώ-

186 1161 328 1199 ματος
342 1142 484 1196 τόπος
496 1145 718 1196 καλεῖται,
741 1141 1000 1199 χωρούντων
1018 1143 1068 1188 δὲ
1086 1140 1148 1187 δι’
1168 1140 1305 1200 αὐτῆς
1322 1140 1540 1198 σωμάτων
1553 1140 1675 1199 χώρα

187 1211 355 1269 γίνεται
380 1247 389 1256 .
413 1215 572 1266 κοινῶς
596 1212 751 1266 μέντοι
778 1210 915 1269 φύσις
939 1210 1116 1270 ἀναφὴς
1139 1209 1313 1270 εἴρηται
1329 1212 1454 1269 παρὰ
1473 1213 1536 1270 τῷ
1548 1208 1675 1256 Ἐπι-

187 1278 330 1339 κούρῳ
360 1280 438 1325 διὰ
467 1281 519 1325 τὸ
542 1281 817 1340 ἐστερῆσθαι
836 1284 914 1339 τῆς
945 1281 1057 1324 κατὰ
1089 1278 1323 1337 ἀντίβασιν
1354 1278 1475 1339 ἁφῆς
1497 1315 1506 1324 .
1530 1284 1685 1337 itaque·

187 1352 298 1394 hunc
334 1365 505 1394 versum
524 1384 533 1406 ,
574 1352 645 1405 qui
688 1351 732 1393 in
769 1351 956 1405 oblongo
995 1355 1110 1393 totus
1142 1364 1168 1393 a
1199 1357 1440 1394 correctore
1471 1353 1516 1393 in
1546 1352 1676 1394 litura

186 1421 371 1476 Scriptus
407 1424 495 1475 est,
544 1420 760 1462 Bentleius
799 1424 841 1462 et
882 1419 1178 1462 Wakefieldus
1220 1421 1371 1463 merito
1410 1420 1674 1463 reiciendum

186 1488 431 1531 iudicarunt
449 1521 458 1530 .

239 1553 243 1556 ⁴
299 1557 396 1599 347.
429 1571 546 1597 ESSE
578 1571 792 1598 LICERET
823 1571 981 1598 RARO.
1013 1557 1112 1599 Itali
1145 1562 1186 1599 et
1216 1557 1412 1612 impressi
1444 1572 1615 1599 LICET.

264 1662 271 1669 .
301 1625 398 1668 349.
437 1640 692 1667 UBEmssUS
724 1640 872 1666 FIENT
905 1640 1061 1667 OMNIA
1094 1640 1304 1670 GUTTIS.
1335 1627 1433 1669 Itali
1468 1631 1509 1669 et
1539 1626 1675 1668 Brixi-

186 1694 302 1737 ensis
332 1708 491 1735 FLENT
510 1727 521 1737 .

300 1762 398 1805 352.
441 1777 502 1804 AB
533 1778 816 1805 immamus
849 1779 953 1804 IMIS
977 1796 986 1804 .
1018 1764 1086 1806 Ita
1115 1763 1354 1818 quadratus
1387 1769 1427 1806 et
1459 1764 1674 1807 schedae:

186 1831 399 1886 oblongus
437 1832 480 1874 in
518 1832 647 1874 litura
684 1833 758 1874 bus
789 1834 887 1875 imis
917 1846 944 1875 a
974 1836 1240 1886 correctore,
1280 1833 1352 1887 qui
1393 1847 1640 1874 RAmcmu
1656 1846 1674 1872 S

185 1899 458 1942 scribendum
490 1900 851 1944 animadvertisse
883 1901 1053 1944 videtur
1083 1901 1245 1956 primus
1265 1933 1274 1941 .

299 1969 396 2012 356.
449 1983 548 2015 QUA
586 1983 808 2011 POSSENT
848 1984 1084 2011 CORPORA
1124 1983 1366 2015 QUAEQUE
1407 1972 1675 2011 TRANSIRE

185 2051 323 2078 nAUD
355 2051 483 2078 ULLA
515 2052 780 2079 VALERENT
811 2052 1031 2079 RATIONE
1062 2052 1319 2078 VIDERES.
1343 2039 1410 2080 Ita
1440 2037 1675 2092 quadratus

187 2109 228 2148 et
258 2105 470 2148 schedae:
503 2106 715 2160 oblongus
738 2107 780 2148 in
803 2108 932 2149 litura
948 2108 1061 2163 fieri
1085 2108 1248 2148 ratione
1277 2106 1469 2160 videres,
1502 2121 1586 2149 non
1620 2107 1674 2149 ab

187 2187 238 2216 eo
261 2180 501 2216 correctore
522 2175 594 2228 qui
625 2176 833 2230 pleraque
865 2174 1140 2229 emendavit,
1174 2175 1251 2217 sed
1283 2175 1338 2216 ab
1372 2188 1422 2217 eo
1455 2188 1578 2229 quem
1611 2175 1675 2216 lit-

185 2247 278 2285 tera
299 2243 516 2286 Saxonica
536 2256 660 2285 usum
682 2244 771 2285 dixi
793 2276 802 2285 .
832 2243 943 2285 hunc
971 2244 1072 2298 quia
1093 2248 1179 2286 tam
1203 2243 1412 2286 audacem
1434 2257 1519 2285 non
1542 2244 1643 2286 novi
1665 2277 1674 2297 ,

185 2311 379 2366 suspicor
417 2311 460 2353 in
498 2311 731 2367 archetypo
772 2312 866 2367 ipso
918 2311 972 2353 ad
1011 2313 1198 2355 valerent
1238 2312 1501 2367 adscriptum
1544 2311 1676 2354 fuisse

185 2393 348 2433 E1En1,
382 2379 497 2433 quod
529 2380 671 2435 ipsum
700 2380 798 2422 Itali
831 2385 873 2421 et
904 2380 1102 2436 impressi
1134 2386 1249 2424 recte
1280 2382 1416 2423 secuti
1448 2385 1570 2423 sunt.

299 2447 395 2490 360.
429 2449 545 2490 ΝΛΜ
576 2463 619 2489 S1
649 2462 1015 2490 TANTUNDEMST
1037 2465 1086 2490 m
1108 2464 1234 2491 LANE
1258 2464 1495 2491 GLOMERE
1519 2464 1675 2496 QUAN-

186 2530 285 2558 TUM
317 2516 571 2559 coapoms
601 2532 650 2557 IN
681 2531 886 2558 PLUMBO
918 2533 1005 2558 EST
1029 2551 1038 2561 .
1067 2519 1255 2560 Primam
1279 2519 1322 2560 in
1341 2519 1525 2575 9Z0me›·e
1546 2519 1677 2574 sylla-

188 2584 284 2626 bam
322 2597 350 2626 a
388 2585 586 2627 Lucretio
627 2585 761 2628 ‘arsis
800 2586 860 2629 vi'
901 2587 1154 2642 productam
1186 2587 1335 2629 scribit
1367 2587 1410 2628 in
1442 2587 1676 2629 Venusinis

186 2653 442 2695 lectionibus
478 2653 742 2696 Weichertus
774 2670 816 2711 p.
844 2657 922 2698 108
942 2671 951 2710 3
999 2657 1117 2698 cuiuS
1154 2656 1271 2697 modi
1305 2656 1525 2697 doctrinae
1557 2656 1678 2697 nulla

132 2772 138 2778 .
187 2719 244 2762 ad
274 2716 342 2762 ine
372 2722 568 2775 pervenit
598 2724 776 2765 notitia:
810 2723 890 2765 hoc
921 2725 1038 2779 scio,
1071 2725 1114 2766 in
1135 2738 1262 2767 versu
1285 2724 1501 2766 Ciceronis
1531 2723 1583 2766 de
1616 2724 1677 2766 di-

187 2789 427 2831 vinatione1
439 2823 448 2840 ‚
470 2791 562 2842 106,
581 2791 653 2831 ubi
673 2796 736 2833 est
752 2791 930 2848 Suszqit,
949 2793 1218 2835 scribendum
1239 2805 1333 2834 esse
1348 2792 1435 2833 Hic
1451 2792 1565 2834 Iovis
1582 2793 1676 2835 alti-

186 2857 284 2899 soni
299 2858 433 2899 subito
446 2859 633 2914 pinnata
660 2860 827 2902 satelles
843 2894 854 2915 ⁷
885 2862 1064 2903 Arboris
1086 2877 1106 2902 e
1129 2869 1274 2901 trunco
1302 2862 1507 2917 serpentis
1528 2863 1678 2904 saucia

185 2941 339 2979 morsu,
357 2925 559 2981 Sub'rthv'ss
577 2927 795 2981 ipsaferz's
812 2929 1062 2984 tranqfi'yem‘
1079 2929 1302 2984 uwyu-ibus,
1321 2944 1498 2985 anquam
1517 2962 1525 2969 .
1545 2930 1605 2971 Sic
1623 2929 1676 2970 de

1346 2997 1406 3038 3*
