2040 3328
907 235 965 276 VI
1594 238 1674 279 367

196 348 280 391 668
297 381 307 403 ,
324 348 490 404 Perque
510 364 626 390 mare
647 365 697 390 ac
720 358 855 391 terras
875 349 1056 406 rapidus
1068 366 1322 406 percurrere
1344 352 1461 394 turbo
1475 385 1486 406 ‚
1509 355 1550 393 et
1572 365 1595 393 e
1612 351 1676 394 Ci-

196 429 350 458 cerone
365 416 411 458 in
427 431 474 456 111
491 417 779 460 accusationis
798 417 902 472 100,
922 434 1019 459 nam
1028 434 1112 474 per
1128 434 1266 461 omnes
1282 420 1469 462 civitates
1485 436 1592 475 quae
1608 419 1676 461 de-

195 500 338 527 cumas
359 485 508 527 habent
522 487 738 541 percurrit
765 487 898 528 oratio
918 502 1010 528 mea
1028 519 1036 526 .
1059 487 1120 528 sic
1142 487 1185 528 in
1205 487 1346 530 Aetna
1365 487 1419 530 98
1440 488 1675 542 atqueani-

193 553 349 594 mantis
361 552 446 595 Per
462 562 546 596 tota
562 563 748 596 errantes
760 563 1202 611 percurruntcorpora
1218 571 1347 597 venae
1357 587 1367 596 .
1383 555 1446 597 sic
1459 555 1676 597 Vitruvius

194 620 239 662 in
255 634 345 675 vm,
359 621 397 676 3,
410 621 437 662 2
447 639 532 678 per
549 623 716 680 Zonyum
731 622 916 678 spatium
936 629 1072 664 terrae
1088 632 1382 677 percurrentes
1397 657 1408 677 ‚
1431 624 1454 664 7
1475 623 1588 678 quod
1597 640 1676 679 per

195 697 332 731 terrae
347 688 511 732 dulcem
526 707 670 733 sucum
682 690 919 746 percurrit.
936 689 1037 731 item
1053 690 1108 732 26
1127 722 1136 731 .
1155 690 1309 744 quibus
1328 691 1465 733 simile
1482 695 1547 733 est
1562 691 1676 745 quod

194 757 392 800 Handius
413 758 456 800 in
474 759 706 801 Tursellini
727 762 842 800 tomo
858 771 902 797 iv
918 771 960 812 p.
972 757 1057 799 432
1073 759 1249 813 protulit
1270 772 1323 800 ex
1341 759 1540 801 Caesaris
1561 759 1675 801 bello

194 826 362 869 Gallico
370 840 427 882 Ν,
440 827 514 883 33,
525 829 669 884 primo
674 844 753 884 per
761 843 900 870 omnes
905 836 1052 883 partes
1060 828 1350 883 perequitant.
1370 827 1468 869 item
1486 840 1536 868 eo
1547 826 1674 868 modo

195 895 357 939 Caesar
372 895 417 936 in
434 908 584 938 comm.
601 910 674 950 vn,
689 897 743 939 66
761 897 839 952 qui
850 912 932 938 non
954 897 1016 938 bis
1025 912 1109 952 per
1127 912 1274 953 aymen
1292 896 1468 937 hostium
1477 895 1676 951 perequi-

193 973 348 1006 tassent
365 996 374 1004 .
396 978 482 1007 non
509 964 633 1006 aliter
653 965 853 1006 Lucanus
874 978 947 1018 vn,
967 963 1047 1006 341
1072 973 1279 1020 totumque
1305 980 1383 1020 per
1404 956 1675 1018 aqmen'Sub-

170 1079 176 1085 ⁶
193 1033 292 1074 limi
295 1041 516 1088 pervectus
534 1049 638 1089 equo
654 1066 665 1087 ,
689 1032 836 1075 Cicero
860 1032 913 1074 de
936 1037 1107 1074 oratore
1123 1047 1149 1086 1,
1168 1032 1251 1073 222
1264 1040 1473 1087 perayrat
1485 1047 1563 1087 per
1584 1032 1675 1072 ani-

192 1117 281 1143 mos
297 1101 508 1143 hominum
520 1133 531 1154 ‚
549 1100 769 1143 Vitruvius
785 1115 828 1154 11,
841 1102 867 1143 6
879 1102 1048 1157 penitus
1065 1101 1178 1156 iqnis
1195 1108 1231 1141 et
1232 1099 1437 1155 flammae
1453 1115 1585 1155 vapor
1592 1115 1676 1155 per

191 1170 426 1211 ‘intervenia
437 1184 695 1225 permanans
705 1203 716 1223 ,
734 1169 779 1210 in
796 1184 838 1224 11,
850 1169 889 1225 8,
902 1170 954 1210 12
970 1170 1112 1225 opinio
1124 1184 1203 1224 per
1211 1168 1347 1210 orbem
1357 1176 1566 1209 terrarum
1577 1184 1674 1223 pera

192 1245 350 1292 vayata
366 1270 376 1280 .
398 1249 477 1278 nec
492 1236 689 1279 mirabile
710 1242 776 1279 est
787 1254 1062 1294 perrumpere
1078 1236 1230 1278 addita
1250 1236 1346 1278 viae
1363 1235 1674 1289 significatione

192 1304 307 1359 apud
329 1304 479 1347 Silium
502 1305 698 1346 Italicum
718 1305 762 1347 in
783 1320 856 1360 xn,
875 1306 958 1348 698
976 1339 986 1360 ,
1009 1306 1187 1347 etiamne
1204 1305 1376 1360 parabit
1397 1305 1579 1346 Nostras
1605 1305 1677 1346 ille

192 1371 334 1414 domos
349 1406 360 1427 ‚
382 1381 548 1414 nostras
560 1389 835 1430 perrumpere
851 1375 896 1416 in
913 1374 1062 1416 arces?
1078 1373 1177 1415 etin
1194 1372 1373 1427 le,522
1390 1372 1677 1428 Perrumpunt

192 1440 301 1482 Itali
316 1457 402 1497 qua
427 1441 574 1484 caedes
587 1443 736 1498 prima
766 1443 939 1485 reclusit
960 1442 1293 1497 Monstravitque
1323 1441 1436 1482 viam
1454 1471 1462 1480 .
1486 1440 1562 1482 sed
1580 1457 1676 1496 per-

190 1509 334 1551 venire
363 1509 587 1564 absolute,
610 1514 657 1551 ut
678 1514 791 1553 esset
811 1510 958 1553 venire
990 1522 1075 1564 quo
1098 1509 1254 1563 aliquis
1285 1509 1571 1564 perrexisset,
1594 1509 1676 1550 Lu—

192 1577 347 1618 cretius
369 1577 475 1620 satis
496 1577 731 1620 insolenter
753 1578 860 1620 dixit
874 1579 919 1620 in
940 1579 1021 1620 hoc
1041 1577 1150 1619 libro
1167 1577 1253 1619 383
1273 1576 1360 1632 ita,
1392 1576 1510 1619 Unde
1530 1577 1676 1618 volans

191 1645 305 1702 iqnz‘s
323 1647 561 1701 pervenerit
574 1679 586 1701 ,
607 1646 654 1688 id
682 1651 748 1688 est
769 1647 850 1688 huc
878 1645 1151 1702 pervenerit,
1175 1648 1217 1687 et
1237 1644 1433 1686 similiter
1454 1645 1496 1686 in
1518 1659 1575 1700 1v,
1593 1645 1676 1686 285

189 1711 301 1767 5543
323 1726 402 1756 nec
431 1717 574 1756 tamen
605 1715 751 1774 solus:
784 1728 883 1756 nam
914 1715 959 1756 in
982 1714 1162 1768 Vergilii
1193 1713 1348 1767 ecloga
1374 1728 1431 1768 lx,
1449 1714 1475 1754 2
1504 1713 1676 1767 ingrata

189 1784 289 1823 sunt
318 1795 432 1836 quae
461 1781 656 1826 homines
678 1783 795 1825 docti
826 1782 1224 1836 comminiscuntur,
1248 1786 1293 1823 ut
1313 1781 1417 1823 mihi
1445 1781 1674 1823 tenendum

188 1848 386 1891 videatur
406 1850 520 1904 quod
542 1851 642 1893 libri
663 1855 832 1894 veteres
854 1850 1063 1906 praebent
1080 1882 1090 1903 ,
1113 1850 1148 1892 O
1164 1849 1332 1906 Lycida
1347 1883 1358 1903 ‚
1379 1850 1470 1891 vivi
1483 1850 1674 1905 perveni—

189 1933 282 1959 mus
298 1950 309 1971 ,
331 1917 495 1960 advena
516 1920 654 1961 nostri
670 1917 816 1973 (Quod
830 1934 1060 1974 numquam
1075 1918 1203 1959 veriti
1218 1918 1380 1973 sumus)
1397 1926 1443 1958 ut
1457 1933 1675 1973 possessor

190 1985 326 2041 ayelli
343 1986 512 2028 Diceret
543 1986 655 2029 ‘haec
684 2004 777 2030 mea
807 1989 912 2029 sunt'
932 2019 940 2028 .
958 1985 1192 2043 perducere
1222 1998 1324 2028 vero
1341 2018 1351 2038 ,
1374 1986 1417 2026 in
1447 1998 1530 2038 quo
1562 1984 1674 2026 inest

191 2053 302 2095 actio
320 2085 330 2108 ,
353 2052 501 2096 dubito
518 2068 575 2097 an
590 2068 676 2097 non
697 2056 836 2110 possit
850 2055 912 2096 ita
933 2054 1018 2096 dici
1038 2087 1046 2094 .
1069 2057 1182 2103 certe
1199 2054 1420 2095 Lucretius
1437 2053 1482 2094 in
1506 2067 1542 2107 ν,
1565 2052 1670 2094 1027

189 2121 236 2163 id
269 2135 401 2164 ausus
422 2134 509 2163 non
540 2127 630 2178 est,
654 2123 731 2166 sed
753 2123 923 2178 scripsit
953 2136 1037 2164 non
1059 2123 1151 2164 sine
1184 2121 1548 2163 demonstratione
1576 2119 1673 2162 finis

189 2190 278 2232 Nec
291 2191 494 2246 potuisset
509 2191 650 2234 adhuc
661 2192 893 2248 perducere
913 2192 1052 2234 saecla
1065 2205 1257 2246 propayo
1275 2223 1284 2232 .
1307 2203 1446 2243 neque
1468 2188 1672 2231 credibile

188 2256 360 2300 videtur
391 2262 466 2300 au't
496 2272 524 2300 a
545 2259 714 2302 Catullo
746 2273 842 2302 esse
873 2260 978 2302 haec
1009 2260 1102 2313 109,
1120 2259 1176 2311 5,
1207 2254 1266 2299 Ue·
1290 2258 1411 2300 liceat
1441 2258 1559 2299 nobis
1590 2265 1673 2298 tota

179 2325 416 2382 perducere
436 2327 523 2369 vita
543 2329 771 2371 Aeternum
802 2329 875 2370 hoc
903 2336 1072 2370 sanctae
1089 2325 1251 2382 foedus
1281 2327 1519 2379 amicitiae,
1541 2329 1616 2366 aut
1646 2337 1672 2365 a

188 2393 410 2449 Propertio
441 2409 469 2451 Ι,
487 2396 526 2451 3,
543 2397 599 2439 39
630 2397 666 2439 O
695 2397 857 2438 utinam
887 2397 991 2438 tales
1016 2394 1253 2452 perduca3‚
1274 2395 1487 2450 improbe,
1507 2402 1644 2435 noctes
1662 2425 1671 2433 .

301 2463 398 2506 329.
428 2478 543 2505 stA
561 2497 570 2506 .
594 2464 711 2507 Alibi
741 2463 874 2506 iidem
904 2464 1001 2506 libri
1032 2476 1178 2504 MlssA
1196 2494 1206 2504 .
1231 2462 1309 2504 sed
1331 2461 1438 2504 haec
1458 2474 1564 2503 sono
1586 2473 1671 2502 non

188 2530 390 2573 differunt
409 2531 453 2573 in
475 2531 608 2586 longa
638 2532 779 2575 vocali
799 2564 807 2573 .
830 2531 988 2574 dimisa
1017 2531 1252 2586 quadratus
1282 2529 1326 2571 in
1351 2544 1412 2585 111,
1430 2529 1514 2572 356
1532 2561 1542 2571 .
1564 2529 1608 2570 in
1631 2543 1669 2582 v,

187 2598 270 2641 629
293 2600 504 2654 oblongus
526 2599 725 2642 demisior
739 2633 751 2655 ,
774 2599 967 2642 dimisior
990 2600 1250 2656 quadratus.
1273 2597 1366 2640 sine
1390 2598 1477 2639 ullo
1497 2596 1554 2638 ad
1575 2609 1670 2651 pro-

186 2666 495 2709 nuntiationem
534 2668 818 2711 emolumento
855 2671 1022 2711 veteres
1060 2667 1324 2721 scripserunt
1357 2681 1511 2721 caussa
1548 2680 1670 2705 cassu

187 2749 413 2776 comessum
443 2735 566 2776 cessit
594 2736 726 2777 ussit.

301 2801 398 2844 335.
430 2801 628 2843 Dnmnn
659 2815 796 2848 onon
830 2815 1020 2843 ommno
1052 2827 1105 2832 —
1136 2815 1366 2843 DEORUM.
1389 2800 1485 2842 Itali
1513 2813 1668 2841 DEOR-

188 2883 283 2910 stm
300 2901 309 2910 .
333 2868 410 2911 sed
437 2868 545 2911 illud
578 2869 691 2925 quod
719 2869 832 2912 unde
862 2869 1050 2924 pendeat
1079 2870 1184 2911 nihil
1215 2873 1306 2912 est.
1329 2881 1432 2922 ergo
1463 2867 1670 2910 faciemus

188 2937 332 2978 Anni:
363 2936 477 2993 quod
490 2953 503 2979 .·
523 2937 603 2979 hoc
634 2937 746 2980 enim
776 2937 886 2979 solet
910 2936 971 2978 ita
1001 2941 1194 2992 repetere
1216 2937 1462 2980 Lucretius.
1486 2936 1586 2979 vide
1607 2951 1668 2991 111,

187 3005 270 3047 828
292 3005 374 3048 829
402 3005 507 3048 1036
533 3005 638 3048 1037
671 3020 728 3060 1v,
750 3005 856 3046 1121
885 3004 993 3046 1122
1024 3020 1078 3055 v1‚
1097 3006 1177 3048 611
1202 3006 1311 3049 613.
