2040 3328
916 233 976 276 VI
1602 235 1686 277 375

205 348 310 391 Iano
327 380 337 403 ,
360 347 579 390 Saturnal.
596 362 623 402 1,
639 349 689 401 9,
716 347 953 390 Patulcium
971 357 1007 390 ec
1026 349 1260 391 Clusivium
1272 382 1283 402 ‚
1302 349 1404 404 quia
1420 348 1523 390 bello
1540 348 1687 390 caulae

204 417 294 460 eius
310 423 455 472 patent
469 448 481 470 ,
496 431 605 472 pace
621 415 878 458 clauduntur
895 447 906 459 .
927 416 1141 470 glossaria
1165 412 1411 474 Περίβολοι
1426 449 1437 468 ,
1459 417 1599 458 menia
1616 441 1661 446 —
1674 450 1685 470 ‚

202 483 351 526 caulae
368 516 377 525 .

315 551 413 595 496.
446 565 493 592 m
525 565 714 593 ’remus
743 565 979 593 nnussus
997 584 1007 593 .
1028 552 1262 595 Lambinus
1291 567 1568 595 DEMlSSUS.

315 619 413 664 498.
443 634 632 662 vunnu
652 653 661 662 .
684 620 783 662 Itali
814 623 857 662 et
885 619 1083 675 impressi
1113 634 1329 662 VINCAM.

313 688 412 732 500.
444 688 512 731 ΕΤ
542 702 865 744 nun1nus,nr
895 701 1094 734 AQUAM.
1117 687 1255 730 Iidem
1286 703 1459 731 Nums.

313 757 412 800 502.
443 756 615 799 Sunou
643 769 763 797 mnu
780 787 790 798 .
812 755 948 799 Iidem
978 769 1098 797 rrum
1118 788 1128 798 .

313 825 412 870 503.
443 824 764 868 Coucrnrum·
781 856 790 866 .
813 824 1050 867 Brixiensis
1081 823 1213 867 editio
1235 823 1581 881 Concrrrunr,
1605 826 1683 869 Ve-

198 894 395 938 ronensis
425 892 733 937 Goncuderint.

311 962 411 1006 509.
442 962 704 1005 Courmz'rr:
740 974 894 1002 Nonus
932 974 981 1001 vl
1018 975 1168 1004 vnnrr
1203 975 1424 1002 mrrnnn
1456 976 1683 1003 cnm-Aur

200 1032 519 1073 Durum-rme
535 1062 545 1073 .
574 1029 667 1072 Hoc
703 1028 937 1072 absurdum
975 1042 1071 1072 esse
1107 1033 1205 1084 post
1241 1029 1491 1073 Creechium
1527 1030 1684 1073 Wake—

200 1098 353 1142 fieldus
372 1098 585 1142 intellexit
601 1131 611 1140 .
633 1096 710 1140 sed
731 1097 769 1139 is
791 1101 1032 1140 commenta
1051 1097 1320 1152 ineptissima
1341 1097 1565 1141 effundere
1595 1113 1682 1141 ma-

198 1167 278 1211 luit
308 1179 438 1222 quam
467 1167 511 1209 in
549 1179 653 1209 vero
671 1198 680 1221 ‚
703 1164 819 1220 quod
854 1169 997 1208 tamen
1033 1165 1286 1221 invenerat,
1309 1165 1587 1222 adquiescere
1605 1200 1613 1209 .
1636 1167 1681 1210 id

199 1239 292 1279 erat
321 1248 548 1277 omnm-u
576 1235 736 1277 mittere
753 1266 763 1276 .

311 1303 409 1347 511.
442 1302 599 1347 GorrA
635 1316 901 1344 munorum
940 1316 1137 1343 TURBAM
1177 1316 1311 1344 monn
1352 1317 1551 1345 coAcrA
1588 1305 1683 1348 Un-

199 1385 327 1414 enrr.
358 1384 550 1414 surmro
581 1383 752 1412 PRIMIT
782 1385 842 1412 Ac
871 1384 1019 1411 mcx'r
1040 1384 1294 1413 EFFLUERE
1315 1386 1513 1414 miuus.
1541 1374 1682 1415 Turba

197 1453 389 1483 auom:
418 1439 629 1482 Marullus
647 1471 657 1482 .
678 1442 764 1481 tum
797 1438 1010 1493 oblongus
1050 1439 1194 1495 Urqz‘te
1209 1473 1220 1494 ,
1244 1444 1292 1482 ut
1321 1454 1450 1484 versu
1479 1441 1563 1483 481
1605 1442 1682 1483 Ur-

194 1509 260 1565 gia
276 1541 286 1550 .
308 1507 500 1551 eiusdem
521 1510 734 1550 corrector
764 1508 891 1565 Urqet
912 1516 949 1551 ec
970 1524 990 1550 e
1010 1524 1161 1564 supero
1192 1522 1376 1549 ramur
1395 1541 1404 1551 .
1426 1508 1503 1552 sed
1525 1509 1682 1552 Wake-

199 1575 353 1618 fieldus
384 1579 499 1619 recte
529 1575 777 1619 observavit
797 1576 1039 1619 Lucretium
1071 1589 1239 1632 semper
1260 1576 1426 1619 dixisse
1457 1593 1510 1620 eae
1530 1595 1682 1634 supero

198 1659 241 1700 11,
254 1644 337 1687 227
355 1644 436 1686 241
454 1643 538 1687 248
557 1659 566 1686 :
588 1644 703 1687 idem
722 1657 825 1687 vero
842 1643 957 1699 quod
975 1657 1022 1687 se
1038 1657 1126 1686 non
1144 1645 1367 1687 erubuisse
1383 1645 1530 1687 scribit
1546 1659 1599 1688 ex
1621 1646 1681 1688 in-

197 1713 329 1768 genio
350 1729 403 1756 ece
423 1712 647 1756 restituere
665 1746 675 1764 ‚
698 1717 740 1756 et
760 1712 906 1755 rubori
927 1716 970 1755 et
997 1712 1171 1767 ingenio
1194 1726 1371 1768 parcere
1392 1713 1557 1769 potuit,
1579 1714 1614 1756 si
1637 1714 1682 1757 id

196 1794 282 1836 quo
312 1785 435 1825 vetus
466 1781 678 1837 scriptura
707 1780 823 1824 ducit
851 1780 1222 1837 reprehendisset,
1259 1781 1388 1837 Uryet
1401 1814 1412 1835 ,
1440 1796 1500 1823 DE
1531 1798 1682 1839 supero

192 1851 348 1908 premit
364 1883 373 1892 .
395 1849 535 1904 magis
553 1849 726 1905 proprie
743 1849 794 1892 de
809 1865 981 1905 supero,
1000 1862 1084 1904 quo
1102 1848 1279 1891 Plautus
1295 1862 1396 1891 usus
1414 1853 1504 1904 est,
1527 1849 1682 1893 dicitur

196 1930 325 1973 quam
355 1917 535 1975 desuper
549 1951 560 1972 ,
582 1916 697 1972 quod
727 1921 826 1959 ante
847 1916 1084 1971 Vergilium
1105 1930 1132 1959 a
1154 1917 1341 1960 Caesare
1367 1916 1423 1959 de
1444 1917 1556 1960 bello
1580 1917 1680 1960 Gal-

195 1985 280 2029 lico
301 2000 329 2041 1,
345 1985 414 2041 52,
432 1986 459 2029 5
480 1985 680 2040 scriptum
709 1997 805 2028 esse
826 1997 913 2027 non
935 1983 1062 2027 credo
1083 2017 1093 2039 ,
1115 1983 1193 2026 sed
1224 1984 1275 2026 de
1304 2001 1455 2042 supero
1485 1986 1679 2028 vulnera-

195 2063 289 2097 rent
306 2086 316 2097 .
337 2053 389 2096 de
409 2054 606 2110 supernis
626 2053 846 2096 Vitruvius
875 2053 919 2095 in
939 2067 981 2108 x,
999 2054 1038 2108 7,
1056 2053 1082 2095 3
1101 2086 1111 2104 ‚
1134 2052 1207 2107 qui
1229 2065 1460 2107 numquam
1483 2053 1590 2095 dixit
1611 2054 1679 2096 de-

195 2137 324 2177 super
339 2136 352 2163 :
372 2121 416 2162 in
437 2120 589 2164 eodem
616 2120 724 2164 libro
749 2121 813 2176 16,
835 2122 888 2165 10
918 2121 1183 2177 exemplaria
1203 2125 1351 2163 vetera
1373 2121 1528 2164 vitiose
1559 2122 1678 2165 desu-

190 2205 330 2245 perna
343 2222 356 2244 ‚
371 2202 451 2245 pro
468 2189 519 2232 de
533 2205 715 2247 superno
730 2223 741 2244 ‚
758 2189 841 2232 nisi
859 2189 987 2232 fallor
1005 2221 1015 2232 .
1038 2189 1257 2232 simillima
1273 2188 1337 2232 his
1353 2193 1452 2232 sunt
1467 2189 1519 2232 de
1523 2191 1660 2247 plano
1667 2225 1678 2246 ,

193 2256 246 2301 de
275 2258 410 2301 subito
427 2290 438 2311 ‚
461 2257 512 2300 de
541 2267 707 2315 repente
724 2289 735 2299 .

193 2377 197 2380 .
308 2325 406 2369 514.
439 2339 576 2368 soms
613 2340 768 2368 SUPER
804 2340 917 2368 1crA
955 2339 1185 2368 GALOREM
1207 2358 1216 2367 .
1250 2325 1551 2380 Antiquissimi
1590 2341 1678 2371 cor-

193 2397 381 2438 rectores
412 2408 604 2436 cenom:
621 2428 630 2438 .
653 2411 780 2453 super
810 2409 895 2438 non
917 2399 983 2438 est
1009 2393 1223 2450 desuper,
1247 2399 1293 2436 ut
1324 2395 1536 2450 expressit
1557 2395 1680 2439 Gree-

193 2461 336 2517 chius,
354 2462 432 2506 Sed
450 2463 651 2526 insuper,
668 2468 894 2520 praeterea
913 2497 921 2506 .
945 2464 988 2506 in
1004 2477 1067 2518 111,
1082 2463 1165 2506 672
1183 2463 1268 2506 Cur
1284 2479 1415 2520 super
1431 2472 1526 2506 ante
1543 2474 1677 2507 actam

192 2539 366 2574 aetatem
381 2533 619 2576 meminisse
634 2532 885 2589 nequimus?
901 2535 943 2574 et
959 2531 1039 2575 901
1058 2547 1132 2574 nec
1150 2531 1230 2573 tibi
1244 2547 1389 2573 earum
1407 2531 1501 2574 Iam
1518 2532 1678 2576 deside-

193 2601 305 2644 rium
320 2617 462 2644 rerum
477 2617 604 2657 super
619 2599 775 2643 insidet
789 2617 877 2642 uua
894 2635 903 2644 .
924 2600 967 2642 in
983 2614 1010 2654 1,
1023 2599 1107 2642 648
1127 2599 1188 2641 sic
1206 2607 1351 2654 partes
1367 2599 1410 2655 iq
1419 2600 1487 2641 uis
1506 2600 1678 2643 eandem

192 2669 404 2711 Naturam
434 2685 563 2724 quam
583 2677 690 2710 totus
710 2668 830 2710 habet
849 2684 977 2724 super
1003 2668 1118 2723 iqm's
1138 2667 1334 2709 haberent
1350 2698 1360 2708 .
1383 2667 1426 2708 in
1461 2681 1499 2722 v,
1519 2668 1602 2710 763
1622 2670 1679 2711 Et

192 2751 269 2778 cur
284 2744 398 2778 terra
414 2745 538 2792 queat
547 2736 691 2778 lunam
702 2736 888 2791 spoliare
904 2736 1092 2778 vicissim
1104 2735 1285 2777 Lumine
1302 2742 1338 2775 et
1354 2750 1598 2790 oppressum
1615 2752 1676 2778 so-

193 2804 272 2847 lem
292 2819 420 2860 super
447 2804 544 2860 ipsa
574 2804 744 2845 tenere?
764 2802 945 2846 Ovidius
971 2807 1140 2845 metam.
1164 2815 1234 2855 XV,
1251 2801 1335 2849 308
1356 2801 1554 2844 Plurima
1585 2819 1678 2846 cum

193 2871 366 2914 subeant
381 2869 531 2913 audita
542 2878 616 2912 aut
630 2871 796 2926 coym'ta
807 2871 924 2913 nobis
934 2903 945 2924 ,
963 2871 1111 2914 Pauca
1123 2887 1250 2927 super
1266 2871 1451 2926 referam
1465 2902 1474 2911 .
1493 2869 1677 2914 Serenus

193 2938 443 2982 Samonicus
460 2938 540 2982 957
561 2937 683 2993 (989)
710 2939 808 2980 Non
828 2939 961 2980 solum
982 2940 1156 2982 miseros
1178 2938 1405 2981 deterrima
1412 2938 1557 2994 febris
1573 2939 1676 2981 adu-

191 3007 249 3049 rit
262 3039 274 3060 ‚
295 3006 383 3050 Sed
399 3022 526 3062 super
547 3015 685 3062 optato
698 3007 843 3063 peryit
871 3005 1051 3049 viduare
1071 3023 1220 3064 sopore
1238 3037 1248 3048 .
1271 3005 1401 3048 Silius
1423 3007 1465 3048 in
1488 3021 1575 3061 vm,
1598 3008 1673 3049 121
