2040 3328
399 246 482 289 406
1098 245 1156 286 VI

401 358 580 414 Glycera
597 390 606 399 .
629 369 765 410 neque
794 357 1002 398 ambrosia
1031 355 1154 410 quasi
1180 355 1375 396 Latinum
1401 356 1519 398 brevi
1549 373 1575 398 a
1604 357 1710 399 elisa
1738 357 1850 410 quis-

400 439 526 479 quam
548 423 688 477 posuit
705 455 714 476 ,
732 437 816 464 non
846 423 983 476 magis
1005 436 1130 476 quam
1151 423 1325 464 historia
1345 423 1413 464 vel
1433 424 1578 478 sophia
1594 455 1603 464 .
1625 437 1724 466 nam
1745 423 1850 466 Con-

399 492 528 533 radus
551 489 832 532 Schneiderus
862 490 954 544 ipse
985 490 1066 531 sibi
1084 493 1242 539 *auctor
1273 493 1361 544 est,
1392 501 1486 531 cum
1516 490 1616 532 dicit
1645 490 1689 532 in
1713 503 1850 544 gram-

400 558 554 598 matica
574 557 728 598 Latina
747 570 788 610 p.
807 556 860 598 28
882 572 908 597 a
929 559 1122 610 correpta
1141 556 1315 598 historia
1335 559 1376 598 et
1395 565 1483 598 stoa
1501 587 1510 597 .
1531 557 1704 599 historia
1723 557 1787 598 bis
1806 557 1850 598 in

399 624 650 678 pentametri
681 624 794 664 exitu
815 623 1058 677 Propertius
1080 622 1329 676 (Ausonium
1358 623 1469 665 enim
1499 636 1583 665 non
1603 622 1733 678 curo),
1762 632 1851 666 stoa

400 691 538 732 nullus
561 691 740 744 scriptor
759 690 935 731 Latinus
956 703 1056 731 usus
1078 693 1167 731 est:
1195 706 1306 745 pyra
1321 722 1332 743 ,
1364 689 1476 743 quod
1497 689 1663 731 tertium
1683 689 1850 732 Schnei-

400 758 526 799 derus
556 757 721 811 posuit,
753 757 955 811 corripuit
985 757 1234 811 epitomator
1253 755 1414 798 Iliados
1438 755 1544 798 1053
1561 786 1571 797 .
1601 755 1731 809 Gela,
1752 756 1851 798 item

400 826 578 866 Himera
595 857 604 874 ,
635 824 844 878 corripere
866 823 993 865 Silius
1024 836 1150 864 ausus
1180 827 1243 865 est
1262 823 1304 864 in
1325 837 1410 876 xw,
1427 823 1508 864 218
1529 822 1635 876 233,
1657 822 1852 865 Phaedra

401 896 441 933 et
461 892 629 933 Electra
652 891 837 944 Seneca,
861 889 970 931 idem
993 890 1189 932 Oechalia
1209 890 1252 931 in
1274 890 1454 932 Hercule
1474 890 1606 931 altero
1626 889 1735 943 422,
1758 901 1852 932 cum

400 962 540 999 tamen
561 959 738 1013 Meyara
758 957 800 997 in
822 956 986 998 furente
1006 957 1088 998 203
1114 957 1220 999 1009
1242 956 1405 998 Graeco
1437 969 1552 999 more
1571 956 1741 1010 efferat3
1773 956 1852 998 La-

399 1026 487 1066 tina
516 1037 714 1066 mensura
745 1024 876 1078 eleqe‘a
907 1024 1064 1065 Statius
1097 1028 1138 1065 et
1167 1023 1376 1065 Martialis
1394 1055 1403 1064 .
1438 1023 1552 1077 quod
1582 1026 1726 1064 contra
1756 1022 1853 1066 Ovi-

401 1092 496 1132 dius
514 1124 523 1145 ,
556 1104 648 1132 cum
677 1091 851 1144 corripit
867 1091 955 1131 Dia
980 1090 1023 1131 in
1051 1094 1141 1132 arte
1160 1105 1187 1144 1,
1204 1091 1314 1145 528,
1336 1091 1446 1132 male
1467 1091 1595 1143 vulgo
1616 1087 1707 1132 Δία
1727 1089 1851 1132 scribi

401 1157 604 1200 ostendit:
636 1158 832 1210 idemque
864 1169 955 1198 cum
986 1158 1122 1198 Ascra
1154 1158 1257 1199 dicit
1286 1174 1312 1199 a
1341 1157 1488 1211 brevi,
1518 1161 1694 1199 testatur
1723 1157 1853 1199 Grae-

401 1239 494 1266 cum
514 1219 702 1280 ’Άσκρη,
734 1223 787 1265 de
818 1236 900 1276 quo
932 1223 1038 1264 dixit
1058 1223 1292 1266 Meinekius
1323 1224 1378 1266 ad
1408 1224 1665 1279 Stephanum
1691 1223 1854 1279 Byzan-

400 1293 500 1334 tium
531 1306 572 1346 p.
600 1291 690 1345 133,
720 1291 769 1331 12
788 1323 798 1333 .
828 1303 964 1344 neque
994 1289 1171 1332 Ovidius
1202 1291 1386 1333 seribere
1415 1291 1551 1346 potuit
1578 1289 1688 1344 quod
1719 1293 1783 1332 est
1811 1290 1854 1331 in

401 1359 582 1412 epistula
602 1372 701 1411 xvn,
727 1358 807 1399 150
827 1357 982 1398 rettulit
1002 1357 1160 1398 Aethra
1179 1359 1307 1411 mihi,
1336 1362 1377 1399 et
1396 1358 1553 1399 ibidem
1573 1357 1627 1399 55
1647 1358 1735 1398 Dat
1753 1357 1860 1398 mihi

402 1426 520 1467 Leda
550 1424 711 1478 Iovem,
742 1428 783 1467 et
812 1424 855 1465 in
885 1424 1044 1477 VI11,78
1075 1424 1194 1466 Leda
1223 1441 1422 1481 suumque
1453 1426 1587 1467 Iovem
1606 1455 1615 1465 .
1646 1423 1723 1465 sed
1751 1423 1856 1465 haec

403 1505 530 1546 quam
560 1505 693 1546 parvo
724 1494 821 1546 post
842 1490 1039 1533 Ovidium
1069 1492 1268 1545 temporis
1298 1492 1519 1534 intervallo
1549 1491 1715 1547 peccari
1735 1503 1857 1546 coep-

401 1564 486 1600 tum
519 1559 573 1600 sit
603 1559 855 1599 ostendunt:
887 1558 978 1612 ipse
1007 1571 1091 1599 non
1120 1558 1287 1612 scripsit
1314 1571 1503 1601 amorum
1531 1573 1574 1613 11,
1594 1558 1634 1613 4,
1652 1558 1708 1600 42
1738 1557 1857 1600 Leda

388 1627 484 1681 fuit
501 1659 511 1679 ,
535 1625 610 1667 sed
630 1625 755 1681 Lyda
770 1626 866 1679 fuit
891 1625 1015 1679 niqra
1035 1625 1326 1679 conspicienda
1354 1641 1489 1680 coma5
1516 1638 1653 1679 neque
1681 1625 1725 1666 in
1753 1624 1856 1666 artis

401 1693 521 1746 1‚744
542 1693 750 1743 Quantum
767 1691 826 1733 ad
840 1692 1090 1745 Pirithoum,
1108 1691 1304 1732 Phaedra
1313 1691 1473 1747 pudica
1481 1692 1593 1747 fuit,
1610 1691 1686 1733 sed
1696 1690 1856 1733 Cressa.

402 1759 516 1814 apud
546 1764 709 1801 veteres
738 1759 781 1799 in
811 1758 890 1799 hoc
921 1771 1076 1811 genere
1105 1770 1262 1810 magna
1292 1758 1369 1800 fuit
1398 1775 1426 1800 a
1444 1759 1607 1800 litterae
1633 1771 1660 1800 a
1679 1757 1857 1800 Graecis

403 1826 634 1880 productae
660 1825 930 1878 observatio,
963 1837 1217 1878 quamquam
1243 1838 1337 1867 eam
1357 1825 1515 1867 elidere
1536 1824 1741 1867 interdum
1763 1823 1856 1866 ausi

405 1897 527 1947 sunt,
565 1897 610 1933 ut
639 1893 813 1933 Plautus
848 1893 893 1934 in
925 1891 1228 1946 Amphitruone
1258 1906 1296 1945 v,
1318 1892 1352 1945 1,
1375 1892 1429 1934 25
1462 1893 1552 1934 Tua
1581 1893 1755 1933 Bromia
1784 1907 1856 1933 an-

403 1961 528 2012 cilla,
556 1960 750 2012 idemque
771 1960 992 2001 Palaestra
1018 1959 1188 2013 saepius
1215 1959 1257 2000 in
1282 1958 1474 2001 Rudente
1490 1990 1500 2000 .
1531 1958 1607 2001 sed
1636 1958 1679 1999 in
1709 1958 1857 2000 eadem

404 2043 430 2080 1,
446 2027 486 2079 4,
508 2028 555 2068 17
585 2026 730 2067 addito
756 2043 806 2068 ne
833 2025 1100 2067 scribendum
1127 2030 1229 2079 puto
1242 2026 1512 2081 'Ampelz‘sca.
1540 2027 1629 2067 blm
1654 2027 1748 2081 quis
1773 2026 1858 2068 est?

405 2098 478 2149 ‹5qu
497 2126 505 2134 .
528 2094 827 2135 Palaestra'ne?
846 2109 936 2135 sum
948 2109 961 2146 ,-
986 2097 1031 2133 ut
1050 2093 1095 2134 in
1117 2092 1290 2147 Epidico
1309 2107 1367 2147 1v,
1387 2093 1421 2146 l,
1437 2093 1493 2135 40
1512 2094 1599 2134 Fa'c
1619 2092 1799 2147 videam,
1820 2094 1862 2135 si

403 2165 469 2202 mc'
496 2162 558 2202 vis
588 2162 722 2202 vivere
740 2193 748 2201 .
784 2162 854 2202 c'ho
884 2161 1031 2213 istanc,
1067 2160 1304 2212 Canthara,
1333 2160 1426 2201 iube
1443 2192 1451 2200 .
1481 2159 1581 2214 quid
1611 2159 1723 2213 quod
1743 2159 1857 2202 idem

405 2228 541 2269 Aetna
570 2243 685 2268 mons
715 2226 770 2267 ad
800 2227 990 2278 regulam
1019 2239 1104 2268 non
1133 2226 1372 2279 revocavit,
1404 2227 1480 2268 sed
1510 2227 1570 2268 ita
1595 2231 1641 2269 ut
1659 2227 1811 2280 vulgus
1831 2240 1858 2269 a.

405 2294 556 2336 Siculis
597 2294 802 2336 didicerat
839 2293 920 2335 sibi
959 2292 1183 2334 dicendum
1220 2293 1411 2347 putavit,
1442 2294 1485 2334 in
1514 2293 1646 2336 Milite
1674 2307 1730 2348 1v,
1747 2294 1785 2348 2,
1804 2294 1857 2336 73

404 2374 530 2402 versu
562 2362 834 2415 anapaestico
853 2392 862 2414 ,
893 2374 950 2399 rr
966 2391 975 2400 .
1001 2361 1105 2402 Tum
1133 2361 1299 2415 arqenti
1314 2375 1428 2401 mons
1445 2390 1454 2400 .
1474 2374 1534 2401 ΡΑ
1551 2392 1561 2402 .
1581 2376 1678 2402 nam
1696 2365 1858 2402 massas

404 2428 538 2480 habet,
561 2428 702 2469 Aetna'
718 2443 833 2468 mons
854 2442 935 2467 non
955 2442 1083 2481 aeque
1105 2427 1250 2468 ‹ilc-ast.
1267 2439 1405 2481 pauca
1420 2426 1502 2468 iam
1519 2430 1605 2468 tum
1620 2426 1856 2481 mutabant3

404 2494 584 2548 primum
622 2507 674 2535 ea
703 2495 744 2534 in
775 2493 926 2546 quibus
957 2493 1239 2546 diphthongos
1277 2497 1366 2546 est,
1403 2497 1448 2534 ut
1480 2494 1631 2546 Troia,
1669 2498 1714 2535 ut
1742 2493 1857 2548 apud

406 2560 602 2602 Ovidium
621 2593 630 2609 ‚
662 2560 876 2601 Valerium
906 2559 1128 2614 Flaccum,
1160 2560 1430 2614 Iuvenalem,
1461 2560 1671 2615 Astraea5
1701 2559 1858 2604 deinde

405 2628 668 2682 appellativa
697 2625 905 2680 quaedam
935 2639 1015 2667 usu
1035 2626 1186 2667 Latino
1217 2626 1315 2667 olim
1344 2627 1467 2680 trita,
1497 2631 1542 2668 ut
1565 2643 1787 2684 purpura,
1812 2631 1858 2670 ut

405 2694 612 2736 comoedia
633 2694 742 2748 luqet
762 2693 804 2733 in
825 2705 951 2734 versu
978 2693 1220 2735 hexametro
1242 2693 1379 2735 Plauti
1397 2726 1406 2747 ,
1434 2694 1533 2735 item
1552 2695 1654 2736 hora
1675 2695 1769 2751 lyra
1787 2696 1857 2751 hy·
1900 2699 1902 2702 ’

406 2761 484 2802 dra
499 2770 621 2816 petra
642 2776 750 2802 aura
765 2793 775 2813 ,
798 2760 1041 2816 symphonia
1062 2760 1224 2802 Horatii
1242 2793 1252 2815 ,
1281 2760 1396 2814 apud
1417 2760 1615 2810 Ovidium>
1627 2762 1830 2816 pharetra
1845 2795 1856 2816 ‚

401 2844 508 2882 pera
529 2828 643 2881 apud
664 2826 899 2868 Martialem
919 2840 1004 2880 xw,
1022 2827 1073 2868 81
1092 2859 1102 2880 ,
1131 2839 1384 2881 quamquam
1405 2827 1472 2868 hic
1492 2827 1610 2869 Leda
1629 2841 1795 2882 quoque
1816 2832 1858 2871 et

405 2895 552 2949 Hyyz'a
580 2895 653 2948 (XI,
672 2895 744 2948 60)
766 2894 992 2948 corripuit.
1021 2893 1166 2946 itaque
1196 2894 1436 2936 Cassandra
1461 2894 1611 2936 Latine
1640 2895 1857 2937 dicebatur

406 2965 450 3002 ut
470 2960 712 3002 Alexander
734 2964 774 3002 et
793 2960 1022 3002 Euandrus
1037 2992 1048 3014 ,
1071 2960 1301 3016 eademque
1321 2959 1594 3003 similitudine
1615 2962 1856 3019 Cleopatra5
