2040 3328
922 185 988 227 III
1618 191 1698 234 199

218 297 308 339 Tuo
337 297 536 340 imbuisse
551 330 563 351 ,
592 314 613 340 e
629 298 736 353 foro
767 300 967 354 otiosum,
991 315 1070 342 sua
1101 301 1319 357 occupati,
1340 302 1456 344 Novi
1481 302 1696 357 umbilici,

215 363 284 406 die
313 365 439 407 otiosi
449 380 464 408 .·
483 365 661 408 Horatio
683 366 726 408 in
748 366 982 410 carminum
1002 382 1062 422 111,
1080 368 1131 410 21
1165 381 1253 411 11011
1283 369 1422 412 ausim
1452 369 1698 413 adscribere

212 447 326 475 mero
356 433 586 476 incaluisse
601 467 613 488 ,
636 438 678 476 et
708 433 888 478 Ovidius
918 435 1038 478 hiare
1061 436 1211 479 maluit
1231 450 1425 480 amorum
1455 452 1500 493 11,
1527 438 1591 494 13,
1614 438 1666 480 21
1687 471 1696 492 ‚

206 501 487 557 precibusque
507 502 609 543 meis
616 501 729 558 fave
749 503 929 560 Ilithyz'a
944 537 952 545 .
975 503 1053 546 sed
1074 504 1188 558 quod
1210 505 1398 548 maxime
1418 506 1698 549 memorabile

214 571 304 623 est,
328 581 415 611 non
435 569 595 624 exigua
615 582 717 625 pars
738 574 959 625 poetarum
982 572 1036 614 ab
1064 572 1242 616 elisione
1262 574 1571 617 vocabulorum
1592 579 1697 617 'iam-

212 636 402 680 bicorum
420 639 592 680 omnino
602 638 916 682 abstinuerunt:
934 640 1115 695 primum
1127 641 1300 695 quidem
1311 642 1566 697 quicumque
1575 655 1695 698 prae-

211 710 275 749 ter
306 705 517 749 Catullum
550 711 591 749 et
613 707 883 762 Propertium
905 707 1102 751 Undenis
1129 709 1398 765 pedibusque
1429 710 1695 765 syllabisque

210 773 498 828 scripserunt,
526 774 722 817 Tibullus
760 788 854 817 cum
890 775 1115 831 Lygdamo
1155 781 1196 819 et
1231 777 1426 833 Sulpicia
1446 811 1455 832 ,
1484 777 1693 834 Ovidius,

210 841 491 897 Priapeorum
511 845 692 897 poetae,
714 843 923 886 Martialis
942 876 951 898 ,
968 844 1046 886 sed
1068 844 1187 887 multi
1209 857 1381 900 quoque
1402 845 1478 888 alii
1498 879 1507 900 ,
1530 845 1695 888 Ennius

207 910 253 952 in
291 909 578 966 hexametris,
612 911 756 954 Varro·
787 916 907 954 extra
943 912 1184 968 SotadeOS,
1215 913 1465 968 Lucretius,
1495 914 1694 956 Valerius

209 978 341 1033 Cato,
365 978 563 1035 Gratius,
587 980 814 1035 Manilius,
844 981 1008 1024 Iliados
1039 981 1251 1037 interpres
1267 1015 1278 1036 ,
1307 981 1571 1038 Columella,
1594 982 1694 1025 Per-

207 1047 326 1090 sius.
347 1048 392 1090 in
430 1047 793 1103 hendecasyllabo
829 1053 999 1104 tamen,
1022 1054 1068 1092 ut
1104 1054 1234 1105 puto,
1266 1050 1497 1093 Bibaculus
1529 1050 1699 1107 duplici

207 1125 303 1173 coya
331 1118 545 1160 involutus
575 1115 693 1172 apud
724 1115 964 1160 Chai-isium
1001 1131 1043 1172 p.
1069 1117 1242 1161 102.111
1274 1118 1456 1174 Priapeo
1489 1119 1545 1162 64
1581 1119 1694 1161 111316

207 1188 355 1227 contra
386 1185 579 1227 codicum
602 1184 728 1227 fidem
756 1186 956 1228 scribitur
977 1187 1188 1228 sustinens
1219 1186 1294 1228 diu
1315 1191 1513 1230 aestdtem
1530 1203 1543 1229 .·
1566 1186 1694 1229 debet

205 1265 301 1295 esse
316 1253 480 1296 Parum
501 1253 691 1309 estquod
704 1285 715 1307 ‚
737 1254 804 1296 hic
819 1254 1056 1309 utfiximus
1071 1255 1198 1297 semel
1211 1254 1348 1297 sedem
1365 1287 1376 1308 ‚
1401 1255 1561 1311 Ayente
1578 1264 1692 1298 terra

200 1336 280 1377 per
300 1322 538 1364 caniculam
558 1323 692 1364 rimas
712 1322 985 1366 Siticulosam
1012 1323 1265 1365 sustinemus
1286 1332 1483 1366 aestatem
1500 1355 1510 1366 .
1533 1336 1587 1366 ex
1607 1324 1692 1366 ele-

203 1389 426 1443 giacorum
448 1403 624 1433 numero
657 1390 951 1446 excerpendus
973 1395 1038 1433 est
1068 1391 1142 1446 qui
1170 1391 1408 1446 composuit
1438 1391 1495 1434 ad
1514 1391 1692 1434 Messal—

198 1455 291 1500 lam
322 1470 522 1515 carmen,
546 1460 592 1501 111
619 1473 703 1515 quo
735 1464 799 1502 est
819 1460 947 1502 rubro
968 1459 1087 1501 Eleis
1108 1459 1190 1514 32,
1215 1459 1315 1501 item
1346 1459 1419 1514 qui
1450 1460 1622 1515 scripsit
1646 1460 1691 1502 in

204 1525 388 1581 epistula
417 1527 609 1570 Helenae
630 1529 682 1570 97
715 1529 844 1570 Disce
879 1543 967 1570 meo
999 1528 1186 1584 exemplo
1204 1560 1213 1569 .
1237 1527 1315 1570 sed
1351 1528 1396 1570 in
1429 1527 1613 1583 Priapeo
1636 1527 1691 1570 84

204 1593 477 1639 scribendum
499 1599 564 1638 est
594 1597 694 1638 Vere
714 1611 813 1638 rosa
828 1628 839 1650 ,
857 1597 995 1652 pomis
1015 1605 1214 1639 autumno
1232 1628 1242 1650 ,
1265 1608 1352 1638 non
1373 1611 1471 1638 rosa
1492 1599 1691 1638 autumno

198 1663 337 1719 pomis
353 1679 366 1704 .·
387 1667 517 1719 atque
538 1664 582 1706 in
604 1663 758 1707 Ovidio
790 1677 981 1707 amorum
1012 1679 1057 1718 11,
1084 1665 1148 1718 19,
1172 1665 1228 1707 20
1258 1668 1300 1707 et
1328 1665 1370 1706 in
1396 1664 1594 1706 Martiale
1616 1678 1690 1719 vn,

202 1731 270 1786 20,
288 1731 344 1774 20
353 1731 562 1774 Heinsius
578 1732 800 1788 peccavit,
823 1745 918 1775 cum
942 1733 1041 1775 fecit
1063 1734 1159 1775 time
1175 1733 1361 1776 insidias
1383 1736 1424 1774 et
1441 1732 1559 1774 domo
1580 1736 1690 1775 imu-

156 1837 162 1841 .
203 1799 252 1842 lic
269 1832 279 1842 .
302 1799 417 1856 quod
449 1805 592 1843 autem
620 1802 666 1844 in
696 1815 872 1856 operum
895 1801 1206 1844 Ovidianorum
1229 1801 1548 1856 corruptissimo
1579 1800 1691 1852 (tris-

168 1877 171 1879 ’
202 1869 263 1912 tia
275 1868 388 1924 dico)
405 1869 562 1923 legitur
571 1869 784 1912 distichon
797 1869 852 1912 ab
866 1870 981 1912 omni
999 1874 1121 1925 parte
1138 1869 1392 1924 absurdum,
1412 1868 1521 1910 libro
1539 1882 1582 1922 11,
1593 1868 1688 1923 295,

213 1939 378 1980 Venerit
407 1939 453 1980 in
483 1939 635 1994 mei-qni
652 1939 876 1994 templum,
899 1947 972 1980 tua
1001 1954 1203 1991 munera,
1226 1939 1385 1980 Martis
1400 1970 1411 1991 ,
1433 1937 1525 1979 Stat
1555 1937 1690 1978 Venus

212 2006 354 2048 Ultori
377 2006 522 2047 iuncta
551 2007 642 2048 viro
673 2015 768 2048 ante
785 2007 912 2063 fores
943 2007 1063 2063 (nam
1090 2020 1228 2061 neque
1259 2006 1304 2048 in
1324 2004 1530 2059 templum
1562 2004 1690 2046 intrat

202 2074 275 2129 qui
307 2086 361 2116 ea
392 2086 504 2129 quae
536 2077 636 2116 ante
668 2073 782 2116 fores
814 2080 911 2117 sunt
938 2075 1086 2117 videre
1117 2075 1233 2129 vult,
1256 2086 1396 2129 neque
1417 2073 1533 2115 Mars
1554 2072 1689 2115 Vene-

202 2143 262 2185 ris
292 2141 358 2185 vir
388 2146 464 2197 est,
496 2142 572 2185 sed
594 2142 856 2198 Vulcanus),
879 2143 924 2185 id
956 2156 1216 2199 quamquam
1245 2141 1475 2184 emendare
1506 2155 1591 2183 non
1614 2154 1687 2196 po-

202 2215 363 2265 teram,
391 2224 478 2253 non
514 2215 656 2253 tamen
693 2216 922 2267 propterea
959 2211 1185 2254 credebam
1226 2210 1428 2253 Ovidium
1464 2210 1555 2251 viro
1593 2213 1688 2252 a'nte

201 2279 389 2322 scribere
410 2279 630 2335 potuisse,
654 2279 813 2335 quippe
844 2281 916 2335 qui
944 2281 989 2322 in
1020 2284 1139 2322 tanto
1162 2279 1398 2322 carminum
1428 2290 1604 2319 numero
1626 2277 1687 2319 ni-

200 2347 262 2390 hil
281 2360 463 2402 usquam
494 2347 634 2390 simile
661 2361 792 2390 ausus
823 2353 1092 2391 essetznunc
1113 2348 1248 2390 Maur.
1271 2346 1481 2402 Hauptius
1511 2359 1685 2388 manum

200 2419 355 2471 poetae
379 2416 679 2459 emendatione
700 2416 988 2471 pulcherrima
1009 2416 1194 2459 restituit
1220 2416 1307 2465 ita,
1331 2415 1423 2458 Stat
1452 2415 1587 2457 Venus
1617 2414 1686 2456 Ul-

201 2485 286 2527 tori
301 2485 471 2539 iuncta,
493 2485 561 2527 vir
577 2485 806 2540 antefores
824 2515 834 2526 .
856 2484 970 2527 idem
992 2490 1136 2528 tamen
1155 2483 1336 2527 Ovidius
1356 2483 1464 2525 loeis
1481 2495 1566 2524 non
1583 2494 1686 2537 pau-

202 2552 263 2594 cis
294 2561 353 2594 est
383 2565 478 2595 cum
509 2552 730 2596 vocabulis
749 2553 950 2595 'iambicis
982 2552 1168 2607 collisit3
1192 2552 1236 2593 in
1267 2565 1352 2607 quo
1385 2551 1570 2593 dubitari
1602 2563 1687 2591 non

201 2623 344 2675 potest
373 2621 476 2674 quin
498 2637 519 2663 e
549 2620 735 2663 litteram
762 2622 1078 2676 suppresserit,
1101 2629 1208 2663 tuost
1223 2653 1234 2674 ‚
1254 2628 1410 2662 meaest
1423 2652 1435 2673 ‚
1458 2619 1601 2671 locist,
1623 2633 1686 2660 so-

201 2687 280 2729 lost
289 2719 300 2741 ,
316 2696 474 2745 royost,
494 2688 629 2742 diust,
647 2690 778 2731 ‘necist
790 2721 799 2731 .
818 2693 949 2744 atque
965 2689 1118 2732 eadem
1135 2689 1263 2742 haec,
1283 2702 1335 2730 ex
1350 2688 1404 2729 iis
1420 2686 1560 2742 poe'tis
1578 2698 1685 2739 quos

203 2755 451 2798 cautissime
482 2755 527 2797 in
556 2755 638 2798 hoc
668 2769 827 2809 genere
859 2761 1053 2799 versatos
1085 2770 1180 2800 esse
1211 2755 1327 2810 dixi,
1351 2754 1510 2797 habent
1530 2753 1684 2795 Lucre-

200 2824 284 2866 tius
303 2856 312 2878 ,
335 2823 532 2865 Tibullus
552 2837 608 2878 ιν,
626 2822 666 2877 4,
686 2824 709 2865 7
731 2824 876 2865 malis&
896 2828 938 2866 et
958 2824 1003 2866 in
1020 2825 1203 2879 Priapeo
1225 2824 1388 2877 novi-st,
1412 2821 1584 2865 Gratius
1599 2821 1685 2862 412

201 2892 373 2946 malost,
396 2891 602 2934 Manilius
617 2890 754 2945 11,427
766 2891 848 2934 491
863 2892 1004 2947 parisi
1021 2896 1062 2935 et
1071 2893 1222 2946 Iovist,
1239 2891 1469 2946 Priapeum
1488 2890 1539 2932 16
1555 2890 1686 2931 virosi

201 2963 245 3002 et
258 2959 312 3001 41
332 2968 448 3003 suost
462 2992 473 3014 ‚
491 2959 664 3002 Persius
681 2973 737 3014 ιν,
759 2958 808 3000 17
827 2960 962 3001 bom‘st
974 2992 986 3014 ,
1008 2959 1220 3002 Martialis
1236 2974 1297 3015 111,
1314 2960 1366 3002 97
1385 2966 1536 3014 meost,
1554 2972 1610 3013 lv,
1631 2957 1683 3000 16
