2040 3328
478 218 556 260 108
1175 220 1219 262 II

475 324 719 371 mantz‘eulor
736 363 748 384 ,
777 327 1063 384 (τεχνάζομαι,
1096 331 1206 372 idem
1245 345 1267 372 e
1305 332 1461 387 Cyrillo
1492 330 1714 390 πειράζω,
1745 345 1915 392 tempto,

476 399 688 439 maneuZor
710 396 851 450 (debet
873 401 1011 440 autem
1033 410 1124 439 esse
1146 399 1406 454 manticulor)
1425 414 1434 441 τ
1456 400 1597 454 itaque
1614 401 1761 444 Festus
1777 417 1819 458 p.
1840 403 1917 445 133

471 470 614 517 po'e'tae
643 465 777 518 inquit
798 481 879 521 pro
909 466 1045 507 dolose
1075 464 1180 519 quid
1207 467 1364 520 ayendo
1393 467 1463 507 usi
1487 476 1581 508 sunt
1609 484 1652 510 eo
1681 470 1799 511 verbo
1830 501 1839 511 .
1877 473 1919 511 et

476 542 728 584 quamquam
760 532 847 574 scio
878 533 920 573 in
951 531 1170 586 glossariis
1192 531 1317 585 Maii,
1345 545 1454 585 quae
1477 537 1572 575 sunt
1601 535 1645 575 in
1666 538 1776 577 tomo
1798 539 1916 578 sexto

476 599 691 638 auctorum
712 598 979 640 classicorum
997 631 1005 651 ‚
1028 611 1067 652 p.
1085 598 1167 639 533
1182 598 1264 640 566
1284 601 1554 642 manticulare
1574 602 1700 654 paulo
1719 602 1918 656 pinguius

475 661 533 702 ita
563 665 716 717 exponi
744 669 787 706 ut
807 664 969 706 dicatur
999 677 1093 706 esse
1110 664 1327 719 fraudare
1356 667 1420 707 vel
1434 666 1593 721 furare
1621 668 1686 709 vel
1698 668 1822 724 furto
1852 669 1917 711 de-

474 731 608 785 cipere
623 763 634 784 ‚
665 731 762 773 item
783 731 823 772 in
847 731 995 774 eodem
1016 731 1088 772 illo
1111 730 1224 785 apud
1248 731 1486 774 Labbaeum
1520 734 1776 776 onomastico
1804 751 1917 776 man-

474 797 718 852 tabularius,
749 797 961 854 κλέπτης,
993 811 1116 852 quem
1145 797 1370 839 admodum
1403 799 1549 841 Festus
1579 812 1744 854 quoque
1772 803 1918 843 manti-

474 863 614 904 culari
631 864 869 906 dicebantur
890 865 1024 918 inquit
1045 866 1121 920 qui
1129 865 1323 919 furandi
1340 867 1482 921 qratia
1507 867 1752 909 manticulas
1778 876 1919 910 attrec-

475 930 641 983 tabant,
673 931 800 972 nihilo
831 932 966 972 minus
998 931 1074 972 hoc
1102 930 1352 972 vocabulum
1382 946 1409 974 a
1438 932 1644 986 dignitate
1674 933 1794 975 huius
1823 937 1919 988 poe-

474 996 596 1038 matis
627 997 810 1039 alienum
840 998 974 1040 videri
1005 1010 1088 1038 non
1120 997 1274 1051 debet,
1308 1011 1400 1039 cum
1432 999 1580 1041 Festus
1611 1013 1660 1041 eo
1692 1000 1918 1042 Pacuvium

474 1063 515 1103 in
547 1063 780 1116 tragoediis
811 1078 932 1106 usum
963 1077 1056 1106 esse
1077 1067 1276 1118 testetur3
1303 1066 1420 1107 cuius
1451 1065 1532 1107 duo
1564 1079 1710 1108 versus
1739 1066 1918 1109 schedae

474 1130 693 1184 Pomponii
710 1131 829 1172 Laeti
851 1144 934 1173 non
956 1132 1058 1173 satis
1080 1131 1266 1184 integros
1287 1131 1509 1186 exhibent,
1533 1133 1614 1174 duo
1635 1133 1791 1174 nullam
1813 1133 1918 1174 diffi-

474 1197 670 1239 cultatem
701 1197 857 1239 habent
877 1231 885 1252 ‚
909 1211 1014 1251 quos
1045 1198 1202 1240 subieci
1225 1229 1234 1238 .
1256 1198 1329 1239 Ad
1346 1198 1696 1240 manticulandum
1727 1208 1819 1241 astu
1847 1215 1917 1256 aq—

469 1264 689 1318 ·‹Jredz'turt
728 1266 803 1306 scit
834 1267 940 1306 enim
970 1265 1075 1320 quid
1093 1265 1373 1320 promeruerit
1404 1296 1413 1304 .
1444 1265 1684 1320 Aqyredz'ar
1713 1275 1805 1308 astu
1833 1282 1918 1308 rem

471 1330 672 1384 (schedae
702 1332 884 1387 reqem):
914 1331 1267 1372 manticulandum
1298 1340 1355 1373 est
1384 1332 1489 1373 mihi
1507 1363 1515 1372 .

583 1397 676 1439 553.
711 1411 958 1438 TRANSTRA
976 1430 985 1451 ,
1005 1411 1226 1438 CAVERNA
1244 1429 1253 1452 ,
1272 1397 1557 1453 Amemus,
1574 1413 1765 1439 raonem
1783 1432 1791 1440 .
1809 1399 1917 1450 Qua-

474 1463 618 1506 dratus
644 1480 837 1519 prosem:
868 1468 1075 1506 corrector
1097 1464 1293 1518 oblongi,
1317 1464 1494 1506 fortasse
1522 1478 1606 1506 non
1627 1465 1697 1507 ille
1718 1465 1918 1520 antiquis—

473 1531 628 1584 simus,
651 1545 847 1572 PRORAM
866 1563 874 1572 .
897 1531 1011 1586 apud
1031 1532 1212 1573 Nonium
1235 1545 1274 1585 p.
1294 1531 1387 1586 200,
1405 1532 1459 1573 33
1485 1531 1528 1572 in
1556 1544 1679 1574 versu
1701 1531 1802 1574 Attii
1824 1547 1918 1589 pro-

472 1600 551 1639 rz'm
583 1599 672 1640 sive
695 1614 894 1654 prorem.
926 1599 970 1640 in
1008 1597 1089 1640 fine
1120 1610 1268 1640 versus
1305 1598 1456 1651 prioris
1487 1603 1693 1640 corrector
1722 1598 1918 1652 quadrati

472 1681 696 1719 cavernas,
728 1665 893 1719 inepte,
925 1666 1045 1719 quasi
1076 1665 1169 1718 quis
1200 1669 1272 1706 aut
1293 1665 1499 1706 foramina
1529 1669 1675 1706 natare
1705 1665 1817 1707 dicat
1846 1669 1919 1707 aut

472 1736 718 1773 curvaturas
746 1735 978 1773 costarum:
1010 1744 1105 1772 nam
1136 1731 1248 1785 quod
1278 1731 1404 1773 habet
1424 1730 1594 1773 Servius
1625 1731 1679 1773 ad
1702 1731 1917 1774 Aeneidos

471 1812 513 1852 11,
534 1799 610 1852 19,
633 1799 714 1839 aliz·
730 1798 864 1852 fustes
894 1813 1039 1840 curvos
1067 1800 1261 1852 navium,
1293 1799 1442 1854 quibus
1473 1799 1726 1840 extrinsecus
1756 1800 1918 1842 tabulae

471 1864 735 1920 adfiy'untur,
767 1881 964 1907 cavernas
993 1865 1283 1920 appellarunt,
1319 1864 1363 1906 id
1401 1865 1461 1906 ita
1497 1869 1541 1906 ut
1570 1865 1695 1907 modo
1727 1865 1917 1908 dicebam

472 1931 801 1985 intellegendum
822 1935 884 1973 est
906 1963 914 1972 .
937 1931 1143 1973 Antonius
1164 1931 1285 1972 Marii
1308 1935 1348 1973 et
1364 1931 1563 1974 Marullus
1584 1933 1770 1974 carinam
1786 1963 1796 1985 ‚
1819 1931 1917 1974 olim

471 1998 664 2052 impressi
695 2000 892 2039 carinas.
923 1998 1150 2040 Lambinus
1181 1998 1400 2040 verissime
1431 2012 1684 2052 cunnum,
1714 2002 1759 2040 ut
1787 1999 1831 2040 in
1861 2013 1916 2053 Ν,

470 2064 552 2106 439
583 2073 619 2106 et
648 2074 758 2106 reeta
789 2081 963 2120 superne
989 2066 1178 2121 ,quberna
1195 2096 1204 2105 .

582 2130 678 2173 555.
710 2145 1008 2172 mmmmm
1038 2145 1296 2172 PLAUSTRA
1314 2163 1323 2172 .
1342 2130 1412 2172 Sic
1433 2130 1663 2184 oblongus:
1689 2130 1917 2184 quadratus

471 2198 564 2239 sine
593 2201 693 2239 nota
716 2199 940 2253 plaustra.
970 2198 1176 2240 Marullus
1207 2212 1458 2239 APLUSTRA
1481 2229 1490 2239 .

582 2265 678 2307 559.
709 2274 907 2305 PLAcxm
936 2279 1177 2306 PnnnAclA
1207 2278 1354 2305 ΡΟΝΤΙ
1376 2297 1385 2306 .
1406 2264 1522 2306 Haec
1542 2264 1698 2317 verba,
1720 2277 1828 2318 quae
1857 2277 1917 2307 re-

472 2335 640 2374 currunt
669 2332 711 2372 in
742 2345 780 2385 ν,
806 2331 939 2386 1004,
963 2332 1210 2386 interpretes
1232 2331 1407 2385 Vergilii
1429 2332 1693 2373 Veronenses
1723 2329 1919 2373 exhibent

471 2398 527 2439 ad
562 2397 774 2440 Aeneidos
805 2413 847 2451 11,
870 2400 949 2453 903
986 2398 1059 2440 ubi
1094 2411 1175 2452 quo
1216 2398 1306 2439 iure
1343 2397 1546 2440 Henricus
1582 2396 1745 2439 Keilius
1780 2397 1917 2452 potius

470 2466 557 2506 Nee
581 2473 742 2520 poterat
771 2481 1013 2521 quemquam
1050 2464 1262 2506 addiderit
1297 2477 1422 2518 quam
1451 2463 1634 2507 Subdola
1663 2479 1754 2506 eum
1783 2462 1917 2517 ridet,

471 2531 612 2573 dIcere
642 2543 726 2572 non
756 2544 927 2586 possum
951 2564 959 2572 .
992 2536 1134 2574 nostro
1163 2543 1288 2573 versu
1319 2529 1607 2585 Philargyrius
1638 2543 1739 2572 usus
1770 2534 1833 2572 est
1862 2529 1918 2572 ad

470 2610 613 2651 georg.
645 2612 700 2652 xv,
721 2597 831 2652 443;
863 2598 976 2652 apud
1011 2612 1132 2652 quem
1156 2597 1325 2654 penitus
1355 2596 1506 2650 legitur
1535 2610 1611 2651 pro
1638 2596 1826 2653 placidi.

582 2664 678 2706 560.
711 2679 753 2704 SI
781 2678 1003 2705 mmmm
1021 2697 1030 2707 .
1054 2666 1271 2708 Corrector
1293 2662 1487 2716 quadrati
1509 2666 1549 2704 et
1570 2663 1764 2718 impressi
1784 2665 1828 2705 si
1850 2677 1919 2703 m-

470 2745 585 2771 NITA
607 2763 616 2772 .
638 2731 680 2772 in
710 2732 914 2786 proximis
945 2745 1038 2774 eum
1068 2743 1235 2773 versum
1266 2730 1384 2771 cuius
1415 2728 1578 2770 initium
1609 2733 1672 2772 est
1692 2731 1778 2772 Nec
1797 2745 1919 2772 reme-

469 2799 632 2839 morari
665 2797 751 2851 (sic
787 2798 896 2840 enim
932 2798 991 2840 ibi
1021 2797 1221 2852 scriptum
1259 2796 1347 2851 est)
1390 2795 1621 2850 quadratus
1658 2795 1784 2838 habet
1819 2798 1917 2837 ante

470 2864 708 2919 Numquam
738 2866 782 2906 in
812 2866 1058 2908 concilium:
1088 2863 1163 2906 sed
1193 2863 1427 2920 oblongus,
1458 2863 1605 2916 nequis
1626 2863 1916 2916 Havercampo

471 2929 639 2983 credat,
671 2944 754 2973 non
784 2935 958 2986 peccat.
1618 2927 1620 2929 ’
