2040 3328
884 233 950 276 ΙΙΙ
1573 232 1654 275 169

177 365 304 393 num.
327 351 438 392 Tota
473 348 564 390 fere
599 346 724 390 huius
761 360 912 391 versus
948 347 1092 389 littera
1127 346 1208 389 fuit
1238 361 1290 401 N,
1323 358 1434 401 quae
1465 345 1652 400 excidit,

178 423 310 476 quota
338 419 382 461 in
413 416 634 473 superiore
665 430 706 458 c:
737 420 851 459 recte
882 415 996 458 enim
1026 415 1124 458 Itali
1156 418 1198 458 et
1219 414 1320 457 olim
1340 414 1539 470 impressi
1571 428 1654 456 Νο-

176 501 274 530 man
296 519 307 529 .
335 485 528 542 imperite
565 487 776 526 corrector
815 483 1014 539 quadrati
1053 487 1095 526 et
1131 482 1427 525 Wakefieldus
1463 484 1653 526 nomine.

176 568 315 611 neque
346 553 580 597 Lambinus
611 552 808 595 dubitare
838 551 984 595 debuit
1014 551 1116 608 quin
1145 566 1230 593 nm
1259 552 1492 608 subiunqas
1512 552 1656 606 legen-

177 623 276 667 dum
299 623 382 679 sit,
413 620 627 677 quomodo
650 619 782 662 dandi
805 633 907 663 casu
930 621 1136 676 scriptum
1157 622 1222 662 est
1250 619 1294 661 in
1325 619 1434 661 libro
1466 633 1523 674 1v,
1545 618 1627 661 447
1645 651 1654 660 .

177 693 292 735 ullae
319 691 429 734 libro
459 705 488 746 1,
511 690 592 732 687
625 688 765 730 intulit
793 687 1004 730 editorum
1024 687 1269 730 temeritas:
1292 687 1556 742 exemplaria
1586 699 1656 729 ve-

176 764 269 803 tera
296 759 403 813 ulti,
435 771 575 814 neque
605 769 785 811 usquam
816 755 969 811 aliter3
999 767 1258 810 quamquam
1289 755 1402 798 aliae
1433 759 1496 798 est
1527 755 1571 797 in
1592 769 1653 805 111,

175 827 290 883 918,
323 826 401 870 sed
433 826 633 881 genetivo
666 837 794 879 casu,
827 825 894 867 ali
920 823 1094 867 dativo.

287 895 385 938 428.
415 909 513 936 ΝΛΜ
542 907 703 935 LoNGE
733 905 1043 934 MOBILITATE
1064 892 1331 934 PnEsrATA
1359 907 1417 933 ET
1449 906 1476 933 A
1508 906 1655 933 ‘resur

177 978 335 1007 CAUSA
365 976 516 1004 MAcxs
547 975 660 1002 1crA
681 975 943 1002 moverim.
965 961 1094 1003 Recte
1115 961 1213 1004 Itali
1241 965 1283 1004 et
1312 961 1510 1016 impressi
1529 961 1654 1003 Pres-

177 1042 253 1076 tat-
265 1032 357 1076 sive
377 1031 638 1073 PRAssrAr
657 1064 666 1074 .
689 1029 766 1072 sed
797 1034 1098 1084 argumentum
1129 1043 1214 1072 non
1243 1034 1358 1072 recte
1389 1027 1656 1072 concluditur

176 1101 258 1144 hoc
287 1100 443 1154 modo,
486 1098 656 1141 ‘Anima
687 1098 917 1153 quoniam,
954 1101 1000 1140 ut
1035 1101 1134 1153 pote
1165 1098 1388 1153 mobilior,
1420 1097 1654 1140 minoribus

176 1169 399 1212 elementis
437 1171 602 1210 constat
639 1179 767 1221 quam
807 1179 922 1221 aqua
960 1170 1002 1208 et
1037 1166 1195 1209 nebula
1235 1170 1278 1209 et
1313 1166 1480 1221 fumus,
1528 1164 1656 1207 debet

176 1238 307 1281 etiam
327 1237 415 1279 illis
438 1235 605 1278 facilius
627 1234 806 1277 dissolvi
824 1235 845 1276 .’
878 1235 1005 1277 immo
1028 1234 1255 1277 dicendum
1277 1234 1360 1277 fuit
1379 1235 1466 1290 sic,
1488 1233 1658 1276 ‘Anima

178 1305 382 1361 quoniam
422 1317 475 1346 ex
511 1302 748 1345 minoribus
780 1302 894 1345 facta
923 1307 1014 1358 est,
1047 1302 1218 1346 facilius
1247 1307 1440 1346 movetur
1466 1301 1654 1356 ideoque

178 1373 348 1417 facilius
378 1370 664 1414 dissolvitur.’
704 1371 869 1414 accedit
899 1371 1014 1426 quod.
1044 1372 1262 1415 Lucretius
1293 1371 1538 1428 parenthesi
1568 1383 1654 1412 non

173 1442 331 1495 utitur,
369 1440 452 1482 nisi
488 1439 549 1481 ita
584 1443 630 1481 ut
666 1439 722 1481 ad
752 1439 859 1482 illud
889 1440 1027 1495 ipsum
1058 1440 1172 1483 unde
1204 1442 1441 1484 orationem
1471 1436 1656 1482 devertit

173 1509 342 1564 redeat,
379 1507 459 1550 hoc
489 1507 645 1562 modO,
683 1507 906 1564 Principio
937 1509 1134 1564 quoniam
1170 1511 1337 1552 mittant
1368 1509 1556 1565 Corpora
1585 1523 1653 1549 res

171 1578 352 1630 multae,
376 1592 452 1617 —-.·
482 1593 580 1618 nam
610 1591 733 1632 saepe
763 1576 952 1619 videmus
972 1593 1050 1618 —-.·
1082 1578 1198 1629 Quae
1229 1579 1426 1635 quoniam
1443 1577 1587 1633 fiunt,
1610 1576 1652 1618 in

171 1645 280 1688 libro
301 1658 358 1698 IV,
379 1644 437 1688 54
453 1677 462 1687 .
485 1650 530 1687 at
549 1644 617 1687 hic
637 1649 735 1700 post
755 1645 1018 1687 interiectam
1035 1646 1290 1689 sententiam
1306 1645 1364 1688 ad
1383 1658 1541 1688 novam
1562 1657 1652 1687 rem

171 1713 471 1770 progreditur,
502 1713 725 1769 Principio
747 1714 946 1770 quoniam
968 1723 1128 1757 tenuem
1148 1725 1338 1758 constare
1358 1715 1531 1757 minutis
1552 1714 1651 1756 Cot·-

164 1783 344 1840 poribus
374 1781 523 1832 docui,
556 1806 606 1812 -
626 1797 639 1823 :
669 1797 766 1823 nam
797 1782 917 1838 Zonye
937 1783 1163 1826 mobilitate
1183 1784 1382 1826 Praestat
1413 1785 1461 1813 —'-
1482 1798 1495 1824 :
1525 1783 1650 1824 Nunc

171 1851 304 1907 iqitur
324 1849 525 1906 quoniam
545 1873 600 1878 —
624 1849 838 1892 discedere
859 1851 996 1893 cernis
1013 1883 1022 1892 .
1044 1851 1192 1906 itaque
1212 1852 1257 1893 ut
1287 1864 1374 1894 una
1404 1863 1537 1907 opera
1566 1850 1650 1892 duo

170 1918 278 1962 vitia
313 1918 530 1971 eluamus,
563 1917 832 1972 diiungenda
869 1919 1007 1961 oratio
1047 1924 1112 1962 est
1142 1924 1184 1962 et
1213 1919 1419 1975 apodosis
1451 1917 1652 1962 facienda

170 1986 232 2028 ita
248 2019 259 2040 ,
295 1986 518 2041 Principio
554 1987 754 2042 quoniam
785 1995 944 2029 tenuem
975 1996 1164 2030 constare
1192 1990 1365 2031 minutis
1396 1987 1650 2044 Corporibus

171 2053 321 2109 docui,
352 2079 407 2084 —
438 2066 526 2094 1AM
558 2054 677 2111 Zonqe
707 2055 932 2097 mobilitate
961 2055 1184 2101 Praestat.

284 2122 382 2164 430.
443 2120 633 2172 QmPPE
686 2137 769 2164 UBI
814 2137 1109 2165 IMAGINIBUS
1152 2139 1274 2167 FUMI
1317 2138 1648 2170 NEBULAEQUE

169 2204 464 2232 MOVENTUR.
485 2190 583 2233 433.
614 2191 727 2232 NAM
757 2205 952 2234 Pssocur,
982 2207 1112 2234 HAEC
1142 2208 1295 2235 Domo
1325 2206 1473 2235 Noms
1504 2205 1647 2234 smu-

168 2272 332 2300 LAan
362 2273 653 2301 GERUNTUR.
677 2260 726 2301 In
757 2259 889 2315 priori
920 2273 1047 2303 versu
1078 2266 1192 2305 recte
1214 2261 1422 2305 Marullus
1443 2270 1649 2304 movetur.-

168 2340 268 2370 nam
304 2336 519 2370 moventur
555 2326 788 2371 absurdum
826 2333 917 2371 est.
941 2329 986 2371 in
1023 2330 1158 2373 altero
1190 2330 1422 2373 Lambinus
1453 2333 1494 2372 et
1524 2329 1650 2371 Bent-

166 2395 276 2439 leius
305 2396 420 2438 Nam
439 2397 599 2454 procul
626 2397 722 2438 hino
753 2395 906 2452 dubio,
937 2397 1099 2441 scilicet
1129 2412 1182 2441 ex
1212 2398 1279 2442 his
1301 2399 1427 2442 rebus
1449 2399 1649 2442 tenuissi-

167 2464 276 2519 mis,
299 2466 417 2508 nobz's
438 2465 669 2507 simulacra
686 2474 900 2521 yenuntur
914 2483 929 2521 ‚-
950 2466 1066 2521 quod
1087 2467 1309 2510 Lucretius
1327 2501 1337 2522 ,
1359 2467 1395 2510 si
1416 2481 1513 2510 eum
1534 2472 1649 2511 recte

166 2533 294 2587 novi,
325 2534 467 2588 potius
488 2533 568 2575 hoc
587 2532 715 2574 modo
744 2533 948 2588 dixisset,
979 2535 1094 2578 Nam
1124 2536 1249 2579 dubio
1274 2537 1430 2593 procul
1457 2538 1557 2579 haee
1586 2538 1648 2578 ita

162 2615 243 2655 per
276 2601 508 2643 simulacra
540 2609 778 2656 ‚qm-untur.
809 2602 887 2644 sed
932 2601 1034 2644 mihi
1078 2604 1184 2646 satis
1221 2608 1388 2646 constat
1422 2609 1649 2659 utrumque

167 2680 364 2722 versum,
397 2681 489 2710 cum
520 2672 670 2711 neuter
700 2674 950 2723 argumento
982 2671 1212 2726 quicquam
1243 2672 1377 2714 addat
1414 2672 1645 2727 ponderis,

167 2734 221 2776 ab
259 2734 334 2776 illo
374 2736 567 2779 studioso
605 2737 763 2779 lectore
794 2737 1007 2780 adiectum
1038 2753 1160 2795 esse,
1199 2741 1317 2782 cuius
1354 2740 1441 2782 iam
1473 2738 1646 2782 fraudes

166 2802 332 2857 aliquot
352 2803 738 2859 deprehendimus,
771 2808 817 2846 ut
837 2806 968 2859 paulo
1001 2810 1100 2849 ante
1131 2820 1259 2849 versu
1288 2808 1374 2849 412
1403 2811 1444 2849 et
1473 2807 1558 2850 415
1575 2839 1585 2850 .
1608 2807 1646 2850 is

166 2884 262 2913 cum
292 2870 419 2913 sciret
446 2871 489 2913 in
511 2871 592 2914 hac
612 2885 658 2914 re
679 2867 885 2923 εἰδώλοις
914 2873 1001 2915 illis
1024 2874 1195 2929 Epicuri
1225 2875 1363 2917 locum
1395 2887 1516 2929 esse,
1548 2880 1647 2930 poe-

165 2939 259 2980 ticis
291 2951 396 2980 suae
428 2939 679 2982 eruditionis
708 2939 884 2982 floribus
916 2942 1108 2984 carmina
1135 2956 1212 2997 per
1242 2956 1288 2985 se
1325 2943 1431 2985 satis
1461 2943 1646 2986 illustria

166 3019 374 3049 exornare
395 3007 584 3062 studuit,
617 3020 710 3049 cum
731 3011 885 3063 poetae
912 3008 1250 3053 moderationem
1271 3023 1422 3066 parum
1453 3011 1645 3054 animad-
