2040 3328
463 219 541 261 106
1164 220 1207 261 II

456 330 560 372 nihil
595 330 768 372 interest
786 362 794 384 ‚
827 325 1028 384 'quoniam
1064 333 1218 370 atonon
1254 334 1317 371 est
1354 329 1433 372 hoc
1473 340 1517 372 ut
1546 332 1868 387 monosyllabon
1889 365 1898 388 ,

456 396 569 451 quod
599 397 954 452 comparationem
983 395 1141 437 indicat
1167 427 1177 437 .
1207 397 1349 449 itaque
1378 396 1420 438 in
1449 397 1566 439 libris
1596 399 1900 452 antiquissimis

458 465 563 505 sicut
591 464 633 504 in
662 464 803 505 littera
832 462 1018 504 secunda
1046 462 1153 504 inter
1174 462 1257 504 duo
1278 476 1423 505 versus
1445 464 1627 506 divisum
1649 466 1900 508 observavi:

458 543 535 572 nec
563 530 701 572 minus
731 533 846 571 recte
866 529 1065 570 Horatius
1086 541 1322 570 sermonum
1344 544 1388 583 11,
1409 529 1448 583 2,
1470 531 1523 572 68
1544 535 1639 585 post
1657 533 1716 573 sic
1735 544 1902 574 versum

457 597 628 651 incidit,
652 596 810 639 Saevus
831 597 908 638 erit
925 628 934 650 ,
956 611 1028 637 nec
1049 597 1108 636 sic
1129 604 1172 636 ut
1192 596 1369 650 sampleoe
1388 597 1572 638 Naevius
1601 607 1765 639 unctam
1786 631 1795 640 .
1826 599 1901 641 scd

459 675 531 704 eur
551 667 715 705 veteres
737 662 813 704 sub
838 675 920 703 uno
938 665 1109 704 aecento
1126 663 1254 703 sicuti
1264 662 1402 716 potius
1420 662 1577 705 dixisse
1594 664 1760 706 credam
1777 677 1901 718 quam

456 734 517 771 εἰσ
550 731 617 771 άιί
629 762 639 783 ,
662 730 820 770 nullam
844 741 1016 770 causam
1046 729 1234 771 invenire
1264 741 1462 782 possum:
1494 742 1590 771 nam
1621 731 1902 783 grammaticis

457 796 557 838 inde
587 809 614 837 a
642 809 752 838 nono
782 800 880 850 post
909 795 1115 838 Christum
1146 796 1314 837 saeculo
1336 795 1553 849 *quomodo
1584 796 1791 838 vocabula
1820 796 1903 839 dis-

457 863 646 916 tinguere
666 863 836 904 libuerit
855 875 938 903 non
959 874 1057 903 curo
1078 895 1085 903 .
1115 862 1199 904 iam
1219 875 1319 904 vero
1340 863 1399 903 sic
1419 864 1485 903 uti
1500 862 1542 903 in
1563 875 1689 904 versu
1709 862 1902 907 hexame-

456 934 520 972 tro
552 933 648 971 ante
679 942 904 971 consonam
936 929 1034 983 poni
1065 942 1150 970 non
1170 941 1296 982 posse
1317 932 1506 982 apertum
1535 933 1623 983 est,
1655 934 1752 972 ante
1781 943 1902 973 voca-

458 996 541 1038 lem
571 1009 695 1050 quam
726 1008 810 1036 non
842 995 966 1037 facile
996 995 1159 1037 admitti
1198 994 1332 1048 possit
1367 994 1422 1036 ad
1457 1008 1624 1036 versum
1655 995 1778 1039 huius
1806 997 1902 1039 libri

459 1063 542 1104 322
572 1062 690 1104 dixi.
720 1061 863 1114 itaque
891 1062 970 1103 hoo
997 1063 1090 1103 loco
1121 1066 1231 1102 recte
1261 1060 1475 1103 Bentleius
1505 1061 1553 1103 S1
1564 1076 1652 1102 our
1682 1063 1902 1118 quadripe-

457 1129 554 1171 dum
577 1161 586 1170 .
617 1128 692 1170 sed
723 1129 985 1182 grammatici
1015 1127 1147 1169 nostri
1177 1130 1323 1182 poetas
1354 1127 1556 1180 quosdam
1588 1129 1904 1182 antiquissimos

458 1196 500 1237 in
529 1196 609 1237 hac
637 1208 682 1237 re
712 1195 861 1237 ceteris
891 1195 1138 1237 audaciores
1168 1193 1298 1235 fuisse
1326 1194 1497 1236 volunt.
1520 1198 1561 1236 et
1580 1208 1725 1237 verum
1754 1199 1817 1237 est
1845 1197 1904 1238 ita

458 1263 586 1316 vulgo
607 1263 785 1316 scriptos
807 1263 1012 1316 quosdam
1032 1261 1262 1304 versiculos
1285 1260 1382 1302 ferri
1401 1275 1411 1315 3
1439 1261 1562 1302 Ennii
1581 1295 1590 1316 ,
1613 1262 1682 1304 Sic
1702 1263 1767 1304 uti
1782 1263 1906 1318 siqui'

457 1329 567 1378 ferat
584 1346 657 1371 vas
673 1330 765 1371 vz'm'
776 1329 1039 1371 dimidiatum
1056 1361 1066 1383 ,
1083 1328 1197 1383 apud
1214 1327 1395 1369 Gellium
1410 1341 1470 1378 111,
1486 1328 1559 1382 143
1575 1328 1743 1383 Lucilii,
1760 1328 1829 1371 Sic
1843 1331 1910 1371 uti

458 1412 549 1438 cum
557 1397 837 1452 primusflcos
854 1428 864 1449 ,
882 1396 996 1451 apud
1012 1395 1194 1438 Nonium
1210 1408 1250 1448 p.
1271 1394 1361 1447 154,
1380 1394 1431 1435 27
1446 1427 1455 1448 ,
1474 1399 1514 1436 ct
1529 1395 1598 1437 Sic
1613 1397 1679 1437 uti
1689 1404 1724 1437 te
1738 1427 1749 1448 ,
1767 1397 1844 1451 qui
1855 1412 1904 1438 ea

459 1479 564 1518 quae
580 1463 754 1518 speciem
770 1465 878 1504 vitae
896 1479 980 1504 esse
987 1470 1186 1518 putamus
1200 1493 1211 1514 ,
1227 1474 1269 1514 p.
1282 1461 1372 1514 173,
1391 1461 1455 1512 22,
1474 1461 1572 1502 item
1588 1461 1658 1504 Sic
1673 1463 1904 1504 utimecha-

458 1530 568 1583 πίστ’,
592 1529 704 1583 apud
724 1530 894 1570 Festum
915 1542 957 1582 p.
978 1529 1070 1582 206,
1093 1528 1144 1569 27
1164 1542 1173 1581 3
1206 1527 1387 1568 Lucretii
1409 1527 1542 1580 hunc,
1565 1527 1634 1571 Sic
1654 1529 1719 1569 uti
1735 1527 1904 1583 quadri-

455 1596 606 1651 pedum
624 1628 633 1649 ,
654 1600 694 1637 ct
708 1595 751 1636 in
767 1610 826 1650 111,
837 1597 917 1638 816
933 1596 1003 1639 Sic
1019 1596 1085 1636 uti
1095 1610 1347 1636 summarum
1363 1603 1559 1635 summast
1569 1611 1583 1648 ,·
1598 1595 1695 1636 item
1713 1595 1755 1636 in
1773 1594 1905 1636 Milite

459 1663 595 1704 Plauti
618 1677 678 1714 111,
700 1663 735 1717 1,
756 1663 835 1705 130
854 1662 1109 1703 trochaicum
1126 1694 1135 1715 ,
1160 1661 1231 1703 Sic
1251 1662 1317 1702 uti
1331 1662 1462 1702 ‘meroz‘
1472 1662 1653 1716 precium
1672 1663 1814 1703 statuit
1833 1693 1843 1716 ,
1866 1665 1907 1703 et

460 1730 685 1771 Asinariae
715 1730 895 1784 primum
924 1728 1038 1782 apud
1060 1727 1243 1769 Nonium
1273 1741 1314 1782 p.
1327 1727 1420 1780 393,
1439 1728 1494 1768 20
1513 1727 1582 1769 sic
1610 1729 1678 1769 zai
1702 1736 1815 1770 tuum
1842 1729 1906 1770 vis

458 1798 624 1838 unicum
653 1805 797 1838 natum
828 1805 920 1837 tuae
955 1827 963 1835 .
995 1794 1071 1836 sed
1100 1793 1292 1835 mirabile
1323 1797 1386 1835 est
1416 1793 1492 1834 hos
1523 1797 1669 1847 poctas
1699 1795 1742 1835 in
1771 1794 1904 1848 primo

458 1867 617 1904 tantum
656 1862 765 1917 pede
805 1862 882 1903 hoc
920 1875 1114 1914 amasse,
1146 1873 1231 1901 non
1268 1860 1310 1900 in
1343 1860 1508 1914 quinto:
1540 1865 1581 1902 et
1609 1860 1738 1901 multo
1768 1860 1905 1914 magis

457 1929 675 1982 mirabile,
706 1928 818 1982 quod
849 1928 1111 1982 grammatici
1142 1926 1262 1970 vafre
1293 1927 1582 1980 dissimulant,
1614 1939 1706 1968 cum
1735 1925 1906 1968 eosdem

458 2000 606 2051 poetas
636 1999 723 2037 tum
755 1996 861 2037 alios
891 1995 1085 2037 breviore
1107 2006 1276 2048 quoque
1306 1993 1444 2034 forma
1472 1993 1620 2035 iisdem
1651 1993 1905 2035 condicioni-

458 2064 534 2105 bus
563 2076 664 2104 usos
695 2075 788 2104 esse
810 2095 818 2104 .
840 2062 1001 2104 Ennius
1023 2061 1136 2116 apud
1159 2061 1401 2102 Ciceronem
1422 2060 1465 2100 in
1487 2059 1644 2102 Catone
1661 2059 1700 2114 5,
1722 2059 1772 2101 14
1792 2060 1907 2103 Sicut

444 2131 582 2185 fortis
612 2145 734 2185 equos
756 2162 764 2170 .
788 2129 933 2171 Cicero
964 2129 1055 2182 ipsc
1084 2128 1128 2169 in
1149 2127 1317 2168 Arateis
1341 2126 1417 2168 131
1443 2127 1557 2170 Sicut
1586 2143 1677 2168 cum
1697 2135 1905 2182 coeptant.

457 2196 674 2238 Lucretius
704 2197 748 2237 in
769 2209 808 2249 v,
830 2196 910 2237 361
943 2196 986 2236 in
1017 2194 1165 2236 eodem
1186 2206 1310 2235 versu
1331 2194 1401 2247 qui
1431 2197 1521 2235 erat
1549 2194 1592 2234 in
1622 2193 1770 2246 tertio,
1792 2193 1907 2235 Sicut

458 2276 709 2305 summarum
726 2278 885 2304 summa
902 2271 958 2304 esc
975 2294 983 2303 .
1001 2261 1199 2303 Manilius
1215 2261 1258 2301 in
1271 2275 1320 2314 11,
1337 2260 1418 2302 483
1435 2259 1550 2302 Sicut
1566 2268 1738 2300 naturas
1751 2291 1759 2299 .
1777 2258 1905 2300 Silius

458 2331 499 2372 in
516 2345 571 2384 w,
589 2331 670 2372 553
691 2331 807 2373 Sicut
821 2331 1052 2385 sanyuz'nea
1070 2360 1079 2368 .
1102 2327 1143 2368 in
1169 2327 1305 2368 Herus
1328 2325 1383 2367 ad
1399 2325 1637 2367 Leandrum
1659 2325 1838 2380 epistula
1852 2325 1906 2367 93

459 2397 555 2438 dum
571 2401 678 2438 sicut
693 2397 840 2437 scribis
857 2412 1040 2437 amemur
1058 2427 1066 2435 .
1083 2395 1277 2435 Lucanus
1297 2392 1342 2433 in
1362 2406 1421 2447 111,
1439 2393 1520 2434 638
1536 2408 1607 2434 nec
1623 2393 1728 2433 sicut
1742 2392 1908 2433 vulnere

458 2465 629 2518 sanquis
647 2495 655 2503 .
673 2464 848 2504 Plautus
870 2463 911 2503 in
927 2461 1116 2516 Captivis
1132 2475 1171 2513 V,
1191 2460 1227 2514 1,
1247 2459 1298 2501 15
1319 2459 1436 2501 Sicut
1456 2467 1498 2499 tu
1518 2459 1612 2500 huic
1627 2466 1742 2514 potes
1759 2490 1769 2508 ,
1783 2466 1908 2513 pater

458 2530 520 2570 mi
532 2561 542 2571 .
558 2530 735 2583 Epidico
752 2544 794 2583 11,
814 2529 851 2583 2,
869 2530 920 2570 87
940 2528 1056 2570 Sicut
1071 2543 1165 2569 cras
1181 2527 1245 2568 hic
1262 2526 1396 2567 aderit
1415 2556 1423 2565 .
1443 2523 1721 2566 Bacchidibus
1737 2537 1792 2578 lv,
1802 2524 1843 2578 4,
1853 2524 1904 2566 67

459 2596 574 2639 Sicut
596 2597 701 2638 diois
724 2628 732 2637 .
755 2596 998 2637 Trinummo
1019 2608 1078 2647 111,
1096 2594 1134 2647 2,
1153 2593 1207 2635 59
1228 2593 1344 2635 Sicut
1365 2591 1463 2633 dixi
1465 2591 1635 2646 faciam
1656 2621 1665 2630 .
1687 2590 1908 2631 Aulularia

459 2677 501 2716 11,
517 2663 556 2717 4,
577 2663 628 2705 15
657 2664 813 2718 Nempe
833 2667 939 2704 sicut
959 2660 1064 2702 dicis
1086 2692 1095 2700 .
1126 2658 1386 2700 Mostellaria
1404 2672 1464 2710 111,
1483 2657 1521 2710 2,
1541 2656 1595 2697 84
1621 2658 1719 2698 haec
1739 2665 1834 2698 sunt
1851 2657 1906 2698 82⁰-

459 2738 525 2770 cut
545 2728 745 2784 praedico
767 2760 776 2768 .
807 2728 848 2768 in
880 2726 1078 2769 Asinaria
1110 2725 1206 2766 libri
1243 2725 1377 2767 nostri
1407 2723 1522 2766 Simu
1552 2731 1666 2764 tuum
1693 2723 1757 2764 vis
1784 2753 1793 2763 .
1823 2721 1907 2763 Mc-

459 2794 675 2836 naechmis
691 2826 701 2847 ,
719 2795 763 2835 in
779 2794 956 2849 prologo
975 2792 1054 2846 74,
1076 2791 1191 2834 Sicut
1193 2792 1398 2847 familiae
1415 2820 1424 2831 .
1446 2789 1689 2831 Trinummo
1710 2803 1753 2842 11,
1769 2788 1808 2842 4,
1829 2787 1906 2830 148

459 2862 575 2904 Sicut
590 2862 906 2916 fortunatorum
922 2892 930 2900 .
952 2873 1012 2913 111,
1034 2859 1073 2912 3,
1096 2859 1148 2900 76
1178 2859 1293 2901 Sicut
1315 2857 1517 2914 praecepi
1535 2887 1543 2896 .
1566 2856 1608 2896 in
1637 2855 1770 2897 Milite
1788 2868 1844 2909 lv,
1870 2854 1905 2908 1,

460 2928 510 2969 27
543 2943 621 2984 quo
652 2927 785 2981 lubet,
808 2928 913 2968 sz‘c‘cit
943 2941 1061 2968 soror
1079 2955 1088 2966 .
1596 2940 1598 2942 ·
