2040 3328
443 212 525 254 272
1050 186 1055 192 ’
1137 212 1194 253 1v

443 322 636 364 Cererem
666 326 858 363 ornasset
883 335 892 375 3
925 334 1006 374 quo
1039 321 1148 362 facto
1179 325 1413 374 constaret,
1435 322 1547 374 quod
1578 334 1686 363 nunc
1716 335 1886 376 prorsus

442 388 683 430 incredibile
714 388 848 442 duco,
871 388 1021 429 Latine
1048 388 1254 443 ,qeminam
1283 387 1364 428 dici
1393 400 1519 441 posse
1548 387 1627 442 (ita
1656 389 1766 430 enim
1785 389 1886 430 Tur-

441 455 574 497 nebus
594 454 889 507 interpretatur
909 453 1062 496 advers
1079 485 1088 495 .
1110 468 1239 507 xxvn,
1255 452 1326 508 34)
1347 454 1512 507 plenam
1529 487 1538 508 ,
1561 455 1743 509 amplam
1757 488 1768 509 ‚
1790 455 1887 497 obe-

442 535 531 564 sam
553 553 563 563 .
594 524 659 562 est
687 524 825 562 autem
855 520 923 562 hic
952 533 1098 562 versus
1129 533 1181 562 ex
1210 533 1259 561 eo
1290 533 1475 574 genere,
1505 522 1575 574 qui
1605 522 1678 563 vix
1711 526 1887 576 possunt

442 591 557 629 certa
599 586 891 629 emendatione
934 586 1132 628 restitui.
1171 586 1271 628 mihi
1313 587 1493 628 maxime
1533 588 1732 641 probatur
1773 587 1886 641 quod

441 653 647 696 Avantius
669 654 712 695 in
733 653 881 695 ceteris
901 653 1026 695 valde
1046 666 1224 708 peccans
1245 653 1387 703 dedit,
1410 654 1466 695 At
1485 654 1644 695 Lunx
1665 686 1674 695 .
1694 655 1887 696 Lamiam

441 723 581 762 autem
611 733 695 761 non
724 724 810 761 tam
839 736 1002 762 saevam
1032 724 1072 761 et
1086 720 1273 775 ferocem
1294 719 1376 761 dici
1402 720 1623 774 existimo,
1644 724 1688 762 ut
1717 721 1886 775 exponi-

358 819 362 823 .
440 790 506 829 tur
527 787 569 828 in
589 787 798 840 glossario
819 786 919 827 Maii
939 787 982 827 in
1003 791 1218 828 auctorum
1239 786 1506 828 classicorum
1527 791 1638 828 tomo
1658 800 1701 827 vx
1719 801 1760 841 p.
1775 787 1855 829 531
1874 818 1884 841 ,

440 867 567 908 quam
597 857 760 896 vastam
789 853 1037 895 manducam
1066 866 1290 895 voracem:
1323 857 1365 894 et
1392 853 1445 894 ab
1475 853 1660 905 ingluvie
1689 866 1739 895 ac
1767 866 1886 896 vora-

441 922 565 962 citate
580 920 770 962 Lamiam
790 920 1046 974 appellatam
1069 932 1162 961 esse
1186 919 1422 961 Lobeckius
1443 920 1587 961 statuit
1608 919 1651 961 in
1670 921 1888 977 ρηματικῷ

440 1001 480 1042 p.
497 988 579 1029 326
597 1019 606 1028 .
633 987 763 1028 altero
785 991 925 1028 tamen
954 987 1026 1028 illo
1058 988 1183 1029 modo
1211 988 1348 1041 potius
1370 999 1540 1028 uxorem
1561 999 1682 1028 suam
1700 982 1887 1040 Λάμιαν

440 1054 541 1096 dicit
581 1066 711 1096 senex
748 1053 861 1107 apud
900 1053 1175 1095 Menandrum
1215 1054 1259 1096 in
1300 1053 1466 1095 comicis
1507 1052 1708 1095 Meinekii
1737 1067 1778 1108 p.
1805 1053 1886 1096 945

441 1121 514 1176 (ιν,
535 1134 576 1175 p.
596 1120 694 1174 191)
711 1151 720 1160 .

555 1188 674 1229 1169.
711 1186 897 1228 SnuULA
932 1200 1103 1227 sunm
1133 1200 1191 1226 Ac
1228 1201 1504 1241 SATURAST,
1535 1200 1750 1228 LAssnosA
1784 1201 1887 1228 Pm-

438 1268 564 1294 LEMA
586 1285 595 1293 .
627 1253 846 1307 Oblongus
875 1254 1011 1309 prima
1040 1267 1165 1295 manu
1186 1254 1396 1296 Simulena
1417 1254 1550 1295 Silena
1571 1286 1580 1295 .
1611 1258 1792 1296 ceterum
1820 1254 1887 1295 hic

440 1321 573 1363 codex
601 1320 766 1363 Graeca
795 1322 1003 1363 vocabula
1032 1320 1372 1363 emendatissime
1401 1320 1556 1374 scripta
1586 1320 1783 1375 exhibet,
1811 1320 1886 1363 sed

438 1388 588 1430 litteris
628 1388 790 1429 Latinis
814 1403 823 1442 3
855 1402 960 1442 quas
1001 1388 1181 1429 editores
1204 1420 1213 1442 ,
1244 1387 1397 1441 perditi
1437 1387 1597 1428 scilicet
1638 1387 1887 1430 litteratores

440 1454 630 1497 Graecae
649 1455 823 1508 linguae
845 1487 854 1509 ,
877 1468 969 1496 cum
989 1455 1170 1496 tolerare
1190 1467 1271 1495 non
1301 1458 1496 1508 possent,
1519 1454 1689 1495 nomina
1716 1454 1888 1509 propria

439 1534 604 1576 quoque
625 1554 634 1575 ,
667 1535 776 1576 quae
812 1523 1029 1564 Lucretius
1069 1521 1209 1563 omnia
1248 1521 1400 1562 Latina
1438 1520 1555 1562 dedit
1576 1553 1585 1575 ‚
1617 1520 1860 1563 Palladium
1874 1553 1886 1574 ,

438 1588 720 1644 Lampadium
738 1621 747 1639 ‚
769 1589 936 1640 Silena,
958 1589 1113 1631 Satura
1127 1621 1137 1640 ‚
1159 1588 1277 1629 nulla
1306 1600 1399 1629 eum
1428 1587 1510 1629 fide
1537 1587 1710 1630 Graecis
1738 1587 1886 1630 litteris

439 1659 727 1696 exornarunt.
758 1668 856 1696 nam
885 1658 1050 1697 veteres
1079 1654 1141 1695 illi
1172 1667 1280 1707 quae
1310 1655 1435 1695 nimis
1457 1654 1622 1696 Graeca
1647 1654 1887 1697 viderentur

438 1722 498 1764 ita
527 1722 722 1764 solebant
750 1721 991 1775 inflectere,
1020 1725 1064 1762 ut
1094 1721 1278 1762 Lucilius
1309 1720 1423 1775 apud
1449 1722 1630 1763 Nonium
1661 1735 1702 1775 p.
1721 1721 1815 1772 359,
1836 1721 1888 1763 14

438 1788 600 1843 Siquod
611 1789 774 1830 verbum
790 1789 1030 1829 inusitatum
1047 1796 1118 1829 auc
1134 1789 1384 1829 zetematium
1401 1787 1648 1843 offenderam
1658 1819 1668 1839 ‚
1692 1786 1888 1840 idemque

439 1855 482 1895 in
517 1854 710 1896 versibus
746 1855 800 1896 ab
831 1855 1015 1909 Hauptio
1047 1855 1090 1895 in
1122 1853 1340 1906 Philologo
1371 1853 1680 1896 Schneidewini
1707 1868 1722 1893 1
1747 1867 1787 1908 p.
1809 1853 1886 1895 163

440 1920 592 1962 eximie
611 1922 810 1963 restitutis
835 1922 943 1977 Tyro
972 1922 1246 1976 eupatereiam
1271 1921 1455 1975 aliquam
1483 1936 1568 1962 rem
1594 1921 1796 1975 insiynem
1815 1920 1887 1961 ha-

440 1987 574 2028 buisse
589 2020 599 2040 ,
622 1987 720 2029 item
750 1988 835 2030 alio
868 1989 960 2029 loco
981 2004 1031 2029 ne
1050 1988 1345 2029 rhetoricotero'
1367 1996 1409 2029 tu
1429 1989 1487 2029 sis
1509 2018 1518 2027 .
1548 1991 1732 2028 ceterum
1751 1999 1887 2040 neque

441 2053 613 2095 Graecis
627 2067 762 2107 neque
773 2055 933 2096 Latinis
944 2054 1092 2095 litteris
1104 2054 1231 2094 scribi
1244 2053 1424 2095 debebat
1434 2054 1570 2096 Silene
1582 2069 1629 2095 ao
1642 2053 1795 2109 Satyra
1811 2061 1887 2094 esc:

439 2133 535 2161 nam
557 2121 726 2162 vocales
743 2121 928 2164 Graecas
946 2120 1171 2175 productas
1187 2124 1338 2174 poetae
1354 2121 1491 2162 Latini
1513 2124 1608 2174 post
1622 2119 1759 2161 Plauti
1776 2123 1886 2161 aeta-

439 2190 522 2228 tem
551 2200 634 2228 non
665 2188 890 2243 eliserunt,
912 2188 992 2230 nisi
1014 2187 1135 2242 pauci
1157 2187 1268 2240 iique
1290 2200 1384 2228 raro
1408 2218 1416 2227 .
1444 2187 1615 2228 Plautus
1635 2187 1678 2227 in
1700 2185 1886 2240 Captivis

438 2267 494 2308 1v,
512 2253 550 2308 2,
571 2255 651 2296 110
669 2270 719 2296 ne
739 2263 806 2296 ton
821 2255 971 2310 Apollo
993 2286 1003 2295 .
1030 2263 1066 2296 et
1085 2254 1285 2295 servolum
1300 2285 1311 2306 ‚
1330 2254 1372 2294 in
1393 2253 1570 2308 Epidico
1592 2267 1629 2306 V,
1648 2253 1686 2307 2,
1706 2253 1755 2294 17
1777 2253 1887 2309 Apo-

440 2321 584 2362 lactizo
605 2322 792 2364 inimieos
812 2323 942 2363 omnis
959 2353 968 2362 .
990 2321 1176 2362 Lucilius
1198 2321 1326 2362 Nonii
1347 2334 1386 2374 p.
1403 2320 1497 2373 540,
1515 2320 1568 2361 28
1589 2319 1803 2375 amfitapoe
1823 2328 1859 2361 ec
1875 2350 1885 2360 .

439 2389 623 2442 tragicus
645 2389 688 2430 in
708 2389 878 2430 Tuscul.
894 2403 937 2442 11,
956 2388 1009 2430 36
1033 2388 1177 2439 Quibu’
1197 2386 1326 2443 maqi'
1341 2387 1556 2443 palaestra
1575 2387 1735 2427 Eurota
1755 2416 1765 2426 .
1788 2386 1886 2427 Pro-

438 2456 597 2509 pertius
617 2456 693 2498 Ino
715 2457 835 2498 etiam
850 2487 861 2508 ,
885 2454 1054 2496 Callisto
1075 2453 1282 2496 Arcadios
1296 2486 1308 2506 ,
1334 2453 1379 2494 in
1399 2467 1458 2507 111,
1476 2453 1541 2506 28,
1563 2453 1612 2494 19
1628 2453 1682 2494 23
1704 2484 1713 2493 .
1741 2452 1886 2505 Vergi-

438 2522 520 2563 lius
542 2522 659 2565 Circe
678 2523 723 2563 in
743 2555 754 2576 ‚
775 2522 934 2563 Allecto
954 2521 1109 2576 infecta
1123 2553 1134 2574 ,
1156 2521 1313 2562 Allecto
1333 2521 1378 2560 in
1401 2520 1576 2561 Teucros
1589 2551 1601 2572 ,
1623 2519 1727 2560 Aen.
1743 2531 1816 2572 v11,
1832 2518 1887 2560 20

439 2588 519 2631 341
536 2588 619 2631 476
636 2623 645 2632 .
668 2587 942 2631 Germanicus
964 2588 1045 2630 262
1065 2588 1234 2629 Electra
1253 2587 1515 2642 Alcyoneque
1531 2617 1540 2626 .
1567 2585 1694 2627 Silius
1715 2585 1886 2626 Parthe-

439 2671 542 2711 nope
557 2671 605 2697 ac
618 2688 630 2709 ,
651 2656 790 2698 Melite
807 2664 842 2697 et
856 2688 866 2708 ,
887 2656 1084 2709 Drepane
1100 2663 1222 2709 atque
1237 2686 1247 2707 ,
1268 2653 1453 2705 v111‚536
1474 2666 1557 2705 xxv,
1574 2651 1748 2694 251269
1765 2683 1774 2692 .
1795 2650 1886 2692 Sta-

439 2723 523 2764 tius
556 2723 775 2778 Tisiphone
804 2731 840 2764 et
868 2721 998 2764 Theb.
1023 2735 1110 2774 vm,
1128 2721 1181 2762 66
1204 2752 1213 2761 .
1244 2733 1341 2761 nam
1366 2719 1575 2772 Vergilius
1605 2731 1690 2759 non
1719 2716 1887 2771 scripsit

439 2790 576 2831 Beroe·
594 2789 772 2831 Ismarii
789 2803 827 2843 v,
845 2788 953 2841 620,
975 2800 1110 2840 neque
1133 2787 1288 2842 Cinyra
1318 2795 1354 2828 et
1382 2801 1418 2839 x,
1440 2787 1516 2827 186
1534 2819 1544 2836 ,
1571 2797 1648 2827 nee
1669 2785 1812 2827 Cicero
1841 2783 1884 2824 in

440 2856 604 2898 Arateis
635 2855 706 2911 (de
736 2860 887 2897 natura
913 2854 1085 2896 deorum
1105 2868 1149 2905 11,
1170 2853 1265 2907 111)
1286 2852 1554 2894 Andromeda
1573 2852 1794 2907 aufuqiens
1813 2853 1885 2890 aut

439 2923 521 2964 436
542 2922 810 2965 Andromeda
831 2930 866 2963 et
888 2953 897 2962 .
927 2921 1003 2963 sed
1023 2920 1245 2962 Terentius
1275 2923 1384 2962 recte
1406 2921 1614 2975 Hecyrast
1631 2918 1724 2958 huic
1743 2931 1885 2958 nomen
