2040 3328
457 218 510 259 96
1158 216 1199 257 II

457 329 530 381 30,
552 329 580 368 4
616 328 833 370 Lucretius
871 337 1004 370 autem
1044 327 1143 368 dicit
1169 327 1361 382 fulmina
1397 344 1447 369 εει·
1482 328 1650 368 minutis
1686 326 1907 368 seminibus

457 403 641 436 constare
656 426 667 447 7
698 395 788 436 ideo
815 394 1090 449 penetrabilia
1121 409 1206 435 esse
1227 424 1236 433 .

571 461 665 502 384.
699 474 985 500 CAELESTEM
1014 473 1256 500 FULMINES
1286 473 1439 499 IGNEM
1461 491 1470 501 .
1492 459 1730 510 Quadratus
1751 459 1916 510 celestis,

447 529 633 584 fulmine
658 560 666 569 .
690 532 897 569 corrector
929 527 1102 580 oblongi
1131 539 1359 567 rumurms
1382 558 1390 567 .

570 595 667 636 387.
704 609 728 634 E
759 608 924 634 morus
955 608 1108 635 oizi-ns
1140 606 1403 638 TAEDAQUE
1434 605 1651 633 GREATUS
1675 624 1684 632 .
1711 593 1806 634 Non
1835 604 1907 646 po-

459 662 536 702 tuit
564 661 642 702 hoe
671 661 809 702 minus
831 662 1045 714 eleganter
1067 660 1147 701 dici
1166 690 1175 700 .
1196 663 1321 714 poeta
1351 653 1516 714 scripsit
1545 660 1655 714 zjqnis
1675 659 1824 700 Noster
1843 658 1908 700 hic

460 744 479 769 e
501 729 627 784 Zz'ynz's
650 742 773 769 ORTU
794 728 995 784 taedaque
1015 736 1176 769 creatus
1194 758 1203 767 .
1225 726 1417 768 similiter
1438 726 1479 767 in
1500 739 1555 779 vl,
1574 726 1656 767 909
1676 724 1903 778 legendum

460 808 553 837 esse
584 795 819 837 videbimus
849 795 1087 850 ,nlaynetuon
1117 795 1194 849 qui
1206 794 1263 849 fit
1289 794 1442 849 patriis
1473 794 1517 834 in
1533 792 1696 848 finibus
1726 800 1843 834 ortu.

571 863 664 906 390.
715 875 896 907 LIQUOR
942 875 1120 901 ALtMus
1166 873 1400 906 AQUARUM
1437 894 1445 903 .
1488 862 1657 900 Amans
1702 861 1910 900 corrector

460 928 654 982 quadrati
686 932 728 970 et
757 928 989 970 Brixiensis
1020 927 1173 968 editio.

573 996 667 1039 396.
714 1008 952 1035 smootu
998 1007 1230 1039 QUAEQUE
1268 1025 1276 1034 .
1320 992 1585 1035 Correotores
1629 991 1910 1046 antiquissimi

461 1077 674 1103 SINGULA
696 1094 705 1103 .

574 1130 669 1171 401.
701 1141 860 1169 roano
891 1140 1256 1173 PERTORQUENT
1288 1138 1383 1166 ORA
1415 1139 1634 1170 SAPORE.
1669 1124 1793 1181 Apud
1825 1125 1911 1166 Ma·

461 1196 672 1250 crobium,
706 1196 776 1250 qui
807 1195 871 1236 his
902 1195 1029 1236 utitur
1060 1195 1102 1235 in
1125 1194 1290 1236 Saturn.
1321 1208 1374 1247 VI,
1401 1194 1449 1247 1,
1476 1201 1744 1249 pertorquet.
1777 1192 1910 1234 oratio

461 1264 597 1305 lenius
637 1262 827 1304 decurret
848 1294 856 1315 ,
890 1262 925 1303 si
957 1261 1186 1304 scribemus
1213 1269 1479 1316 per-torqueat
1500 1292 1509 1301 .
1541 1259 1618 1302 sed
1649 1262 1786 1314 potest
1812 1258 1911 1300 ferri

458 1338 723 1387 pertorquent
743 1362 751 1370 .

570 1397 665 1438 402.
699 1410 864 1442 mom:
895 1409 1171 1437 nurusnm.
1205 1395 1396 1436 Sic-libri
1425 1394 1555 1436 nostri
1578 1406 1769 1448 semper,
1801 1395 1913 1434 certe

461 1465 599 1519 prima
619 1476 747 1505 manu
765 1496 773 1504 .
793 1464 922 1505 semel
945 1461 1137 1517 quadrati
1161 1461 1339 1516 scriptor
1359 1461 1547 1503 rotundis
1567 1461 1670 1514 iay,
1686 1459 1768 1502 455
1785 1492 1794 1502 .
1815 1459 1912 1500 Fes-

461 1537 526 1574 tus
543 1545 582 1586 p.
602 1531 695 1583 262,
714 1531 767 1573 26
788 1530 1029 1572 Rutundam
1046 1528 1186 1571 aedem
1196 1561 1207 1582 ‚
1225 1532 1267 1570 et
1281 1528 1469 1570 similiter
1485 1541 1524 1582 p.
1542 1527 1636 1581 250,
1653 1527 1704 1569 31
1726 1559 1735 1568 .
1751 1526 1914 1568 Nonius

461 1613 501 1654 p.
519 1599 574 1641 60
594 1597 836 1640 Rutundum
858 1614 884 1638 a
904 1606 995 1639 rota
1015 1596 1168 1637 dictum
1185 1604 1242 1637 est
1256 1628 1266 1648 ,
1288 1595 1352 1637 vel
1366 1603 1456 1636 rota
1472 1611 1498 1636 a
1513 1594 1691 1637 rutundo
1709 1597 1784 1636 ete.
1802 1592 1914 1635 idem

460 1680 500 1720 p.
523 1666 601 1708 164
621 1664 815 1707 Rutunda
832 1665 1011 1719 positum
1033 1663 1233 1719 elzyanter
1251 1694 1259 1715 ,
1288 1663 1480 1704 concinne
1501 1662 1566 1703 vel
1583 1661 1743 1703 collecte
1763 1664 1841 1702 eto.
1871 1659 1915 1701 in

463 1733 666 1774 Varronis
699 1731 751 1772 de
782 1731 928 1783 lingua
957 1730 1109 1771 Latina
1138 1729 1244 1770 libro
1276 1743 1301 1769 v
1331 1743 1370 1782 p.
1386 1729 1441 1770 43
1471 1728 1670 1784 Staqnum
1700 1743 1727 1769 a
1757 1727 1913 1779 Greco,

464 1799 576 1855 quod
594 1801 632 1841 iz·
647 1799 698 1853 (F
702 1799 776 1839 lor.
801 1797 921 1853 quod.
943 1798 1003 1852 η.)
1031 1791 1204 1851 στεγνόν
1234 1795 1345 1851 quod
1372 1811 1452 1837 non
1483 1796 1599 1837 habet
1627 1796 1777 1836 rimam
1794 1825 1803 1834 .
1821 1794 1915 1835 hinc

462 1867 519 1908 ad
547 1866 670 1907 villas
700 1864 884 1906 rutunda
913 1873 1062 1919 staqna
1076 1896 1087 1917 ‚
1110 1862 1221 1919 quod
1237 1861 1463 1903 rutundum
1470 1861 1684 1917 facillime
1712 1861 1913 1912 continet,

462 1933 614 1989 anguli
638 1933 817 1974 maxime
848 1931 1036 1973 laborant
1054 1963 1062 1971 .
1080 1935 1120 1972 et
1151 1930 1210 1971 sic
1240 1941 1404 1983 semper
1422 1959 1431 1968 .
1455 1941 1507 1970 ex
1537 1928 1628 1970 eius
1659 1930 1803 1969 satura
1831 1927 1915 1968 No-

462 2001 554 2042 nius
586 2013 626 2054 p.
648 1999 743 2052 552,
762 1999 816 2040 30
843 1998 938 2052 553,
961 1998 1012 2040 10
1050 1998 1177 2048 Quem
1213 2004 1405 2038 secuntur
1434 2011 1526 2037 cum
1554 1993 1748 2036 rutundis
1776 1993 1916 2035 velites

462 2068 566 2109 leves
580 2067 745 2123 parmis
762 2099 773 2119 ‚
804 2065 1086 2120 Anteszynani
1102 2062 1321 2118 quadratis
1342 2063 1649 2118 multz'sthnibus
1676 2059 1791 2115 (libri
1812 2060 1915 2102 mul-

462 2135 515 2175 tis
535 2132 788 2189 insz'ynibus)
809 2133 925 2173 teeti.
946 2132 1043 2173 item
1074 2130 1116 2171 in
1138 2127 1326 2171 eiusdem
1347 2129 1547 2171 Varronis
1578 2141 1714 2171 rerum
1745 2126 1915 2168 rustica-

462 2216 552 2243 rum
585 2199 815 2254 exemplari
846 2197 926 2239 hoc
955 2197 1206 2240 vocabulum
1237 2208 1366 2248 saepe
1392 2195 1452 2236 ita
1471 2195 1672 2249 scriptum
1702 2194 1788 2247 legi
1808 2193 1916 2234 Poli-

465 2269 605 2310 tianus
627 2270 828 2320 testatur,
850 2280 877 2319 Ι,
894 2265 961 2319 51,
985 2266 1003 2305 1
1026 2263 1252 2306 rutundam
1274 2267 1314 2304 et
1333 2261 1512 2304 rutundo
1527 2293 1538 2315 ,
1559 2276 1618 2316 111,
1639 2261 1678 2316 5,
1705 2261 1754 2302 12
1773 2268 1915 2302 rutun-

465 2335 567 2389 dus,
599 2349 658 2389 111,
684 2334 746 2387 16,
774 2334 822 2374 18
853 2331 1066 2374 rutunda.
1089 2344 1142 2372 ex
1172 2330 1251 2371 hoc
1282 2329 1379 2371 Itali
1410 2329 1599 2370 fecerunt
1627 2327 1789 2370 ritondo
1806 2358 1816 2369 .

545 2402 670 2443 ,403.
710 2413 965 2441 IUCUNDET
1006 2411 1194 2439 TACERE
1229 2410 1444 2438 POSSUNT
1468 2429 1476 2438 .
1505 2395 1604 2437 Itali
1643 2399 1684 2438 et
1719 2393 1915 2448 impressi

464 2482 687 2511 mouson
717 2467 804 2521 (vel
835 2479 970 2520 prava
999 2463 1302 2507 consuetudine
1333 2462 1525 2516 iocunde)
1555 2475 1770 2503 TANGERE
1793 2493 1802 2502 .

576 2536 672 2578 413.
705 2535 978 2588 Nommssus
1009 2545 1195 2572 DIGITIS
1218 2565 1226 2574 .
1250 2530 1488 2583 Naugerius
1519 2530 1798 2570 Mommnns
1822 2559 1831 2568 .

577 2602 674 2644 414.
709 2613 999 2641 PENETRALE
1044 2611 1196 2639 PUTES
1226 2629 1234 2638 .
1272 2597 1489 2639 Correetor
1533 2595 1724 2650 quadrati
1769 2608 1917 2636 Penn-

467 2684 650 2722 rmum,
681 2669 823 2721 itaque
854 2666 1064 2708 Antonius
1095 2664 1361 2706 Florentinus
1393 2667 1433 2704 et
1465 2662 1694 2704 Brixiensis
1724 2662 1852 2704 editio
1870 2693 1880 2703 .

577 2737 671 2778 421.
716 2736 818 2776 Aur
848 2747 1011 2775 rosDA
1042 2746 1215 2772 specu:
1247 2745 1295 2771 DI
1326 2744 1612 2775 TURPESQUE
1643 2742 1917 2770 VIDENTUR.

467 2804 705 2855 Quadratus
727 2801 794 2843 hic
815 2801 943 2844 semel
953 2799 1064 2855 feda
1086 2833 1096 2842 .
1129 2811 1205 2853 pro
1228 2797 1458 2852 disyllaba
1488 2800 1695 2839 corrector
1724 2794 1918 2850 quadrati

468 2870 564 2913 fecit
579 2870 677 2926 fedi
688 2902 698 2922 7
718 2869 925 2910 Antonius
943 2867 1064 2909 Marii
1082 2866 1158 2922 qui
1172 2865 1294 2919 olidi,
1314 2865 1412 2907 olim
1430 2864 1622 2919 impressi
1639 2863 1760 2916 caeli,
1778 2861 1916 2904 Avan-
