2040 3328
417 226 468 268 12
1011 244 1247 272 EMENDATIO

415 339 606 380 Schulzio
627 373 636 393 ,
659 340 748 382 viro
779 340 931 383 illustri
963 342 1195 384 litterarum
1217 345 1484 388 colendarum
1509 347 1857 391 adiuvandarum-

413 419 495 459 que
530 406 864 460 studiosissime,
902 409 1207 451 commodatum
1254 410 1354 453 mihi
1390 414 1571 456 maxime
1610 415 1767 470 profuit
1802 417 1857 458 ad

414 473 653 515 reddendas
674 474 852 516 Marullo
875 475 1024 516 laudes
1045 489 1170 530 suas,
1200 490 1303 530 quas
1329 479 1544 535 plerique,
1574 483 1645 534 qui
1674 496 1768 524 eum
1795 496 1856 525 se-

415 540 497 580 cuti
519 545 642 594 sunt,
665 541 732 583 vel
755 541 922 583 silentio
953 547 1194 595 presserunt
1224 545 1290 586 vel
1321 546 1518 588 conviciis
1549 548 1858 591 contaminave-

413 610 534 647 runt.
558 606 705 648 horum
739 608 896 661 primus
929 608 1007 649 fuit
1038 609 1316 665 Hieronymus
1343 612 1548 654 Avantius
1577 613 1855 668 Veronensis,

414 674 483 726 qui
516 687 607 715 eum
639 688 684 716 se
714 674 791 716 hoc
823 679 973 728 poema
1008 690 1084 717 suo
1122 677 1290 730 ingenio
1325 682 1366 720 et
1394 679 1538 722 labore
1568 680 1658 723 sine
1688 682 1857 734 antiquo

415 741 643 794 exemplari
666 741 913 784 emendasse
940 743 1107 797 scribit,
1131 744 1283 785 furtum
1304 745 1471 798 insigne
1492 746 1752 800 dissimulat,
1775 761 1857 802 quo

415 820 506 848 eum
543 808 745 862 pleraque
775 809 941 851 Marulli
972 810 1143 852 inventa
1177 812 1351 865 turpiter
1388 813 1638 867 corripuisse
1669 814 1858 856 demons-

412 875 532 915 trabo
562 875 618 916 ad
648 876 798 917 librum
830 891 902 930 111,
935 877 987 919 98
1005 910 1014 919 .
1037 877 1103 918 hie
1134 881 1272 919 tamen
1297 878 1533 933 Avantius,
1565 881 1682 923 cuius
1713 881 1859 923 editio—

413 955 507 982 nem
538 942 724 984 Venetiis
754 943 966 997 impressit
995 944 1126 985 Aldus
1157 957 1266 986 anno
1301 946 1433 999 1500,
1465 947 1590 988 habet
1625 947 1860 989 laudabilia

413 1008 517 1049 satis
549 1010 681 1051 multa
711 1023 794 1051 non
823 1022 850 1050 a
879 1010 1056 1051 Marullo
1087 1011 1244 1064 petita,
1281 1012 1490 1065 quaedam
1531 1013 1657 1055 etiam
1687 1027 1710 1055 e
1739 1013 1859 1055 libris

414 1075 619 1128 quadrato
641 1079 784 1117 nostro
807 1076 1041 1129 similibus,
1064 1076 1214 1129 quibus
1235 1078 1412 1132 improbi
1436 1079 1538 1121 furis
1559 1092 1736 1134 nomen,
1759 1081 1860 1133 quia

413 1156 494 1183 non
526 1143 640 1196 potui
672 1143 814 1197 aliud,
852 1143 1031 1197 apposui
1062 1143 1214 1184 invitus
1239 1176 1247 1184 .
1275 1144 1396 1187 huius
1427 1145 1728 1200 ineptissimam
1763 1147 1860 1189 scri-

414 1209 539 1250 bendi
571 1210 774 1251 rationem
795 1209 1063 1251 Eichstadius
1085 1209 1271 1252 studiose
1294 1211 1477 1254 imitatus
1497 1216 1559 1255 est
1574 1245 1584 1255 .
1607 1213 1858 1267 Avantium,

413 1276 529 1318 cuius
560 1280 699 1318 tamen
722 1276 879 1318 nullam
910 1276 1163 1319 mentionem
1195 1277 1317 1332 fecit,
1355 1279 1398 1320 in
1427 1279 1639 1334 plerisque
1669 1280 1860 1322 omnibus

411 1344 597 1396 sequitur
628 1343 838 1386 Iohannes
869 1343 1062 1397 Baptista
1092 1345 1197 1386 Pius
1228 1345 1528 1401 Bononiensis,
1564 1347 1636 1400 qui
1673 1347 1716 1388 in
1753 1359 1859 1388 com-

411 1411 615 1453 mentario
648 1411 863 1452 Bononiae
894 1423 1005 1452 anno
1037 1411 1140 1453 1511
1174 1411 1286 1454 edito
1317 1426 1402 1454 non
1430 1414 1546 1456 nulla
1576 1414 1746 1467 egregie
1774 1427 1860 1455 eor-

412 1478 544 1532 rexit,
570 1478 953 1532 antiquissimorum
984 1479 1283 1533 exemplarium
1313 1479 1395 1522 fide
1423 1480 1650 1523 identidem
1681 1481 1861 1535 interpo-

411 1545 520 1599 sita,
543 1558 635 1587 cum
667 1549 806 1587 tamen
836 1559 929 1588 eum
961 1546 1086 1588 nullis
1117 1546 1199 1588 nisi
1229 1546 1527 1589 recentissimis
1549 1551 1638 1590 arte
1659 1547 1860 1590 Italorum

412 1612 609 1667 expolitis
639 1626 757 1654 usum
789 1626 882 1655 csse
922 1617 963 1655 et
994 1626 1060 1655 res
1090 1613 1183 1667 ipsa
1214 1613 1408 1656 ostendat
1438 1618 1478 1655 et
1515 1626 1656 1656 eorum
1693 1613 1861 1656 nomina

413 1693 588 1734 quorum
620 1680 831 1722 codicibus
870 1694 968 1723 usus
1006 1685 1068 1723 est
1095 1712 1104 1722 .
1135 1679 1235 1722 dicit
1270 1681 1381 1722 enim
1418 1694 1464 1723 se
1494 1681 1614 1735 quasi
1645 1681 1803 1723 Zeuxin
1838 1693 1861 1723 e

412 1757 604 1803 quattuor
626 1747 868 1801 corporibus
891 1759 1018 1788 unam
1041 1747 1233 1789 Lucretio
1256 1748 1432 1790 formam
1453 1748 1741 1803 praestitisse,
1764 1761 1859 1790 enu-

413 1819 546 1857 merat
575 1819 714 1856 autem
746 1815 1032 1869 exemplaria,
1055 1814 1205 1868 quibus
1233 1828 1332 1857 usus
1354 1815 1432 1870 sit,
1454 1815 1536 1857 nisi
1558 1815 1708 1869 fallor,
1742 1815 1859 1870 quin-

413 1899 490 1938 que
513 1882 683 1936 (itaque
706 1881 758 1924 de
773 1882 960 1924 Zeuxide
976 1881 1120 1924 Cicero
1144 1886 1184 1924 et
1203 1882 1413 1936 Plinius),
1438 1882 1624 1924 codicem
1647 1881 1860 1924 Hermolai

414 1955 453 1992 et
474 1949 693 2004 Pomponii
713 1950 765 2003 (a
795 1963 875 2003 quo
908 1949 1079 1991 differre
1110 1949 1301 1991 existimo
1324 1949 1611 1991 Basileensem
1641 1961 1667 1990 a
1687 1948 1862 2002 Pompo-

414 2018 484 2059 nio
515 2017 559 2058 in
589 2029 756 2059 earcere
786 2018 986 2072 seriptum
1017 2030 1127 2058 anno
1163 2017 1294 2071 1468,
1335 2017 1376 2057 in
1414 2029 1496 2070 quo
1528 2015 1703 2057 Barbari
1734 2014 1861 2056 ullam

413 2085 663 2126 mentionem
694 2097 787 2126 esse
815 2098 899 2126 non
935 2083 1061 2125 refert
1091 2083 1273 2126 Orellius
1303 2083 1347 2125 in
1378 2082 1555 2124 historia
1585 2082 1726 2124 critica
1756 2081 1862 2123 eclo-

412 2165 561 2205 garum
583 2165 634 2193 ex
656 2151 827 2194 Salustii
857 2150 1125 2192 historiarum
1157 2150 1274 2192 libris
1306 2149 1419 2192 edita
1439 2149 1579 2191 Turiei
1610 2162 1720 2190 anno
1755 2148 1860 2190 1833

412 2234 451 2274 p.
470 2219 578 2272 35),
609 2218 796 2260 codicem
815 2232 900 2260 non
924 2218 1091 2259 omnino
1113 2217 1268 2259 malum
1290 2218 1360 2271 qui
1389 2216 1537 2258 fuisset
1566 2215 1657 2258 ‘viri
1688 2227 1773 2256 non
1804 2215 1860 2255 in-

413 2286 524 2328 docti
555 2286 692 2339 gentis
723 2285 981 2327 clarissimae
1010 2285 1298 2338 Strotiorum,'
1332 2283 1516 2338 Philippi
1546 2281 1744 2324 Beroaldi
1776 2281 1861 2322 ‘im-

413 2367 602 2408 pressum
634 2352 831 2407 quidem,
868 2352 944 2394 sed
979 2355 1118 2394 tamen
1155 2364 1362 2406 perpense
1393 2350 1674 2392 examinatum
1693 2347 1715 2403 ,'
1744 2361 1862 2403 prae-

412 2425 529 2463 terea
551 2421 677 2463 Codri
697 2420 1013 2475 (Brixiensem,
1038 2424 1138 2473 puto
1157 2452 1166 2473 ,
1188 2419 1259 2472 qui
1280 2418 1324 2459 in
1344 2432 1384 2471 1,
1407 2418 1488 2460 853
1510 2417 1636 2459 habet
1657 2414 1769 2470 quod
1790 2414 1862 2457 ille

413 2503 436 2531 e
468 2488 594 2531 Codri
625 2487 767 2529 codice
798 2485 960 2540 adfert,
991 2487 1163 2541 sanquis
1194 2485 1396 2540 omoz‘os),
1427 2488 1637 2538 postremo
1669 2481 1860 2524 Marulli.

413 2556 473 2597 ita
509 2569 535 2597 a
569 2555 646 2596 Pio
684 2567 818 2608 usque
864 2553 920 2595 ad
956 2552 1229 2606 Forbigerum
1271 2564 1414 2593 omnes
1453 2549 1633 2592 Lucretii
1679 2548 1862 2591 editores

414 2623 528 2664 nullo
550 2621 741 2665 veritatis
762 2620 900 2662 studio
919 2619 1178 2674 exemplaria
1192 2622 1337 2661 vetera
1353 2622 1393 2660 et
1413 2616 1697 2659 recentissima
1712 2647 1724 2666 ‚
1746 2615 1862 2657 multi

416 2690 668 2732 Marulliana
699 2700 864 2742 quoque
894 2691 935 2728 et
965 2686 1146 2740 Aldina,
1187 2685 1326 2726 omnia
1365 2683 1514 2726 eodem
1551 2695 1724 2725 numero
1753 2682 1861 2724 loco-

415 2771 496 2810 que
519 2757 780 2809 habuerunt,
812 2768 893 2808 quo
925 2754 1080 2795 factum
1103 2755 1166 2794 est
1187 2756 1229 2793 ut
1250 2763 1394 2792 omnes
1417 2751 1544 2792 multo
1566 2751 1687 2804 plura
1709 2753 1862 2791 temere

417 2827 458 2865 et
487 2822 679 2877 imperite
709 2821 951 2876 temptando
989 2822 1299 2874 corrumperent
1330 2830 1455 2872 quam
1486 2821 1765 2859 correctorum
1795 2829 1862 2858 ve-

415 2896 548 2932 terum
585 2891 626 2931 et
658 2888 861 2930 Italorum
900 2887 1152 2941 Marullique
1192 2885 1384 2939 exemplo
1422 2885 1465 2925 in
1504 2884 1710 2937 integrum
1747 2882 1862 2924 resti—

415 2960 602 3000 tuerent.
624 2954 815 2996 Andreas
833 2955 1073 3010 Nauyerz'us
1089 2987 1100 3007 ‚
1128 2954 1245 2995 euius
1270 2964 1399 3006 opera
1418 2950 1550 2992 Aldus
1577 2963 1674 2992 usus
1691 2953 1754 2990 est
1769 2961 1861 2990 cum
