2040 3328
276 356 420 412 1410.
452 355 652 397 Minoam
687 367 899 396 INTEREA
936 366 1149 395 orimum·
1190 366 1476 395 nuncnnmss
1511 366 1663 395 rauc-

181 439 280 468 τωι
297 457 308 468 .
329 415 542 477 Antonius
573 423 699 465 Marii
721 422 984 464 Mnonma.
1009 421 1086 464 sed
1102 421 1301 477 fructum
1330 436 1479 476 capere
1509 420 1664 474 vigiles

179 494 323 548 inepte
353 491 578 545 dicuntur,
601 491 684 534 nisi
726 504 818 534 cum
851 489 1061 532 Lambino
1098 488 1298 531 addimus
1328 503 1635 530 nuncnmms
1653 521 1663 530 .

180 565 366 604 ceterum
396 561 557 603 interea
578 559 648 602 hic
668 563 732 602 est
750 558 883 601 nihilo
904 558 1044 600 minus
1062 589 1072 610 ‚
1094 561 1141 598 ut
1161 556 1204 598 in
1226 571 1287 611 ιιι,
1309 557 1418 600 1020
1448 561 1490 599 et
1509 557 1554 598 in
1584 556 1664 598 hoc

178 629 291 672 librov
325 641 458 685 supra
491 641 620 671 versu
644 627 727 683 83,
755 626 857 669 item
892 624 1004 675 394,
1024 624 1096 666 ubi
1133 624 1235 666 olim
1270 625 1468 680 impressi
1508 625 1665 668 habent

179 699 226 740 in
253 706 394 751 terra,
417 709 524 752 quos
554 696 667 739 male
696 693 830 738 secuti
861 697 960 736 sunt
988 692 1201 735 'Avantius
1227 693 1473 747 Naugerius
1494 693 1663 735 Lambi-

178 778 262 809 nus
293 764 501 819 Forbiger
518 796 529 807 .

296 833 418 876 1416.
450 844 646 874 ειαιιωι
682 842 894 871 nemon
917 860 926 870 .
959 828 1183 872 Con-ector
1225 829 1400 883 oblongi
1439 844 1514 871 sm
1556 831 1662 872 illa.

295 901 419 944 1418.
449 901 629 943 Penus
668 911 786 939 rum
815 910 1016 938 cncmn·
1048 911 1221 939 vEs'r1s
1259 911 1552 939 CONTEMPTA
1584 913 1662 939 FE-

178 983 295 1011 auu
313 1001 323 1012 .
345 969 477 1012 Recte
506 967 714 1011 Marullus
745 966 879 1009 Pellzis
908 979 1124 1007 ramum:
1142 998 1152 1008 .

297 1037 420 1081 1419.
452 1051 578 1078 susc
608 1049 723 1077 assa
752 1047 1039 1077 seramus.
1064 1034 1304 1077 Brixiensis
1336 1034 1475 1078 editor
1506 1040 1549 1078 et
1575 1035 1662 1078 Ma·

178 1105 316 1149 rullus
345 1119 473 1147 ‘runc
491 1137 501 1147 .

295 1174 420 1217 1425.
451 1172 572 1225 Ωιισ
595 1185 745 1213 ustus
782 1184 1016 1213 nunoms
1033 1203 1043 1214 .
1066 1170 1339 1214 correctores
1377 1171 1661 1226 antiquissimi

177 1257 226 1284 m
255 1243 374 1285 nobis
390 1274 400 1285 .

294 1309 416 1353 1429.
449 1309 560 1351 Dum
597 1322 818 1350 pensans
854 1323 1015 1350 TAMEN
1053 1322 1155 1350 sx’r.
1178 1307 1259 1350 sid
1293 1308 1533 1363 quadratus
1565 1314 1606 1351 et
1637 1323 1664 1351 a

177 1382 418 1422 correctore
438 1377 651 1431 oblongus
669 1409 679 1419 .
700 1377 890 1434 reliquid
917 1377 1152 1432 quadratus
1174 1377 1217 1419 in
1238 1391 1294 1431 lv,
1318 1377 1423 1419 1137
1442 1410 1452 1432 ,
1475 1377 1587 1420 idem
1618 1378 1666 1420 id

176 1461 222 1501 ιι,
238 1447 324 1490 683
354 1460 394 1501 V,
412 1446 493 1489 737
514 1478 524 1487 .
545 1459 755 1487 pensan
786 1445 887 1488 Itali
917 1450 960 1488 et
991 1446 1224 1488 Marullus.

294 1514 416 1557 1431.
446 1513 644 1556 SEMPER
673 1527 730 1554 ET
762 1528 932 1555 cums.
955 1514 1052 1556 Itali
1084 1519 1125 1556 et
1148 1514 1353 1556 Marullus
1382 1523 1419 1557 et
1449 1529 1495 1555 m
1517 1515 1659 1557 cteris.

294 1582 416 1626 1436.
446 1595 603 1624 uuum
631 1595 838 1631 maenum
861 1595 1135 1623 vsnsA'an
1166 1596 1400 1624 TEMPLUM
1418 1616 1427 1625 .
1451 1583 1660 1626 Marullus

173 1667 374 1708 maynum
405 1659 443 1693 et
471 1651 667 1693 versatile
684 1682 693 1691 .
715 1649 793 1693 sed
823 1651 1020 1693 versatile
1050 1663 1136 1692 non
1164 1650 1304 1705 magis
1335 1651 1532 1707 ternplum
1564 1665 1661 1694 esse
1735 1652 1747 1663 ⁸

174 1723 316 1776 potest
336 1732 466 1774 quam
487 1719 602 1762 locus
618 1751 629 1762 .
651 1731 754 1773 ergo
785 1718 1056 1761 scribendum
1078 1723 1142 1762 est
1170 1719 1325 1761 mundi
1339 1733 1629 1760 vessuims
1651 1735 1659 1762 :

174 1800 273 1831 nam
305 1788 472 1831 eaelum
501 1787 631 1830 etiam
660 1801 747 1830 non
769 1787 973 1830 versatile
1004 1800 1100 1830 esse
1126 1800 1255 1842 posse
1286 1791 1415 1843 poeta
1435 1801 1520 1830 non
1551 1787 1661 1830 dixit

172 1856 256 1899 nisi
286 1869 419 1912 supra
449 1856 494 1898 in
531 1855 813 1909 emblemate,
836 1868 965 1898 versu
984 1856 1097 1898 517.
1119 1854 1242 1898 duxit
1275 1861 1419 1898 tamen
1450 1870 1473 1898 e
1504 1856 1661 1899 vitiosa

174 1925 388 1980 scriptura
416 1926 548 1980 poeta
577 1924 871 1979 ineptissimus
891 1937 1014 1966 suum
1044 1924 1180 1978 illud,
1202 1924 1319 1979 quod
1347 1928 1412 1966 est
1439 1924 1484 1966 in
1514 1925 1661 1967 antho-

176 1992 323 2047 logiae
343 1992 693 2036 Burmannianae
721 1995 836 2035 tomo
866 2006 899 2033 11
927 2005 968 2047 p.
986 1992 1070 2036 298
1088 2025 1097 2047 ‚
1120 1992 1195 2035 Sol
1200 1991 1347 2048 facies
1367 1991 1521 2034 mundi
1536 1993 1659 2035 caeli-

174 2076 254 2117 que
281 2060 462 2103 volubile
491 2060 689 2116 templum
705 2092 716 2103 .
1038 2078 1050 2086 ·

290 2127 413 2172 1440.
443 2141 673 2170 nnennsr
692 2161 702 2171 .
722 2128 821 2171 Itali
853 2133 895 2171 et
924 2128 1122 2185 impressi
1152 2128 1442 2170 DEGEBANT.

290 2195 414 2240 1441.
444 2210 826 2243 mscnssnuoun
844 2229 854 2239 .
878 2197 927 2238 In
950 2196 1138 2252 oblongo
1171 2206 1215 2239 ta
1238 2196 1410 2252 syllaba
1439 2202 1504 2240 est
1535 2197 1580 2240 in
1611 2197 1656 2239 li-

172 2269 270 2308 tura
287 2297 297 2307 .
319 2264 364 2307 in
392 2269 575 2321 utroque
604 2265 763 2308 factum
792 2279 1141 2312 mscnmsomz
1158 2297 1169 2308 .

288 2333 411 2376 1442.
442 2334 553 2376 Tun
581 2347 712 2375 usna·
749 2346 1014 2376 vnmvonrs
1050 2348 1310 2376 FLoRneAT
1346 2337 1503 2375 paor}
1536 2348 1655 2377 ono-

169 2415 290 2457 nns,
322 2403 549 2444 Auxxnu
584 2414 645 2443 Ac
682 2415 857 2444 soc1os
901 2416 988 2444 uu
1024 2417 1185 2444 PAc'ro
1227 2416 1455 2444 somnam:
1500 2419 1654 2446 HABE-

169 2483 294 2511 ΒΑΜ·
317 2502 326 2511 .
357 2469 477 2513 Haec
512 2483 608 2513 cum
644 2483 771 2513 nemo
815 2471 1004 2526 priorum
1040 2471 1268 2527 probasset
1287 2505 1298 2526 ‚
1331 2472 1656 2526 elegantissima

168 2537 266 2580 visa
307 2541 407 2580 sunt
435 2537 708 2581 Wakefieldo
745 2539 992 2582 Eichstadio
1032 2539 1266 2594 Forbigero
1305 2539 1468 2583 Orellio
1491 2573 1500 2595 ‚
1533 2546 1574 2583 et
1619 2541 1654 2582 si

169 2604 246 2659 qui
276 2604 389 2648 hunc
417 2608 588 2661 poetam
607 2638 617 2660 ‚
639 2606 806 2649 scilicet
834 2615 925 2650 arce
953 2607 1101 2650 rudem
1117 2640 1128 2662 ,
1150 2620 1443 2662 quaecumque
1474 2622 1554 2651 nec
1574 2609 1654 2651 La-

169 2672 262 2714 tina
297 2685 377 2716 nec
411 2685 546 2716 sanae
580 2674 735 2716 mentis
769 2678 872 2717 sunt
907 2675 1062 2718 decere
1098 2676 1397 2718 existimarunt
1418 2708 1427 2716 .
1459 2676 1654 2730 plerique

168 2739 396 2782 Marullum
419 2741 554 2782 secuti
584 2741 846 2796 scripserunt
869 2744 975 2784 Tum
1000 2759 1117 2786 mare
1137 2743 1358 2785 velivolum
1365 2743 1549 2797 florebat
1579 2759 1652 2785 na-

168 2808 288 2850 vibus
314 2807 475 2863 pandis
490 2839 501 2850 .
523 2807 702 2851 Servius
725 2809 838 2851 Petri
859 2809 1056 2852 Danielis
1086 2811 1205 2864 (nam
1226 2810 1496 2852 Burmannus
1519 2811 1654 2853 verba

168 2874 432 2930 interpolata
469 2874 606 2929 dedit)
639 2875 696 2918 ad
734 2876 954 2919 Aeneidos
988 2891 1059 2931 vn,
1077 2877 1162 2921 804
1197 2878 1422 2920 Lucretius
1457 2878 1654 2921 Florebat

167 2942 348 2984 navibus
372 2950 552 2999 pontu-9.
575 2942 637 2985 sic
667 2943 741 2986 ille
761 2945 1063 2998 grammaticus
1091 2945 1281 2988 carmina
1302 2945 1487 2988 Lucretii
1508 2947 1650 3000 negle-

166 3014 319 3069 genter
334 3009 496 3057 referre
506 3011 640 3056 solet.
658 3010 764 3059 mihi
774 3011 819 3054 in
833 3011 948 3054 vitiis
960 3012 1119 3073 apertis
1133 3018 1293 3057 certam
1307 3013 1651 3061 emendationem
