2040 3328
430 223 512 264 390
751 228 753 230 ’
1122 223 1177 262 Vl

430 334 668 389 arqencost?
689 334 762 374 abi
777 334 835 374 sis·
850 364 861 384 ,
885 333 1029 373 belua.
1052 331 1203 384 quibus
1224 333 1446 385 gemellum
1468 338 1530 375 est
1549 334 1592 375 in
1612 334 1810 376 Asinaria
1828 350 1871 388 11,

430 401 468 453 2,
486 400 538 441 31
562 400 685 440 Iubeo
708 407 743 440 te
773 399 930 440 salvere
950 403 1109 440 summa
1129 413 1220 439 voce
1235 430 1246 450 ,
1268 399 1406 452 quoad
1431 401 1539 441 vires
1567 401 1726 442 valent.
1748 400 1872 456 Gym-

429 467 594 508 nasium
616 465 757 519 flayrz'
768 497 778 517 ‚
805 464 955 506 salveto
973 496 981 504 .
1019 463 1122 519 quid
1163 465 1255 519 ayz's
1270 496 1280 516 ‚
1316 474 1447 506 custos
1490 468 1700 509 carceris?
1732 468 1874 522 itaque

430 532 534 574 nihil
565 531 617 573 ab
648 531 727 572 hac
760 534 881 585 parte
915 530 1116 584 praesidii
1147 534 1211 572 est
1239 530 1304 571 his
1339 531 1488 584 quibus
1518 532 1622 574 haee
1650 533 1871 587 adscribo,

430 600 507 640 Est
543 607 579 640 et
608 598 832 639 Athenaeis
866 598 912 639 in
948 598 1155 639 moenibus
1173 613 1185 638 :
1207 597 1350 638 debuit
1387 598 1497 639 enim
1532 600 1654 641 etiam
1689 612 1807 654 esse,
1829 603 1875 641 ut

431 665 558 719 paulo
589 668 685 719 post
714 664 795 706 786
817 665 894 705 Est
924 665 1044 705 etiam
1073 665 1235 718 maqm's
1256 664 1469 714 Heliconis
1497 666 1697 707 montibus
1725 666 1846 708 arbos
1863 669 1884 706 .“

432 744 562 785 quare
591 731 658 772 hic
687 743 854 783 quoque
883 730 1079 772 librarios
1100 742 1277 784 peccare
1307 730 1474 785 iudice,
1496 743 1573 774 nec
1602 730 1744 773 dubito
1774 733 1873 786 quin

431 798 648 840 Lucretius
678 797 895 851 scripserit
924 798 1000 838 Est
1030 811 1120 837 ur.
1154 800 1335 838 ceterum
1366 809 1418 838 ex
1447 796 1513 838 his
1543 797 1772 840 existimari
1799 811 1874 853 po-

432 869 513 907 test
542 877 668 918 quam
698 864 808 905 falso
831 863 1046 905 Bentleius
1068 864 1264 905 Terentio
1294 862 1372 905 hoc
1392 873 1428 906 et
1457 877 1532 918 pro
1554 865 1675 906 eciam
1695 864 1874 919 positum

432 936 494 974 ter
524 935 726 984 quaterve
756 929 1005 971 adfinxerit.

546 997 639 1039 754.
673 1011 882 1038 onmem.
905 997 973 1038 Sic
1011 996 1242 1050 quadratus
1260 1027 1269 1038 .
1291 997 1334 1037 in
1377 996 1557 1051 oblongo
1586 997 1724 1051 prima
1751 1010 1877 1041 manu

434 1065 609 1107 videbar
638 1064 739 1105 mihi
770 1064 911 1116 legere
940 1064 1119 1105 daiam:
1141 1067 1348 1105 corrector
1377 1063 1476 1105 fecit
1506 1064 1730 1106 GRAIUM.
1801 1055 1809 1062 ⁸

547 1130 640 1172 755.
672 1131 767 1171 SED
798 1144 990 1171 NATURA
1020 1144 1132 1170 Loc1
1163 1143 1281 1171 OPUS
1308 1143 1499 1170 Echrr
1528 1145 1635 1172 1PsA
1665 1144 1875 1174 SUAM-E.

434 1198 513 1239 Hic
548 1197 684 1252 prima
719 1197 896 1240 offensio
933 1194 976 1238 in
1014 1197 1130 1238 hiatu
1162 1200 1250 1252 est,
1273 1197 1339 1238 cui
1374 1198 1536 1239 nullum
1571 1198 1750 1240 similem
1785 1211 1877 1241 esse

433 1266 562 1320 paulo
593 1269 690 1306 ante
712 1264 766 1306 ad
798 1277 965 1306 versum
986 1264 1066 1306 743
1097 1264 1212 1306 dixi.
1234 1264 1438 1306 Avantius
1467 1266 1613 1307 vitium
1637 1265 1741 1307 vitio
1762 1265 1878 1308 rede·
1921 1311 1926 1316 .

435 1333 533 1386 mit,
557 1345 650 1375 eum
681 1331 848 1386 scripsit
878 1330 962 1373 Sed
988 1339 1141 1372 natura
1178 1331 1261 1372 loci
1284 1332 1356 1373 hoe
1387 1347 1515 1387 opus.-
1535 1345 1632 1374 nam
1662 1331 1878 1373 Lucretius

434 1399 641 1442 vocabula
668 1398 799 1440 ‘iambi
829 1397 951 1451 pedis
978 1410 1176 1440 mensura
1205 1398 1533 1452 comprehensa,
1555 1410 1663 1452 quae
1690 1399 1735 1440 in
1755 1410 1879 1440 voca-

435 1467 518 1509 lem
539 1466 737 1508 desinunt
754 1498 763 1519 ,
785 1457 869 1506 non
887 1459 1057 1518 copulat
1078 1477 1169 1506 cum
1191 1465 1424 1518 insequenti
1440 1465 1578 1507 vocali
1596 1496 1604 1505 .
1629 1464 1731 1520 quid
1747 1467 1880 1518 ergo?

435 1534 572 1575 hiatus
603 1532 771 1573 facilius
800 1531 899 1573 ferri
929 1534 1067 1584 potest
1089 1543 1211 1584 quam
1235 1531 1382 1586 elisio,
1405 1532 1651 1586 praesertim
1680 1536 1880 1585 sequente

435 1599 574 1643 vocali
611 1599 727 1640 brevi
747 1631 755 1639 .
778 1602 821 1639 at
856 1610 1087 1652 pronomen
1123 1599 1308 1652 postulat
1347 1599 1579 1640 sententia.
1601 1599 1660 1640 ita
1695 1603 1783 1641 est:
1805 1598 1880 1641 sed

435 1666 632 1721 repudiat
652 1681 754 1720 opus
770 1697 780 1718 ,
802 1665 883 1705 nisi
905 1664 1012 1705 forte
1043 1665 1251 1706 cornicum
1272 1678 1377 1719 opus
1398 1665 1582 1707 dicemus
1613 1678 1707 1708 esse
1738 1679 1879 1708 eorum

435 1734 581 1787 fugam
611 1736 652 1774 et
682 1731 937 1773 discessum.
960 1731 1046 1772 scio
1069 1731 1238 1784 quidem
1264 1747 1366 1786 opus
1395 1744 1471 1785 pro
1494 1732 1642 1774 effectu
1672 1733 1755 1776 dici
1772 1764 1786 1786 ,
1804 1731 1879 1774 sed

436 1801 489 1843 dc
520 1813 564 1842 re
586 1811 766 1854 operosa
796 1801 836 1839 et
856 1798 1000 1850 magni
1027 1798 1279 1851 moliminis,
1302 1802 1346 1839 ut
1375 1799 1417 1839 in
1447 1813 1462 1838 1
1482 1799 1664 1840 Lucretii
1687 1798 1765 1841 153
1782 1799 1880 1853 for-

435 1867 547 1909 mido
564 1866 751 1908 mortalis
767 1866 940 1906 concinet
954 1866 1102 1918 omnis,
1120 1865 1240 1915 Quod
1247 1866 1377 1907 multa
1392 1867 1437 1907 in
1454 1867 1576 1907 terris
1571 1867 1679 1921 fleri
1689 1866 1881 1921 caeloque

435 1943 598 1976 tuemur
618 1966 628 1986 ‚
661 1933 841 1983 Quorum
871 1947 1039 1987 operum
1068 1947 1216 1973 causas
1245 1956 1325 1986 —,
1347 1936 1388 1974 et
1417 1933 1460 1973 in
1489 1933 1626 1974 Aetna
1656 1932 1806 1974 Lucilii
1827 1931 1880 1975 25

436 2002 521 2052 Qui
533 2009 642 2042 tanto
659 2008 791 2041 ‘motus
812 2000 944 2054 operi,
963 2014 1067 2053 quae
1083 2015 1210 2040 eausa
1219 2000 1416 2054 perennis
1431 2000 1625 2054 Emplicet
1643 2002 1882 2043 immensum

423 2069 623 2123 flammas
645 2071 685 2108 et
715 2070 881 2119 cetera,
905 2069 945 2107 ct
965 2064 1121 2106 ibidem
1142 2065 1291 2107 iterum
1310 2066 1388 2108 115
1410 2066 1463 2108 de
1483 2079 1529 2108 re
1548 2079 1705 2120 magna
1723 2082 1804 2109 non
1825 2076 1882 2109 est

436 2136 501 2176 hic
531 2150 659 2175 causa
680 2132 863 2175 docenda
877 2164 888 2185 ‚
910 2133 1022 2174 Dum
1043 2141 1116 2174 stet
1137 2148 1238 2187 opus
1265 2149 1413 2175 causae
1431 2165 1439 2174 .
1461 2146 1585 2186 quam
1606 2134 1659 2175 ob
1680 2146 1768 2176 rem
1787 2133 1882 2175 huie

435 2203 527 2243 loco
558 2213 611 2242 ne
641 2197 721 2241 hoc
749 2199 917 2253 quidem
949 2199 1172 2241 convenire
1203 2199 1506 2253 iudicabimus,
1529 2200 1614 2242 Sed
1644 2209 1795 2242 natura
1826 2201 1880 2242 lo-

436 2284 587 2323 cusque
609 2283 710 2322 opus
732 2267 857 2321 efficit
877 2267 964 2321 ipse
981 2298 990 2318 ,
1012 2265 1088 2308 sed
1110 2267 1244 2321 operis
1265 2265 1514 2308 vocabulum
1534 2269 1631 2308 ante
1651 2267 1792 2308 omnia
1813 2266 1881 2309 de-

436 2335 614 2377 lebimus
633 2365 642 2387 ,
664 2347 747 2374 non
778 2337 918 2374 tamen
948 2333 1009 2374 ita
1037 2337 1083 2374 ut
1112 2333 1154 2373 in
1185 2333 1274 2374 eius
1304 2333 1439 2374 locum
1469 2333 1572 2374 nihil
1599 2332 1881 2387 sufficiamus3

437 2401 550 2455 quod
582 2414 674 2442 eum
703 2399 962 2452 neglexisset
982 2400 1026 2440 in
1056 2399 1240 2453 quadam
1260 2399 1461 2440 Varronis
1482 2399 1689 2441 sententia
1709 2399 1756 2442 Ο.
1778 2399 1881 2441 Mul-

436 2469 762 2521 le1·us‚omnem
800 2479 887 2506 rem
927 2478 1021 2507 sese
1055 2470 1297 2519 pervertere
1335 2477 1419 2505 non
1455 2465 1616 2506 sensit.
1647 2465 1701 2508 de
1734 2466 1883 2519 lingua

438 2535 590 2576 Latina
625 2533 732 2574 libro
756 2546 813 2572 vn
848 2546 890 2586 p.
906 2532 987 2574 283
1024 2532 1127 2573 haec
1166 2531 1292 2573 habet
1327 2531 1593 2573 Florentinus
1630 2531 1788 2574 codeX.
1811 2549 1883 2575 nec

436 2603 613 2654 mirum,
636 2616 727 2642 cum
747 2615 827 2642 non
857 2599 973 2641 modo
993 2598 1266 2654 Epamem‘dv‘s
1297 2611 1399 2638 opus
1424 2607 1519 2653 post
1548 2614 1676 2640 armos
1699 2613 1723 2638 n
1744 2614 1884 2655 emper-

437 2677 571 2710 rectus
601 2684 627 2708 a
655 2667 796 2709 multis
817 2681 897 2707 non
927 2674 1194 2721 coynoseatur
1209 2698 1220 2718 ,
1242 2665 1316 2706 sed
1334 2666 1454 2706 etiam
1479 2666 1632 2707 Teucer
1652 2667 1772 2707 Livii
1788 2673 1884 2721 post

436 2749 497 2775 xn
518 2750 647 2776 aomos
669 2735 719 2775 ab
740 2734 827 2775 suis
849 2733 926 2788 qui
941 2733 994 2773 sic
1009 2733 1218 2787 ignoretur
1235 2762 1245 2773 .
1266 2731 1570 2784 Lagomarsino
1592 2736 1731 2774 tamen
1745 2731 1883 2786 potius

438 2801 635 2855 apparuit
651 2817 745 2856 opes
756 2833 766 2853 ‚
785 2799 866 2840 nisi
883 2798 995 2852 quod
1007 2798 1051 2843 ‚ei
1068 2799 1204 2852 prima
1220 2802 1260 2839 et
1275 2798 1398 2839 tertia
1414 2797 1552 2839 littera
1567 2798 1749 2839 incertae
1765 2797 1884 2839 visae

439 2872 534 2909 sunt
553 2883 561 2909 ε
582 2868 677 2909 huic
697 2879 824 2921 super
843 2866 1041 2919 scriptum
1062 2866 1161 2906 olim
1192 2866 1322 2907 fuisse
1344 2865 1463 2919 quasi
1491 2881 1542 2906 m.
1565 2865 1648 2906 iam
1668 2863 1774 2906 illud
1794 2879 1882 2918 coy-

437 2943 632 2975 noscatur
653 2938 840 2987 tempore
861 2937 1082 2987 praesente
1103 2932 1284 2986 positum
1307 2931 1488 2973 ostendit
1503 2930 1715 2986 scriptoris
1731 2941 1883 2971 nomen
