2040 3328
398 231 479 272 222
1085 232 1145 274 IV

400 342 490 395 gilii
512 341 563 383 31
583 373 592 395 ,
614 355 655 396 p.
673 342 739 395 20,
757 341 811 383 20
828 372 838 382 .
859 341 992 383 Plane
1021 343 1174 383 trinam
1194 358 1277 384 esse
1296 343 1444 385 'mundi
1469 345 1668 400 oriqinem
1698 353 1734 386 et
1752 344 1844 386 Lu-

398 410 548 450 eretius
578 408 786 462 confltetur
808 407 947 448 dicens
966 401 1024 461 (v,
1042 408 1114 461 92)
1133 408 1349 463 Principio
1373 411 1509 451 maria
1529 426 1578 452 ac
1598 419 1730 452 terras
1750 426 1837 452 cae-

398 476 561 529 lumque
572 483 682 514 tuere
690 489 704 526 7·
720 473 901 522 Quorum
912 482 1107 515 naturam
1118 475 1319 529 triplicem
1329 507 1340 528 ,
1357 477 1440 516 tria
1448 492 1639 532 corpora,
1657 477 1836 530 Memmi,

401 542 500 582 Tres
529 541 683 595 species
713 547 794 579 tam
818 538 1041 581 dissimiles
1056 573 1067 594 ,
1090 541 1172 581 tria
1193 541 1296 582 talia
1316 550 1424 582 texta
1441 573 1450 582 .
1471 551 1508 584 et
1527 544 1610 585 alio
1640 544 1724 585 loeo
1744 543 1836 586 Om-

395 608 468 647 nia
493 622 570 661 per
591 606 748 646 sonitus
768 615 878 647 arcet
893 638 903 659 ,
925 616 1076 648 terram
1092 639 1102 656 ‚
1124 622 1237 648 mare
1251 639 1262 659 ,
1289 608 1445 649 caelum
1461 639 1470 648 .
1492 608 1638 650 eadem
1659 610 1836 651 Iacobus

396 672 655 726 Bernaysius
672 673 863 714 Servium
879 673 935 714 ad
952 673 1165 715 Aeneidos
1181 687 1208 727 1,
1221 674 1275 716 30
1291 673 1427 715 Ennio
1444 673 1683 718 adscribere
1699 677 1837 718 obser-

397 740 514 782 vavit
530 771 539 780 .
563 739 740 780 Arcebat
754 772 765 792 ‚
787 740 947 793 inquit,
963 741 1231 795 prohibebat.
1252 740 1460 796 siqnifi'eat
1488 750 1621 783 autem
1650 751 1687 784 et
1713 744 1836 785 conti·

394 815 484 848 net.
507 806 671 846 Ennius
692 806 777 856 Qui
789 806 976 862 fulmine
1005 807 1118 848 claro
1140 806 1288 848 Omnia
1314 823 1390 861 per
1419 809 1576 849 sonitus
1604 818 1739 851 arcet.
1760 809 1837 851 sed

397 877 436 914 et
465 873 509 914 in
530 872 792 914 Lucretianis
813 871 984 914 Servius
1005 874 1247 927 plerumque
1268 877 1438 928 peccat,
1462 877 1502 915 et
1530 878 1668 928 potest
1687 875 1836 917 Lucre-

394 939 477 980 tius
508 939 561 979 ab
593 939 726 980 Ennio
764 938 869 981 haec
898 940 1153 994 sumpsisse,
1175 945 1220 981 ut
1253 940 1348 981 libri
1378 954 1425 980 111
1459 953 1624 982 versum
1655 941 1760 983 1025
1795 946 1837 984 et

397 1005 530 1058 1035,
554 1005 652 1046 item
682 1019 724 1044 1v
743 1005 825 1048 409
857 1009 899 1047 ct
928 1019 971 1047 v1
994 1007 1071 1048 195
1090 1038 1098 1047 .

510 1072 600 1113 129.
631 1072 724 1112 SED
754 1086 811 1112 NE
842 1085 995 1112 nourr:
1016 1087 1165 1114 PUTES
1184 1106 1193 1115 .
1214 1075 1263 1115 In
1284 1073 1348 1114 his
1370 1087 1441 1113 X1v
1462 1073 1651 1116 versibus
1667 1106 1677 1126 ‚
1701 1074 1835 1117 129-

398 1138 500 1193 142,
525 1138 754 1179 Lambinus
785 1151 955 1192 operam
976 1139 1172 1181 eximiam
1199 1140 1433 1193 praestitit:
1453 1139 1520 1181 hic
1549 1140 1659 1182 enim
1677 1141 1836 1195 primus

394 1217 467 1246 eos
497 1204 740 1246 foedissime
771 1204 967 1246 confusos
1005 1205 1047 1246 in
1078 1219 1223 1247 verum
1262 1207 1450 1248 ordinem
1485 1207 1691 1261 restituit,
1714 1220 1838 1261 quem

394 1271 623 1324 Forbiger,
648 1271 713 1312 cui
744 1272 885 1313 omnia
906 1272 1018 1314 bona
1049 1272 1246 1327 sordent,
1268 1274 1385 1315 nulla
1404 1273 1598 1315 Lambini
1626 1274 1835 1316 mentione

394 1338 507 1380 facta
535 1338 746 1394 vulyarem
766 1340 965 1381 rationem
995 1339 1121 1380 dicit.
1144 1339 1219 1380 sed
1248 1340 1420 1394 insuper
1442 1340 1751 1382 observandum
1773 1344 1837 1382 est

392 1418 543 1447 novem
579 1404 683 1446 alios
720 1406 974 1459 versiculos,
999 1407 1069 1460 qui
1104 1407 1237 1448 notati
1274 1411 1370 1448 sunt
1402 1406 1586 1448 numeris
1619 1407 1835 1449 168—175

393 1476 433 1513 et
456 1473 560 1525 179,
584 1484 656 1512 cos
682 1472 798 1526 ipsos
820 1486 911 1514 cum
939 1473 1004 1514 his
1027 1473 1359 1527 quattuordecim
1380 1472 1696 1526 coniungendos
1717 1486 1810 1515 esse
1824 1498 1835 1515 .-

393 1538 532 1591 agitur
569 1538 679 1579 enim
718 1539 936 1593 utrobique
972 1553 1038 1581 res
1075 1539 1223 1581 eadem
1241 1572 1250 1594 ,
1278 1540 1435 1581 scilicet
1467 1536 1696 1590 συστάσεις
1730 1552 1836 1594 quas

394 1605 596 1659 Epicurus
627 1604 817 1658 dicebat,
841 1610 881 1647 et
910 1606 1078 1659 quidem
1113 1620 1196 1648 non
1227 1611 1311 1648 tam
1348 1620 1491 1649 carum
1527 1608 1702 1662 oriqim's
1737 1607 1835 1649 cele-

391 1674 496 1714 ritas
535 1683 660 1724 quam
695 1672 834 1725 potius
873 1674 1075 1714 tenuitas:
1096 1685 1192 1714 nam
1230 1673 1380 1726 quibus
1414 1674 1554 1716 verbis
1590 1687 1732 1715 earum
1766 1673 1835 1715 de-

329 1763 337 1769 »
393 1738 564 1792 scriptio
594 1737 733 1779 finitur
767 1738 870 1793 174,
894 1739 1075 1789 Quorum
1112 1739 1383 1793 (nimborum)
1421 1741 1623 1793 quantula
1646 1756 1753 1796 pars
1782 1742 1836 1783 sit

392 1807 528 1860 imayo
558 1804 693 1846 dicere
721 1814 873 1846 nemost
903 1805 988 1855 Qui
1007 1807 1164 1860 possit,
1185 1821 1313 1861 neque
1334 1822 1421 1847 eam
1440 1807 1638 1848 rationem
1663 1806 1835 1850 reddere

395 1872 516 1913 dictis
533 1903 543 1924 ,
569 1872 613 1912 In
645 1884 767 1924 quem
799 1884 990 1925 quaeque
1026 1872 1160 1914 locum
1198 1872 1358 1914 diverso
1392 1874 1564 1915 momine
1599 1873 1761 1927 tendat,
1783 1887 1836 1916 ea

393 1941 588 1980 accurate
608 1937 863 1991 respondent
884 1937 947 1979 his
973 1952 1083 1992 quae
1103 1942 1445 1993 praecesserunt,
1471 1940 1551 1981 110
1579 1956 1701 1995 quam
1722 1941 1834 1983 tenui

391 2014 544 2046 natura
566 2013 714 2045 constet
734 2005 869 2058 imayo
884 2037 894 2058 ,
918 2009 958 2045 et
976 2021 1114 2046 rerum
1134 2006 1360 2047 simulacra
1379 2006 1527 2059 vagari
1548 2007 1680 2049 Multa
1699 2007 1835 2050 modis

392 2071 531 2113 multis
548 2103 558 2124 ,
580 2071 698 2112 nulla
718 2072 784 2123 vi,
806 2087 1004 2126 cassaque
1024 2087 1145 2113 sensu
1162 2104 1171 2113 .
1188 2085 1265 2113 nee
1294 2076 1434 2113 tamen
1455 2071 1542 2114 fieri
1572 2077 1710 2127 potest
1729 2077 1773 2116 ut
1793 2073 1835 2115 hi

392 2152 496 2178 xxm
517 2149 663 2179 versus
685 2141 781 2178 ante
806 2137 884 2178 143
904 2142 1113 2192 ponantur
1130 2171 1139 2192 ,
1160 2139 1282 2179 Nunc
1304 2151 1355 2180 ea
1375 2155 1498 2194 quam
1502 2139 1641 2194 facili
1658 2149 1694 2182 et
1713 2141 1840 2183 celeri

391 2206 550 2247 ratione
567 2213 773 2259 yenarztuo·
787 2220 800 2245 .·
821 2205 855 2245 is
877 2205 986 2246 enim
1007 2205 1062 2246 ad
1082 2205 1307 2246 simulacra
1332 2206 1534 2260 pertinet,
1557 2219 1730 2260 quorum
1751 2207 1836 2260 sig-

393 2271 574 2314 nificatio
596 2270 718 2312 facta·
737 2274 827 2312 erat
846 2284 972 2312 versu
1005 2271 1107 2325 127,
1130 2284 1221 2313 cum
1252 2284 1275 2313 e
1297 2273 1504 2314 contrario
1535 2273 1578 2314 in
1599 2273 1663 2316 his
1683 2274 1737 2316 de
1756 2288 1836 2317 συ-

392 2334 572 2382 στάσεσι
602 2336 750 2378 fuisset
778 2338 913 2392 imago
947 2338 1050 2392 174,
1073 2351 1208 2392 neque
1238 2338 1295 2379 ibi
1327 2338 1380 2380 de
1406 2339 1470 2380 his
1500 2340 1662 2394 agitur,
1685 2340 1760 2382 sed
1781 2339 1835 2382 de

393 2407 526 2447 altero
548 2399 741 2446 εἰδώλων
760 2416 940 2458 genere,
963 2418 1071 2458 quae
1087 2405 1280 2446 dicuntur
1301 2400 1541 2460 ἀπόρροιαι
1557 2436 1567 2447 .
1588 2406 1728 2459 itaque
1747 2419 1833 2448 ma-

392 2472 589 2514 nifestum
626 2475 689 2512 est
718 2471 979 2525 Lucretium,
1003 2484 1094 2512 oum
1129 2473 1306 2513 alterum
1342 2485 1474 2524 genus
1509 2485 1536 2513 a
1570 2485 1617 2514 se
1651 2477 1834 2527 praeter-

393 2540 566 2580 missum
595 2550 688 2580 esse
708 2537 972 2590 intellegeret
1002 2540 1063 2590 (et
1084 2542 1302 2592 utrumque
1321 2538 1431 2579 infra
1459 2543 1674 2581 enumerat
1693 2539 1735 2580 in
1756 2539 1834 2582 hoc

392 2606 500 2648 libro
531 2605 611 2646 736
629 2605 729 2656 737)
747 2636 757 2658 ,
780 2603 885 2645 haec
919 2604 962 2645 in
1000 2605 1165 2647 chartas
1200 2606 1260 2646 ita
1295 2604 1525 2647 coniecisse
1559 2610 1604 2646 ut
1639 2618 1691 2648 ea
1718 2606 1832 2648 nullo

392 2676 503 2715 certo
546 2671 638 2712 loco
676 2675 896 2726 reponeret
918 2704 927 2723 ‚
960 2675 1236 2713 correctorem
1277 2675 1416 2713 autem
1459 2672 1664 2726 poematis
1708 2686 1760 2716 ne
1789 2672 1834 2715 id

392 2739 560 2793 quidem
592 2751 761 2780 curasse
790 2742 834 2779 ut
863 2741 1004 2792 partes
1035 2737 1254 2792 dispersae
1284 2739 1659 2791 coniungerentur.

507 2805 598 2847 132.
630 2820 675 2845 IN
712 2820 806 2847 noc
843 2818 1004 2850 ,CAELO
1025 2837 1036 2858 ,
1068 2818 1151 2850 QUI
1194 2819 1395 2846 mom-urz
1438 2819 1529 2846 AER
1549 2836 1559 2847 .
1589 2805 1665 2848 His
1708 2805 1833 2847 utitur

392 2873 563 2914 Servius
595 2872 648 2914 ad
670 2872 895 2926 georgicon
916 2887 942 2927 1,
959 2872 1010 2913 51
1029 2904 1038 2926 ,
1061 2871 1116 2913 ad
1138 2872 1242 2915 Aen.
1263 2888 1290 2926 1,
1306 2873 1360 2915 58
1391 2887 1430 2927 ν,
1450 2873 1500 2914 18
1520 2887 1576 2926 lx,
1594 2873 1648 2926 20
1667 2887 1706 2927 x,
1723 2872 1830 2925 899,

390 2940 491 2981 item
509 2939 669 2981 Probus
686 2940 740 2981 ad
759 2939 833 2981 ecl.
857 2953 911 2992 vr,
929 2939 979 2981 31
1003 2952 1043 2993 p.
1064 2939 1126 2993 16,
1150 2941 1199 2982 16
1217 2973 1226 2982 .
1249 2944 1292 2982 at
1312 2939 1498 2982 Isidorus
1519 2939 1623 2992 orig.
1645 2953 1732 2993 xm,
1748 2939 1788 2993 4,
1805 2939 1831 2980 3
