2040 3328
907 254 968 296 VI
1594 254 1675 295 377

197 373 364 416 ratione
384 370 453 413 hic
483 373 660 424 uterque
682 368 918 412 Vossianus
936 401 945 423 ,
968 368 1180 422 oblongus
1207 367 1325 410 solus
1346 382 1373 422 1,
1391 367 1475 410 309
1497 381 1552 420 v1,
1568 367 1678 421 4723

197 441 312 484 idem
333 439 378 481 in
399 453 442 493 11,
465 437 574 480 1114
603 438 729 480 Umor
759 436 820 479 ad
846 437 1057 480 humorem
1073 470 1084 490 ,
1106 436 1178 478 ubi
1199 435 1435 490 quadratus
1465 436 1592 478 Umor
1622 435 1682 477 ad

197 525 340 554 umore
358 539 368 550 .
390 511 477 550 tum
508 509 721 548 corrector
757 504 935 559 oblongi
967 507 1009 547 et
1044 504 1240 559 impressi
1273 517 1366 546 cum
1403 503 1554 546 lexicis
1586 503 1678 546 bar-

197 577 302 621 bare
332 575 527 618 rehalat:
548 572 843 617 Wakefieldus
874 573 1036 615 monitu
1066 572 1210 615 Vossii
1239 586 1472 613 REDHALA
1484 586 1507 612 Τ
1524 603 1534 616 -.

310 643 408 689 524.
431 656 756 684 TEMPESTATE
778 655 890 682 mne
907 654 1108 682 oPAcAM
1125 676 1134 685 .
1158 640 1378 695 Oblongus
1394 641 1535 696 prima
1550 655 1679 684 manu

196 715 277 758 ime
298 747 310 769 ,
340 714 426 756 inte
465 725 493 755 a
529 714 767 755 correctore
805 713 850 752 ut
888 708 1123 764 quadratus
1146 741 1155 750 .
1187 709 1286 752 Itali
1317 723 1679 751 reuersurum

198 796 379 824 1urnn.

310 850 409 894 526.
439 861 606 889 Emsn
636 861 848 889 nummis
875 860 1029 892 ARQUI
1051 878 1060 888 .
1094 845 1341 898 Quadratus
1363 847 1516 889 existin
1531 879 1542 900 ,
1564 845 1681 901 apud

196 918 386 961 Nonium
415 931 457 973 p.
473 916 571 972 425,
590 917 616 959 6
648 916 751 958 eoetz't
764 948 775 970 ,
798 919 1061 958 correctores
1092 914 1381 969 antiquissimi
1411 929 1611 956 Exrsrm:
1630 947 1640 957 .

310 986 408 1028 527.
441 985 639 1028 CETERA
680 997 810 1030 QUAE
847 997 1040 1026 suasum
1085 996 1338 1024 CRESCUNT
1384 997 1680 1030 SURSUMQUE

197 1067 487 1108 CREANTUR,
509 1053 578 1095 Er
608 1066 704 1099 Qun
736 1066 1092 1094 coucnnscunr
1122 1066 1172 1093 IN
1202 1065 1413 1093 Nunnius
1433 1085 1441 1093 .
1465 1051 1583 1094 Nihil
1611 1051 1682 1093 ho—

196 1136 291 1166 rum
321 1135 434 1178 quae
463 1125 594 1177 poeta
615 1120 718 1163 dicit
739 1134 907 1164 sursum
930 1121 1109 1175 crescit,
1131 1119 1210 1167 sed
1231 1119 1375 1162 omnia
1403 1120 1603 1162 deorsum
1626 1119 1683 1162 fe-

197 1196 371 1247 runtur,
394 1192 468 1234 nix
485 1224 496 1241 ‚
518 1189 661 1244 venti,
684 1188 879 1244 grando,
903 1189 1060 1244 pruina
1076 1219 1085 1229 .
1109 1191 1283 1243 contra,
1306 1192 1350 1229 ut
1371 1188 1494 1231 estin
1515 1203 1559 1243 11,
1582 1188 1679 1243 189,

132 1255 140 1262 ’
196 1276 365 1304 sursum
401 1258 562 1302 nitidae
588 1257 749 1315 fruyes
788 1258 1043 1313 arbustaque
1087 1265 1276 1300 creseunt
1298 1289 1307 1298 .
1340 1260 1385 1299 at
1428 1257 1681 1312 interpretes

197 1325 387 1372 creseunt
417 1330 459 1370 et
479 1335 678 1369 creantur
698 1324 812 1368 idem
844 1338 940 1368 esse
972 1324 1146 1381 dicunt,
1168 1341 1337 1367 sursum
1369 1328 1511 1367 autem
1543 1325 1687 1367 creari

196 1410 308 1452 quae
338 1396 382 1438 in
403 1408 570 1439 summa
591 1394 704 1437 aeris
726 1394 904 1448 regione
925 1393 1028 1436 fiant
1046 1408 1056 1449 3
1078 1407 1258 1448 quorum
1286 1393 1467 1436 alterum
1488 1391 1681 1448 putidum

198 1469 290 1520 est,
313 1464 496 1508 alterum
527 1476 580 1506 ne
610 1462 810 1505 Latinum
841 1461 1040 1517 quidem.
1064 1463 1107 1504 in
1138 1462 1284 1516 11,188
1316 1461 1462 1515 fruges
1489 1461 1680 1503 arbusta-

197 1547 282 1589 que
311 1549 460 1575 sursus
489 1548 635 1575 versus
653 1531 889 1587 ytjqnumur
910 1539 946 1573 et
967 1532 1170 1587 augymina
1196 1539 1364 1572 sumum
1379 1546 1392 1572 .·
1413 1529 1575 1572 scilicet
1594 1532 1683 1571 tota

197 1615 267 1645 res
296 1614 466 1644 sursum
498 1613 648 1644 versus
678 1598 901 1656 procedit,
923 1599 1046 1653 origo
1078 1602 1120 1641 et
1149 1602 1299 1640 auctus
1317 1631 1327 1641 .
1348 1614 1474 1640 nares
1502 1610 1595 1640 cum
1618 1597 1682 1640 ci-

198 1684 296 1714 cero
328 1686 496 1713 sursum
517 1685 604 1712 esse
635 1667 783 1711 scribit
804 1667 858 1710 de
888 1671 1043 1709 natura
1063 1666 1241 1709 deorum
1272 1681 1315 1721 11,
1338 1666 1444 1721 140,
1469 1665 1683 1708 foramina

197 1752 347 1783 earum
368 1737 603 1781 ascendere
625 1735 868 1791 significat,
891 1751 935 1778 eo
956 1734 1071 1792 quod
1089 1736 1223 1777 omnis
1244 1735 1347 1778 odor
1367 1734 1427 1776 ad
1444 1736 1681 1791 super-afe-

197 1816 320 1850 ratur
335 1823 348 1850 .-
370 1811 412 1850 et
432 1807 568 1850 Varro
599 1819 741 1848 rerum
762 1799 1018 1848 rusticarum
1044 1803 1152 1846 libro
1173 1817 1201 1857 1,
1219 1803 1258 1857 6,
1276 1803 1302 1845 3
1324 1816 1431 1857 quos
1453 1819 1597 1845 susum
1618 1819 1677 1845 co-

198 1876 282 1919 lere
296 1875 421 1930 dicit,
440 1887 585 1917 eorum
603 1873 793 1917 culturae
813 1873 870 1916 ad
886 1872 1111 1928 superiora
1126 1871 1341 1927 pertinent
1357 1903 1366 1912 .
1390 1871 1504 1913 idem
1522 1870 1680 1913 ibidem

198 1944 342 1987 eadem
363 1943 443 1986 illa
463 1959 607 1985 susum
629 1959 755 1999 quam
777 1942 945 1985 deosum
966 1940 1134 1983 tardius
1154 1948 1353 1982 seruntur
1373 1956 1422 1982 ac
1443 1947 1654 1982 metuntur
1669 1972 1680 1993 ,

197 2012 299 2056 item
315 2012 383 2054 hic
397 2044 408 2065 ,
430 2027 574 2054 susum
589 2044 601 2066 ,
623 2011 792 2054 deosum
809 2018 1040 2052 naseuntur
1053 2041 1064 2063 ,
1082 2008 1162 2050 hoc
1179 2012 1243 2050 est
1259 2007 1302 2050 in
1319 2007 1424 2050 locis
1441 2007 1497 2050 ad
1515 2021 1683 2050 summa

198 2079 270 2124 vel
290 2079 437 2122 infima
457 2079 734 2134 vergentibus
752 2112 762 2134 ,
784 2079 892 2121 nach
914 2078 1014 2120 oben
1035 2076 1136 2120 oder
1156 2077 1265 2119 nach
1287 2085 1411 2118 umen
1434 2093 1485 2118 zu
1498 2109 1508 2130 ‚
1532 2090 1615 2118 non
1638 2075 1679 2117 in

197 2147 304 2204 ipsis
326 2147 502 2190 summis
523 2151 598 2190 aut
627 2147 784 2190 infimis
801 2180 811 2190 .
834 2147 980 2202 itaque
1012 2146 1107 2200 ipso
1139 2143 1388 2187 directionis
1418 2144 1501 2186 fine
1531 2143 1681 2186 addito

197 2216 313 2259 idem
331 2215 468 2259 Varro
491 2216 535 2258 in
556 2230 616 2271 111,
634 2215 675 2266 5,
691 2215 719 2256 4
741 2215 933 2258 deorsum
955 2216 998 2258 in
1022 2222 1178 2256 terram
1200 2229 1286 2255 esse
1305 2229 1458 2269 aquam
1476 2229 1601 2268 quam
1624 2213 1681 2254 ὀί-

197 2286 291 2328 bere
302 2285 472 2342 possint
490 2316 497 2324 .
521 2284 565 2326 in
589 2283 772 2326 Lucretii
794 2297 921 2327 versu
941 2283 1002 2326 rei
1022 2281 1290 2325 commodum
1313 2285 1378 2324 est
1398 2297 1505 2337 quae
1527 2294 1680 2322 <mesu

198 2362 389 2396 crescunt
418 2366 682 2399 CURSUQUE
712 2361 908 2395 creantur
924 2385 935 2406 ,
955 2353 1011 2409 τῇ
1042 2352 1164 2409 φορᾷ
1180 2383 1189 2393 .

310 2421 409 2464 531.
441 2422 508 2463 ΕΤ
538 2435 674 2462 MORA
705 2434 799 2467 Qun
822 2434 1033 2462 rnuvms
1056 2434 1236 2461 PAssm
1256 2431 1520 2460 REFRENAT
1544 2432 1682 2458 Avm-

198 2504 273 2531 'ns
292 2522 301 2531 .
325 2489 548 2545 Oblongus
569 2489 708 2546 prima
729 2489 1031 2545 manufluvz’us
1046 2522 1057 2543 ,
1080 2502 1106 2531 a
1137 2491 1375 2531 correctore
1398 2489 1559 2530 aventis
1580 2521 1587 2528 .
1610 2500 1682 2542 op-

198 2558 303 2600 time
335 2562 548 2601 corrector
579 2557 778 2614 quadrati
810 2561 852 2600 et
880 2558 1092 2601 Avantins
1122 2571 1330 2598 conns.

311 2625 410 2668 532.
441 2627 777 2668 Pnamcuem
807 2639 971 2667 TAMEN
990 2659 998 2667 .
1022 2626 1116 2668 Itali
1151 2625 1367 2681 Perfacile
1397 2638 1484 2665 EST
1504 2655 1513 2664 .

312 2693 410 2736 533.
442 2708 539 2749 ooo
575 2707 734 2735 PAc‘ro
772 2708 972 2736 FLUANT
997 2726 1006 2737 .
1039 2693 1285 2745 Quadratus
1302 2694 1504 2748 flavam.
1538 2705 1681 2731 FIANT

199 2761 409 2804 Marullus
428 2794 437 2802 .

313 2829 411 2872 536.
443 2842 629 2870 TERRAS
667 2843 757 2870 FAC
795 2843 853 2870 UT
892 2843 1009 2869 essa
1041 2843 1218 2870 REARIS
1250 2829 1446 2871 Suri-ER
1479 2841 1593 2868 1TEM
1624 2841 1682 2868 UT

201 2912 359 2939 SUPER
407 2911 586 2938 vienus
637 2911 863 2944 UNDIQUE
914 2911 1107 2938 PLENAM
1156 2897 1435 2939 SPELUNCIS
1468 2929 1476 2937 .
1525 2895 1683 2939 Oblon-

199 2979 280 3020 gus
310 2965 452 3022 prima
482 2979 610 3008 manu
642 2974 685 3008 ut
716 2981 835 3019 asse,
858 2964 1092 3021 quadratus
1124 2965 1300 3008 Subter.
1323 2978 1521 3005 TERRAM
1553 2964 1682 3007 Anto-
