2040 3328
441 200 518 241 122
1142 200 1183 240 ΙΙ

436 313 480 354 in
491 328 647 367 parvas
655 313 796 367 parcis
811 312 1060 366 discerpitur
1076 320 1227 352 ostrum
1236 327 1249 363 ,·
1265 311 1374 364 quod
1392 311 1491 365 quia
1507 324 1636 353 sanae
1653 312 1803 353 mentis
1821 311 1881 352 in-

437 378 589 420 dicium
624 378 773 432 habet,
798 379 998 430 For-biger
1025 391 1076 419 ne
1099 378 1412 419 commemorari
1443 378 1610 431 quidem
1639 391 1764 432 posse
1794 378 1882 432 opi-

437 450 559 488 natus
589 446 746 488 tacuit.
776 450 819 487 at
849 458 940 486 cum
969 443 1081 485 idem
1102 443 1390 486 Wakefieldus
1421 448 1587 498 praeter
1616 458 1779 486 omnem
1809 457 1882 486 ne-

437 513 672 554 cessitatem
705 511 942 565 scripsisset
972 526 1092 565 quom
1122 510 1344 552 distractus
1375 519 1457 563 est,
1496 510 1761 553 Eichstadius
1791 511 1882 553 sine

436 591 555 619 mora
585 579 681 620 fecit
711 579 975 630 distractast,
1000 577 1229 631 Forbiger,
1252 581 1296 618 ut
1325 576 1587 629 diligentiam
1617 578 1880 630 ostenderet,

438 657 528 685 cum
559 645 679 698 apice
709 645 986 686 distractu'sc:
1016 644 1091 684 sed
1112 644 1330 685 Lucretius
1352 648 1486 685 utrum
1517 656 1566 684 eo
1596 644 1720 685 modo
1750 643 1882 686 verba

437 711 680 753 contrahere
712 710 976 752 consueverit
1003 723 1232 763 quaerere,
1269 710 1311 751 id
1347 723 1448 752 vero
1488 709 1532 750 hi
1562 709 1722 751 nobiles
1752 710 1881 752 critici

438 778 596 819 nimiae
625 783 665 820 et
700 778 872 832 putidae
909 777 1153 829 diligentiae
1184 790 1276 818 esse
1307 777 1566 828 iudicantes,
1598 779 1684 818 toto
1714 777 1882 818 saeculo

439 849 478 886 et
513 845 693 899 amplius
731 849 879 899 poetas
914 844 956 884 in
991 843 1183 885 versibus
1221 844 1472 885 hexametris
1508 842 1746 897 pangendis
1780 842 1883 884 nihil

438 915 624 953 mutasse
653 911 814 965 fingunt
835 945 842 953 .
866 910 989 951 Ennii
1020 911 1130 951 enim
1161 911 1265 953 haec
1295 916 1390 952 sunt
1411 910 1524 964 apud
1545 910 1711 951 Festum
1730 922 1772 963 p.
1792 908 1883 962 166,

440 979 492 1020 29
510 983 550 1020 et
568 979 658 1030 178,
682 978 743 1030 15,
767 977 886 1018 Alter
902 992 1003 1018 nare
1024 977 1134 1031 eupit
1145 1009 1156 1029 ,
1174 977 1277 1018 alter
1286 993 1478 1032 puquare
1489 984 1699 1031 paratust,
1722 976 1807 1016 Hic
1822 990 1884 1016 oo-

438 1061 558 1086 casus
575 1045 696 1085 datus
713 1052 782 1097 est,
799 1051 841 1084 at
850 1043 1019 1084 Oratz'us
1031 1043 1209 1083 inclutus
1225 1043 1346 1095 saltu,
1359 1044 1458 1084 item
1476 1043 1520 1084 in
1533 1042 1746 1085 Ciceronis
1756 1042 1884 1083 Bruto

438 1112 491 1153 58
510 1115 549 1151 et
567 1111 608 1151 in
626 1110 753 1151 Gellii
770 1124 841 1163 xlx,
859 1109 885 1149 2
902 1110 938 1149 is
955 1108 1105 1150 dictust
1120 1109 1214 1150 ollis
1226 1110 1501 1164 popularibus
1517 1110 1638 1150 olim:
1658 1107 1732 1150 sed
1748 1121 1884 1161 neque

438 1177 486 1228 Q.
500 1177 671 1219 Catulus
688 1176 871 1218 scribere
887 1175 1042 1229 potuit,
1066 1179 1110 1216 ut
1126 1175 1295 1229 opinor,
1319 1176 1511 1217 Mortalis
1529 1177 1656 1216 visust
1664 1174 1884 1230 pulchrior

438 1260 522 1286 esse
549 1244 647 1296 deo,
675 1243 749 1285 Sed
775 1244 888 1284 visus
903 1274 913 1295 ,
942 1246 982 1283 et
1010 1242 1187 1283 Varroni
1215 1242 1407 1296 imperite
1434 1242 1685 1283 adscribitur
1711 1240 1886 1296 denique

437 1327 590 1352 avarus
608 1311 710 1361 Quis
727 1310 897 1350 sauust?
918 1309 990 1362 qui
1005 1321 1153 1350 versus
1176 1309 1384 1362 quomodo
1407 1308 1615 1350 formandi
1637 1311 1776 1350 essent
1796 1307 1886 1348 dixi

439 1390 569 1432 supra
606 1376 660 1418 ad
697 1389 865 1419 versum
897 1375 1019 1416 huius
1049 1374 1146 1415 libri
1181 1375 1256 1416 181
1282 1406 1290 1415 .
1321 1376 1495 1417 monstri
1526 1387 1625 1417 vero
1656 1373 1792 1416 simile
1822 1379 1886 1416 est

438 1444 550 1498 quod
571 1443 805 1485 Scriverius
836 1446 1050 1495 tamquam
1071 1441 1334 1482 Lucilianum
1355 1441 1536 1483 Martiali
1566 1440 1728 1482 infulsit
1756 1441 1799 1482 in
1829 1455 1884 1495 xx,

439 1513 494 1554 90
510 1544 519 1565 ,
541 1512 605 1552 hic
622 1511 713 1551 sz‘tu'
730 1509 1066 1563 Metrophanes'sc
1081 1524 1095 1561 ,·
1111 1520 1203 1548 eum
1221 1509 1323 1549 satis
1340 1511 1547 1563 appareat
1563 1539 1572 1561 ,
1591 1507 1704 1560 quod
1721 1507 1887 1549 Schnei-

439 1578 650 1620 dewinum
680 1590 763 1618 non
794 1574 1144 1616 animadvertisse
1174 1574 1327 1629 miror,
1350 1575 1392 1616 in
1412 1574 1560 1616 Lucilii
1589 1573 1767 1615 disticho
1797 1585 1888 1615 sen—

439 1645 612 1687 tentiam
643 1643 812 1698 plenam
850 1654 932 1682 non
967 1641 1131 1693 inesse,
1164 1641 1240 1683 sed
1269 1641 1440 1683 aliunde
1469 1639 1749 1695 pendentem,
1779 1640 1886 1682 Mar-

439 1712 583 1753 tialem
614 1714 752 1752 autem
784 1708 1004 1762 scripsisse
1035 1709 1090 1749 'Et
1119 1709 1197 1749 tibi
1223 1709 1412 1750 ,Maeonio
1442 1723 1600 1763 quoque
1626 1707 1730 1760 (non
1760 1706 1890 1762 quod)

440 1779 623 1820 carmine
646 1777 782 1818 maius
798 1776 966 1817 habetur
983 1774 1165 1816 ‘Lucez’li
1179 1775 1393 1817 columella
1409 1807 1418 1828 ,
1440 1775 1505 1816 laic
1521 1775 1612 1815 sz'tu'
1623 1806 1634 1827 ,
1653 1774 1886 1828 Metropha-

441 1847 522 1887 ues'
543 1877 552 1886 .
575 1845 721 1898 itaque
750 1843 792 1883 in
821 1855 946 1884 versu
966 1842 1148 1882 Lucretii
1170 1841 1410 1884 distractast
1428 1840 1599 1895 probari
1621 1852 1704 1881 non
1735 1839 1860 1882 debet
1874 1873 1883 1883 .

443 1923 581 1965 neque
609 1923 710 1952 vero
741 1918 895 1951 ostrum
925 1908 991 1950 hic
1022 1908 1203 1950 scribere
1225 1909 1358 1962 potuit
1385 1911 1538 1962 poeta3
1569 1906 1681 1960 quod
1712 1910 1776 1948 est
1804 1920 1888 1948 mo-

439 1978 710 2020 lestissimum
741 1975 997 2018 intolerabili
1024 1975 1247 2017 verborum
1268 1974 1553 2028 abundantia,
1585 1982 1762 2027 ostrum,
1787 1989 1889 2029 pur-

437 2060 552 2100 pura
569 2075 579 2097 ,
596 2044 895 2099 poeniceusque
911 2043 1022 2084 color
1038 2073 1047 2083 .
1069 2042 1171 2083 mihi
1191 2042 1318 2095 igitur
1335 2054 1500 2096 semper
1515 2039 1736 2096 probabile
1753 2041 1891 2082 visum

442 2115 531 2165 est,
562 2110 632 2152 ubi
663 2126 810 2151 aurum
842 2109 1018 2163 legitur,
1042 2108 1196 2150 debere
1227 2121 1320 2150 esse
1344 2124 1586 2164 purpurae,
1608 2107 1686 2148 hoc
1715 2109 1778 2147 est
1796 2119 1894 2160 pur-

421 2193 423 2195 *
442 2189 602 2232 pureae
624 2177 780 2230 vestis,
813 2176 1055 2230 epitheton,
1078 2175 1202 2229 quale
1225 2179 1336 2217 esset
1355 2174 1535 2216 ardens:
1564 2186 1672 2216 nunc
1691 2173 1890 2227 quoniam

442 2259 611 2286 auream
636 2259 874 2298 purpuram
905 2244 947 2284 in
969 2255 1093 2284 versu
1113 2243 1196 2285 502
1216 2242 1393 2295 legimus
1411 2273 1420 2296 ,
1451 2241 1520 2283 hie
1539 2253 1704 2294 quoque
1725 2239 1892 2282 verissi-

442 2325 553 2352 mum
573 2310 679 2351 duco
697 2310 947 2366 discerpitur
966 2323 1027 2350 An
1039 2323 1132 2350 ΒΕΑ
1150 2310 1374 2365 Purpura.
1391 2320 1489 2349 nam
1505 2308 1576 2360 qui
1593 2307 1635 2348 in
1651 2319 1794 2348 versus
1810 2305 1891 2348 fine

443 2378 583 2433 posuit
603 2378 741 2418 omnia
756 2410 766 2430 ,
784 2381 829 2418 ut
851 2376 938 2418 dixi
961 2376 1018 2418 ad
1038 2376 1188 2418 librum
1208 2390 1234 2429 1,
1256 2375 1387 2429 1106,
1405 2374 1517 2416 idem
1539 2374 1687 2415 eodem
1707 2374 1799 2415 loco
1821 2386 1893 2426 po-

443 2458 543 2487 nere
564 2444 700 2499 potuit
720 2459 848 2485 aurea
864 2459 878 2497 ,·
899 2456 980 2497 quo
1012 2443 1072 2484 ita
1093 2442 1288 2485 Ovidium
1315 2442 1360 2483 in
1385 2445 1549 2483 metam.
1571 2454 1642 2495 xu,
1663 2439 1744 2482 395
1773 2453 1892 2481 usum

443 2511 580 2554 videri
610 2511 753 2552 notavi
784 2510 839 2551 ad
869 2510 991 2551 huius
1022 2510 1118 2552 libri
1148 2522 1314 2552 versum
1338 2508 1416 2550 118
1433 2539 1442 2549 .
1465 2508 1562 2550 item
1583 2506 1782 2548 Horatius
1809 2519 1892 2549 ser-

445 2592 613 2620 monum
635 2592 677 2631 11,
697 2577 735 2627 2,
754 2578 805 2618 21
838 2566 972 2632 περαέ
995 2586 1155 2630 ostrea,
1189 2577 1262 2629 qui
1290 2576 1334 2617 in
1365 2575 1443 2616 hoc
1473 2574 1678 2615 Lucilium
1707 2573 1895 2627 sequitur

445 2645 577 2701 (apud
593 2644 777 2687 Nonium
792 2643 999 2698 p.216,15
1016 2643 1122 2698 quid
1141 2644 1261 2698 erqo?
1276 2643 1335 2684 sic
1352 2642 1429 2683 erit
1445 2671 1454 2681 .
1473 2649 1606 2683 ostrea
1615 2640 1893 2698 Coynorz’tflu-

445 2714 556 2769 ‘vium
573 2713 714 2758 limum
731 2727 779 2752 ac
795 2726 964 2752 caenum
979 2726 1124 2766 sapere
1139 2711 1275 2766 zpsum
1284 2725 1298 2763 ,-
1317 2707 1388 2749 ubi
1403 2707 1500 2749 libri
1518 2706 1623 2762 quid
1636 2722 1708 2763 690
1723 2707 1766 2749 si
1776 2721 1894 2748 cerno

447 2778 597 2831 ostrea)
615 2810 625 2832 ,
647 2778 858 2831 Vergilius
875 2786 911 2820 et
926 2777 1116 2819 Ismarus
1134 2777 1300 2832 Orphea
1314 2807 1326 2829 ,
1343 2789 1588 2829 saevumque
1607 2773 1798 2829 Typh‘o‘ea
1811 2805 1823 2826 ,
1843 2772 1895 2813 81-

446 2845 564 2886 milia
584 2844 655 2885 alii
672 2877 682 2888 .
699 2844 803 2887 haec
819 2848 958 2886 autem
973 2842 1104 2886 vestis
1124 2854 1338 2897 purpurea
1357 2841 1555 2895 quoniam
1576 2840 1729 2882 rectius
1736 2838 1894 2894 filatim

449 2911 630 2954 distrahi
641 2910 790 2952 dicitur
807 2923 930 2964 quam
948 2911 1062 2952 color
1083 2910 1307 2964 poeniceus
1325 2909 1461 2963 (sicin
1479 2922 1517 2962 v,
1539 2906 1642 2947 1421
1660 2905 1712 2947 (10
1729 2903 1895 2958 pellicia
