2040 3328
974 219 996 261 Ι
1668 222 1721 264 67

241 336 287 387 in
302 333 509 377 fastorum
524 345 581 388 ιν,
601 331 687 375 456
703 331 873 375 videtur
887 333 1030 388 potius
1047 333 1270 389 scripsisse
1277 334 1382 390 fllia
1397 367 1408 388 ,
1432 334 1543 377 dixit
1560 367 1570 388 ‚
1589 335 1724 376 ubist?

243 414 371 458 quam
400 401 530 443 ubi’s.
552 414 652 443 nam
682 417 724 443 es
754 400 815 442 ita
841 405 1080 444 truncatum
1110 406 1281 457 praeter
1311 415 1438 456 quam
1461 402 1576 457 apud
1599 403 1723 445 eomi-

243 483 316 513 cos
355 469 573 512 rarissime
605 469 844 512 invenietur
866 503 876 512 .
910 470 1099 513 Lucilius
1131 470 1246 526 apud
1278 471 1463 513 Nonium
1493 485 1534 526 p.
1561 472 1638 525 13,
1669 472 1720 514 27

241 554 340 580 nam
361 545 405 579 tu
427 538 529 580 solu'
551 537 676 592 (libri
698 547 882 580 sannunt
897 539 1026 594 solis)
1045 539 1154 581 mihi
1171 540 1216 581 in
1231 555 1382 598 tmayno
1398 555 1605 593 maerore,
1631 540 1723 582 Tri-

241 607 358 648 stitia
387 607 433 647 in
463 622 626 648 summa
658 614 695 648 et
714 621 889 662 crepera
918 623 964 649 re
985 607 1106 662 (libri
1127 624 1285 650 summo
1307 607 1522 664 crepera),
1544 609 1722 650 ‘inventu'

238 674 405 716 saluti's
422 706 431 715 .
452 674 496 715 in
519 673 680 716 Catulli
702 674 890 716 carmine
912 675 980 730 66,
1004 675 1056 717 27
1081 675 1257 732 adeptus
1278 676 1378 718 libri
1398 689 1475 731 pro
1508 675 1694 732 adepta's
1711 708 1720 717 .

242 741 350 784 dixit
370 745 514 784 tamen
536 741 753 784 Martialis
775 755 947 797 quoque
969 743 1011 785 in
1034 743 1150 786 exitu
1170 748 1532 798 pentametrorum
1552 744 1723 786 vecula's

242 814 285 853 et
291 809 463 867 fatua's
483 825 556 865 111,
578 811 633 853 32
655 810 709 852 72
725 843 737 864 ,
760 811 910 853 komo's
931 815 1072 853 autem
1094 812 1284 867 septiens
1303 845 1311 853 .
1334 812 1379 854 in
1402 812 1552 854 eadem
1574 825 1723 855 versus

242 877 346 921 sede
366 891 453 920 non
475 891 623 922 omnes
639 896 678 921 m
695 878 880 922 litteram
902 892 996 922 eum
1017 880 1149 922 verbo
1171 880 1438 923 substantivo
1456 881 1722 923 colliserunt.

242 945 435 990 Catullus
455 949 695 990 miserum-st
714 980 725 1001 ‚
756 948 1000 1003 Propertius
1012 957 1212 1004 parumst
1226 981 1237 1002 ,
1265 948 1469 991 domumst
1483 981 1494 1002 ,
1521 950 1723 1003 virum-sc,

242 1013 424 1058 Ovidius
443 1016 641 1058 malumst
658 1028 791 1058 amor.
809 1030 852 1070 11,
870 1017 908 1070 9,
931 1017 1108 1059 virum-st
1123 1016 1279 1058 remed.
1299 1017 1366 1071 60,
1390 1026 1561 1059 meumst
1582 1016 1677 1059 fast.
1696 1032 1721 1071 1,

247 1082 348 1138 120,
371 1082 668 1126 adulterium&
688 1084 793 1126 trist.
815 1098 847 1124 11
865 1116 874 1138 ,
896 1083 1007 1139 430,
1030 1093 1203 1127 meumst
1222 1099 1296 1139 111,
1322 1084 1399 1139 14,
1428 1093 1581 1127 cuumsc
1601 1098 1647 1138 V,
1670 1086 1695 1127 9
1711 1118 1722 1138 7

243 1151 317 1206 qui
341 1151 515 1207 scripsit
535 1152 762 1207 epistulam
786 1151 964 1194 Medeae
985 1162 1184 1206 meumst,
1211 1153 1274 1207 12,
1297 1152 1407 1207 206,
1432 1153 1639 1194 Martialis
1648 1153 1722 1207 fo-

241 1228 375 1262 rumst
389 1252 400 1274 ,
418 1229 636 1276 yarumst,
659 1221 969 1276 archetypum&
983 1253 994 1274 ,
1022 1230 1221 1274 meumst,
1254 1221 1455 1262 lucrumst
1471 1253 1480 1262 .
1503 1233 1553 1262 ac
1573 1220 1722 1274 nequis

242 1287 353 1331 hanc
367 1288 605 1330 mutilatam
621 1289 741 1332 verbi
759 1287 938 1330 formam
957 1289 1071 1330 omni
1088 1288 1339 1331 condicione
1354 1289 1514 1343 pariter
1526 1288 1722 1330 omnibus

242 1355 468 1411 probatam
485 1360 615 1412 putet,
633 1357 678 1399 in
700 1355 850 1399 eodem
868 1357 1123 1411 pentametri
1140 1357 1234 1399 loeo
1253 1355 1432 1399 Ovidius
1448 1357 1622 1410 longam
1639 1356 1723 1411 syl-

241 1423 387 1466 labam
409 1437 494 1466 non
515 1437 614 1467 raro
636 1424 834 1478 admisit,
867 1424 984 1467 velut
1005 1425 1137 1467 dolose
1151 1458 1163 1478 ,
1192 1434 1344 1479 meost,
1376 1434 1534 1477 meast,
1573 1424 1722 1478 locost,

229 1492 415 1549 fuyast,
447 1493 599 1547 solost,
630 1502 795 1550 royost,
814 1493 984 1550 for-ost,
1015 1494 1140 1547 tuz'st,
1171 1493 1338 1546 mali-915,
1376 1493 1527 1546 iocose,
1558 1502 1722 1547 sonost,

242 1561 386 1604 bonos&
396 1594 407 1616 ,
431 1561 572 1604 dea-est
588 1561 672 1615 (Π).
690 1561 811 1616 378),
833 1570 986 1615 ηοίαει,
1003 1570 1155 1603 meaest
1169 1562 1310 1615 (Pont.
1328 1575 1371 1615 11,
1391 1561 1428 1615 7,
1446 1560 1538 1616 38),
1559 1569 1726 1602 manusb

243 1629 326 1685 (IV,
353 1630 388 1684 1,
418 1629 510 1685 14),
530 1642 610 1672 nec
625 1629 754 1672 nimis
771 1642 868 1671 raro
886 1629 960 1683 qui
976 1629 1068 1671 eius
1085 1629 1256 1671 nomine
1274 1629 1479 1684 epistulas
1501 1628 1724 1671 heroidum

243 1697 519 1754 scripserunt,
537 1698 664 1740 ceteri
682 1698 757 1741 vix
772 1711 967 1752 usquam,
986 1697 1178 1740 Catullus
1197 1697 1328 1740 semel
1344 1697 1550 1752 meast87,
1567 1697 1606 1751 4,
1624 1697 1724 1739 Pro-

242 1767 405 1822 pertius
437 1766 620 1821 domosc,
651 1767 787 1821 vz'ast,
816 1766 993 1820 marist,
1024 1766 1175 1820 solosc,
1208 1766 1364 1820 salost,
1397 1765 1536 1819 deost,
1567 1775 1723 1819 meast,

244 1834 454 1878 Martialis
474 1833 568 1889 bis,
591 1835 768 1889 domist,
790 1835 922 1876 virosa
936 1867 948 1888 ,
972 1833 1115 1876 nullus
1138 1834 1324 1876 omnium
1347 1837 1467 1876 extra
1487 1833 1723 1888 disyllaba.

360 1902 455 1947 994.
487 1917 642 1944 SEDES
688 1917 776 1944 UBI
818 1916 1014 1944 PONERE
1058 1915 1236 1944 Possm
1258 1935 1267 1945 .
1299 1903 1397 1945 Itali
1442 1906 1484 1944 et
1520 1902 1724 1944 Marullus

244 1986 451 2014 Possum
469 2003 479 2013 .

360 2041 457 2085 996.
490 2040 749 2082 annus
773 2053 896 2080 curio
910 2053 983 2079 T1s
1002 2072 1012 2094 ,
1034 2053 1112 2079 mr
1125 2051 1360 2084 ERNAQUE
1382 2052 1725 2079 SUPPEDITAN-

245 2123 367 2151 TUR.
388 2108 489 2151 Itali
525 2112 567 2151 et
602 2107 800 2163 impressi
831 2107 1035 2149 Partibus
1065 2108 1111 2149 in
1141 2107 1329 2149 cunonis:
1359 2105 1436 2149 sed
1467 2107 1621 2149 rectius
1653 2107 1725 2149 ad-

245 2177 397 2221 demus
426 2191 480 2232 E,
513 2175 629 2232 quod
661 2180 726 2218 est
755 2176 800 2218 in
830 2188 959 2219 versu
980 2175 1061 2217 217
1082 2207 1092 2218 .
1115 2174 1271 2217 deinde
1303 2175 1510 2218 Marullus
1541 2189 1726 2216 AETER-

245 2259 438 2300 NAQUE,
461 2246 523 2288 rei
540 2244 862 2299 convenienter,
880 2243 1077 2298 quamvis
1095 2256 1217 2286 secus
1239 2242 1437 2285 videatur
1455 2243 1725 2286 Wakefieldo

245 2319 288 2358 et
315 2314 581 2370 Forbigero,
613 2313 686 2369 qui
717 2313 914 2367 quotiens
945 2311 1300 2367 philosophantur
1330 2311 1539 2353 delirant·

365 2383 488 2426 1008.
520 2382 638 2424 Ipso
668 2395 846 2423 monum
861 2413 870 2423 .
894 2380 1116 2424 Corrector
1138 2379 1338 2434 quadrati
1360 2383 1402 2422 et
1432 2380 1559 2422 ceteri
1581 2380 1725 2422 IPSA.

365 2452 488 2495 1009.
522 2465 618 2497 Qun
666 2463 859 2492 conpos
905 2462 1053 2489 INANE
1077 2481 1086 2490 .
1125 2448 1255 2490 Recte
1299 2461 1439 2489 INANI
1482 2449 1613 2491 Itali.
1651 2447 1727 2490 sed

249 2519 383 2563 iidem
414 2524 456 2562 et
485 2518 683 2574 impressi
715 2519 806 2561 sine
838 2529 970 2559 causa
999 2517 1127 2573 quia.

366 2588 488 2630 1012.
520 2588 628 2629 AU'r
658 2601 813 2628 ETIAM
842 2599 1208 2634 ALTERUTRUM,
1239 2599 1340 2625 NISI
1370 2597 1615 2625 TERMINET
1646 2596 1727 2623 AL-

250 2669 445 2710 rmmm,
476 2669 644 2697 EORUM
665 2655 908 2698 smpmcn
940 2667 1138 2694 NATURA
1168 2667 1363 2694 PATEAT
1395 2666 1555 2693 TAMEN
1585 2665 1727 2692 mmo-

250 2735 514 2764 DERATUM.
538 2724 602 2766 De
642 2723 707 2766 his
738 2722 934 2767 versibus
965 2721 1186 2764 Madvieus
1218 2720 1391 2774 egregie
1422 2719 1656 2774 disputavit
1684 2719 1729 2761 in

252 2789 470 2844 opusculis
499 2791 712 2845 prioribus
746 2805 787 2845 p.
809 2791 920 2844 313,
958 2793 1055 2844 post
1086 2801 1212 2843 quem
1243 2788 1423 2830 aliorum
1453 2787 1728 2842 interpretum

251 2857 462 2900 rationem
483 2856 642 2900 habere
662 2870 1031 2913 supervacaneum
1062 2861 1154 2899 est.
1177 2855 1284 2898 dixit
1313 2859 1441 2910 poe'ta
1469 2868 1611 2898 rerum
1640 2856 1730 2897 uni-

251 2925 500 2970 versitatem
530 2938 669 2980 neque
697 2925 959 2968 extrinsecus
981 2924 1093 2966 finiri
1125 2937 1253 2979 posse
1284 2923 1447 2978 (1001)
1478 2936 1618 2979 neque
1648 2923 1730 2966 sibi

254 2994 394 3050 ipsam
427 2993 553 3035 finem
582 3006 744 3048 ponere
773 2993 963 3047 (1009).
986 2991 1078 3034 ‘hoc
1107 3005 1162 3034 ne
1193 2991 1332 3034 faeiat⁷
1365 2992 1527 3046 inquit,
1566 2991 1732 3034 ‘natura

1405 3059 1466 3102 5³1<
