2040 3328
905 224 948 267 ΙΙ
1582 227 1661 268 111

188 339 234 381 in
263 351 309 381 se
339 337 553 390 continet,
585 336 662 379 sed
683 350 706 379 e
728 338 950 392 superiore
970 350 1099 380 versu
1119 338 1202 380 628
1223 338 1266 379 in
1297 337 1408 380 hunc
1437 351 1663 395 perperam

187 406 367 448 relatum
398 408 490 447 est.
512 417 611 446 nam
634 405 773 448 oratio
804 405 1021 448 vinculum
1052 405 1296 461 desiderat,
1320 419 1402 460 quo
1434 407 1664 461 alligentur

186 473 264 516 illa
293 486 405 527 quae
435 472 502 515 his
535 473 728 515 subiecta
757 477 880 529 sunt,
911 474 1110 517 Dictaeos
1140 475 1329 529 referunt
1361 475 1563 518 Curetas:
1593 488 1662 518 ne-

187 554 272 596 que
307 541 410 583 ferri
445 544 587 596 potest
621 541 737 596 quod
768 541 995 584 Creechius
1031 541 1150 584 dedit
1166 575 1178 596 ,
1209 542 1333 597 isque
1351 575 1360 598 ,
1393 543 1475 585 nisi
1508 543 1660 598 fallor,

185 609 378 664 primus,
417 618 455 651 et
484 609 527 650 in
557 608 641 651 fine
670 623 820 652 versus
851 609 1028 652 alterius
1059 610 1246 664 positum
1277 613 1376 652 ante
1411 611 1661 667 Terrzflcas.

185 676 330 731 itaque
361 677 616 720 sententiam
647 677 914 732 explebimus
944 678 1030 732 ita,
1069 679 1177 719 inter
1206 693 1249 719 se
1271 677 1386 734 forte
1416 692 1548 724 QUOD
1578 694 1662 720 AR-

183 757 264 785 uls
281 745 457 788 Ludunt
603 779 614 800 ‚
631 746 828 788 Dictaeos
848 746 1039 802 referunt
1055 745 1229 788 Curetas
1249 777 1258 787 .
1279 758 1378 787 nam
1387 746 1509 801 forte
1529 750 1661 803 temp-

184 811 360 855 tandum
380 826 466 856 non
489 818 579 868 est,
608 827 691 868 quo
722 817 850 869 poeta
870 812 1082 868 significat
1112 825 1186 855 eos
1217 826 1302 855 non
1333 826 1500 868 semper
1531 815 1661 858 armis

182 879 357 935 ludere,
380 882 455 924 sed
478 881 691 924 interdum
713 914 722 935 ,
745 882 781 925 si
804 881 975 937 quando
997 881 1167 924 libuerit
1189 913 1198 923 .
1221 885 1436 936 postremo
1457 885 1662 939 sanquine

169 948 272 1005 fleti
297 948 567 993 Wakefieldo
597 950 795 1005 placent,
827 949 932 992 casti
963 948 1110 991 iudicii
1131 948 1372 991 hominibus
1404 948 1659 1006 displicent.

183 1027 322 1070 neque
358 1018 464 1061 satis
499 1018 674 1074 proprie
704 1018 911 1060 Marullus
941 1018 1147 1074 sanquine
1177 1017 1304 1059 laeti:
1334 1017 1550 1061 Bentleius
1587 1033 1659 1075 op-

182 1083 284 1127 time
315 1086 503 1128 eaeuZtant
533 1099 936 1128 SANGUINOLENTI
958 1117 968 1127 .

297 1154 392 1196 632.
453 1156 759 1212 Tmzmchs
821 1167 1039 1195 cA1>1TUM
1097 1167 1413 1199 Qun-murus
1471 1168 1658 1195 NUMINE

183 1235 395 1263 clusus
423 1253 432 1264 .
462 1222 510 1264 In
538 1222 648 1264 libro
681 1238 718 1278 v,
745 1221 880 1276 1315,
913 1221 986 1263 ubi
1016 1220 1085 1263 hic
1114 1234 1262 1264 versus
1293 1222 1446 1264 iterum
1475 1221 1657 1278 legitur,

182 1291 414 1348 quatientes
434 1289 621 1346 undique
643 1323 652 1332 .
679 1290 750 1332 hic
770 1289 1031 1345 Lambinus,
1063 1289 1145 1331 nisi
1175 1290 1453 1344 neglegenter
1483 1295 1657 1346 ageret,

181 1358 328 1401 videre
358 1362 527 1414 poterat
546 1372 739 1399 MOMINE
770 1357 1042 1400 scribendum
1075 1371 1193 1400 esse:
1226 1371 1365 1413 neque
1396 1357 1507 1400 enim
1538 1362 1659 1413 puta-

181 1427 316 1470 verim
347 1439 442 1469 eum
474 1439 568 1468 cum
591 1426 789 1469 Tul-nebo
821 1425 1040 1468 adversar.
1064 1439 1104 1482 v,
1127 1426 1179 1468 27
1208 1442 1359 1468 numen
1390 1427 1572 1482 capitum
1604 1426 1658 1468 de

179 1499 284 1538 nutu
314 1495 560 1550 accepisse3
599 1495 715 1549 quod
747 1493 944 1537 Gifanius
977 1493 1204 1537 Creechius
1235 1491 1528 1536 Wakefieldus
1559 1495 1660 1536 For-

181 1563 302 1618 bigei·
332 1563 455 1618 quasi
486 1563 810 1606 usitatissimum
841 1562 1100 1604 admittunt.
1131 1577 1283 1603 numen
1314 1565 1378 1603 est
1407 1562 1658 1617 imperium3

181 1644 314 1686 quare
342 1632 471 1674 etiam
499 1633 648 1674 ‘mentis
678 1647 830 1674 numen
860 1629 1083 1672 Lucretius
1115 1628 1223 1671 dixit
1252 1630 1297 1671 in
1327 1629 1437 1672 libro
1464 1644 1524 1684 111,
1551 1630 1658 1684 144,

179 1712 257 1754 pro
288 1703 592 1742 nutumotuve
623 1703 698 1741 aut
727 1711 804 1754 pro
835 1699 958 1740 icone
990 1697 1058 1739 dei
1090 1697 1231 1739 nullus
1266 1701 1459 1739 veterum
1487 1698 1656 1752 posuit.

180 1766 256 1811 sed
287 1767 553 1822 grammatici
585 1780 612 1809 a
633 1767 826 1809 Varrone
854 1779 976 1808 usum
997 1765 1197 1808 vocabuli
1218 1765 1382 1808 discere
1403 1766 1656 1820 noluerunt,

180 1835 359 1889 originis
381 1835 674 1891 disputatione
696 1834 818 1876 abusi
842 1838 941 1876 sunt
958 1867 966 1876 .
985 1833 1118 1876 verba
1139 1833 1229 1876 eius
1245 1832 1353 1875 haec
1368 1837 1466 1875 sunt
1487 1833 1529 1874 in
1549 1833 1656 1875 libro

178 1917 240 1944 vn
256 1903 310 1946 de
325 1904 477 1958 lingua
493 1904 649 1946 Latina
663 1917 704 1958 p.
722 1902 805 1945 363
824 1934 832 1943 .
856 1902 1021 1944 Numen
1038 1900 1183 1942 dicunt
1198 1916 1284 1943 esse
1301 1901 1523 1956 imperium
1540 1935 1548 1944 .
1569 1899 1656 1942 dic-

180 1979 266 2014 tum
295 1988 323 2013 a
351 1980 455 2013 nutu
470 2004 481 2025 ,
512 1970 777 2026 (addendum
809 1969 922 2026 quod
949 1970 1070 2011 ouius
1090 1967 1215 2022 nutu)
1246 1970 1386 2010 omnia
1415 1977 1535 2022 sunt,
1567 1969 1656 2010 eius

178 2039 401 2094 &aper-ium
431 2039 660 2080 maximum
689 2054 774 2080 esse
804 2037 997 2079 videatur
1019 2068 1027 2077 .
1045 2037 1186 2091 itaque
1216 2036 1262 2076 in
1282 2036 1380 2077 Iove
1409 2035 1483 2078 hoc
1515 2044 1551 2077 et
1570 2035 1656 2078 Ho-

177 2121 318 2148 merus
348 2115 385 2148 et
414 2107 527 2147 alius
548 2106 798 2161 aliquotiens
816 2137 824 2146 .
843 2105 914 2147 ubi
936 2103 1165 2158 legendum
1186 2107 1288 2158 puto
1318 2111 1354 2145 et
1384 2103 1552 2145 annalis
1567 2119 1582 2157 ,·
1611 2103 1656 2145 in

178 2172 333 2227 quibus
355 2173 461 2216 haec
482 2178 595 2215 certe
617 2173 750 2215 fuisse
771 2173 955 2227 scimus,
979 2171 1171 2228 Iuppiter
1192 2171 1258 2212 hic
1288 2171 1411 2225 risit,
1442 2179 1655 2227 tempesta-

179 2248 318 2298 tesque
347 2257 517 2284 serenae
547 2241 750 2283 Riserunt
779 2256 917 2283 omnes
946 2240 1039 2282 risu
1069 2238 1184 2280 Iovis
1214 2239 1502 2294 ommspotentz's
1518 2271 1527 2280 .

291 2308 388 2351 636.
420 2310 516 2352 637.
555 2309 733 2350 ARMAT
771 2323 828 2349 ET
866 2322 916 2348 IN
946 2320 1182 2348 NUMERUM
1217 2320 1426 2346 PERNICE
1458 2320 1655 2348 CHOREA

178 2375 358 2418 ARMAT
389 2391 437 2418 IN
467 2391 710 2419 NUMERUM
738 2389 1032 2417 PULSARENT
1064 2388 1272 2416 AERIBUS
1304 2388 1432 2415 AERA
1455 2407 1463 2416 .
1485 2375 1552 2416 Ita
1583 2374 1654 2416 Ob·

176 2444 332 2498 longus
353 2445 506 2487 Armat
526 2454 563 2488 et
583 2447 628 2487 in
648 2445 792 2500 priore
813 2457 940 2487 versu
958 2475 968 2497 ,
986 2443 1030 2484 in
1052 2443 1186 2485 altero
1204 2442 1356 2484 Armat
1376 2444 1420 2485 in
1436 2475 1447 2497 ,
1471 2442 1654 2498 quadra-

177 2514 246 2554 tus
262 2511 304 2553 in
323 2516 501 2566 utroque
518 2514 692 2555 Armati
704 2513 801 2555 etin
818 2545 827 2555 .
852 2513 896 2553 in
912 2510 1054 2566 priore
1071 2522 1210 2565 paene
1226 2514 1441 2552 servatum
1459 2511 1653 2553 videmus

176 2577 407 2620 Annum
421 2613 434 2634 ,
466 2584 608 2623 cetera
640 2579 826 2623 delenda
856 2592 950 2622 esse
972 2578 1204 2620 Lambinus
1225 2577 1434 2620 intellexit
1462 2578 1651 2633 primus.

177 2656 231 2686 ex
261 2645 398 2688 altero
430 2646 649 2690 Charisius
680 2661 722 2702 p.
740 2648 794 2689 72
825 2650 867 2690 et
897 2648 949 2689 97
976 2646 1207 2702 pulsabant
1236 2646 1403 2687 aeribus
1433 2661 1535 2687 aera
1556 2677 1565 2686 .

290 2712 386 2755 640.
418 2727 605 2755 ARMATI
626 2729 830 2756 MATREM
851 2726 1178 2755 COMITANTUR
1195 2745 1203 2753 .
1222 2711 1465 2762 Quadratus
1480 2721 1653 2754 matrem

177 2780 336 2822 armati
361 2783 609 2824 comitantur
628 2815 637 2824 .
661 2781 776 2825 idem
807 2780 920 2823 infra
940 2781 1023 2823 936
1054 2780 1142 2822 Nec
1163 2780 1412 2822 commutari
1427 2780 1652 2836 quicquam

177 2847 267 2890 sine
296 2848 521 2890 conciliatu
539 2881 548 2890 .

290 2914 540 2958 646—651.
573 2915 733 2960 OMNIS
763 2929 885 2956 Eunu
915 2929 1006 2955 PER
1043 2929 1097 2955 sn
1271 2928 1431 2960 NEQUE
1473 2929 1647 2956 TANGI-

177 2996 272 3023 run
302 2997 383 3023 nu
406 3017 415 3026 .
437 2983 554 3027 Haec
582 2983 831 3026 Lactantius
862 2981 991 3024 habet
1020 2982 1074 3024 de
1104 2982 1169 3034 ira
1191 2982 1258 3025 dei
1281 2983 1319 3037 8,
1345 2983 1380 3038 1,
1402 2982 1501 3024 item
1522 2983 1651 3025 versi-
