2040 3328
438 203 519 243 392
704 208 706 210 '
759 224 761 226 ·
1134 203 1189 242 VI

437 327 514 352 mr
545 313 653 354 divis
682 314 923 360 MACTATU'
956 321 1143 367 repente,
1165 311 1209 353 id
1245 316 1308 354 est
1336 314 1596 355 victimarum
1626 315 1880 370 immolatio,

439 382 483 420 ut
513 379 556 419 in
577 378 682 419 libro
713 378 847 432 primo
869 378 1020 419 Hostia
1040 378 1266 420 concideret
1291 388 1470 421 mactatu
1498 390 1651 423 maesta
1662 383 1854 437 parentis
1871 413 1880 423 .

551 445 644 486 761.
677 445 743 485 ET
789 458 966 490 omnus
1009 458 1034 483 E
1071 458 1214 485 FIANT
1259 459 1427 486 cAth1s
1472 459 1660 488 APPARE
1706 461 1852 488 omoo
1870 480 1880 490 .

440 512 704 554 Cori-ectores
725 514 890 553 veteres
920 523 1139 550 APPARET
1155 543 1165 553 .
1187 512 1263 553 sed
1293 512 1399 553 mira
1429 516 1492 554 est
1521 529 1541 554 e
1561 514 1882 568 praepositionis

440 578 628 620 traiectio
645 593 655 631 3
678 591 763 632 qua
778 579 945 631 poe'tam
963 589 1036 618 cur
1050 590 1170 619 usum
1188 590 1281 619 esse
1298 577 1434 619 dicam
1451 579 1615 634 nesei07
1633 593 1724 621 cum
1739 585 1883 634 posset

439 644 682 698 simpliciter
717 643 898 685 seribere
934 644 989 685 Et
1026 645 1174 699 quibus
1211 660 1231 685 e
1268 646 1405 686 causis
1431 645 1544 699 fiant
1559 677 1570 699 7
1590 650 1635 688 ut
1667 646 1710 688 in
1744 661 1783 702 v,
1801 647 1882 690 752

439 711 639 752 Pluribus
670 727 689 752 e
724 711 862 752 causis
885 711 1014 765 fieri.
1037 715 1109 752 aut
1144 710 1223 752 hoc
1258 710 1411 764 igitur,
1434 711 1545 768 quqd
1576 711 1778 755 Marullus
1811 727 1882 756 Vo-

415 778 542 831 'luit7
568 790 661 818 eum
693 775 862 818 dedisse
890 781 1018 830 puto,
1041 781 1113 819 aut
1140 777 1278 831 potius
1309 777 1456 831 quibus
1485 791 1688 819 arrum:
1717 781 1854 821 causis
1871 811 1881 821 .

440 844 483 885 in
512 844 617 885 libro
634 857 693 898 111,
715 843 820 885 1055
840 844 885 884 E
910 845 1058 899 quibus
1078 842 1125 884 id
1139 843 1223 898 flat
1243 844 1380 885 causis
1398 875 1407 886 .
1429 843 1536 885 dixit
1557 845 1694 900 effleri
1710 845 1882 887 Plautus

440 911 483 952 in
505 911 636 952 Persa
656 924 694 964 V,
715 910 750 963 1,
769 912 820 963 9,
843 910 1023 965 confieri
1044 922 1144 952 vero
1166 909 1383 952 Lucretius
1405 923 1559 965 saepe,
1581 911 1793 965 iidemque
1819 913 1882 956 in·

441 978 596 1031 terfi'eri
622 980 663 1018 et
682 977 887 1031 interfiat,
910 980 950 1018 et
980 975 1047 1017 hic
1076 977 1119 1017 in
1149 990 1206 1030 111,
1225 976 1307 1018 332
1337 976 1516 1019 fortasse
1546 978 1716 1033 efflant.

554 1043 647 1086 762.
678 1043 834 1083 ΙΑΝυΑ
864 1057 921 1082 NE
950 1056 1120 1083 POTEIS
1158 1057 1271 1083 ORCI
1300 1057 1593 1085 REGIONIBUS
1622 1058 1736 1084 Essa
1767 1044 1884 1087 cm:-

440 1123 632 1151 DATUR.
666 1110 875 1162 Antiquus
910 1114 1117 1152 corrector
1153 1109 1324 1163 oblongi
1348 1112 1485 1166 potis,
1507 1111 1649 1165 itaque
1684 1111 1782 1153 olim
1811 1111 1884 1152 im-

440 1177 601 1232 pressi.
624 1175 699 1217 sed
729 1176 812 1218 alio
842 1176 966 1218 modo
989 1175 1233 1218 adiuvanda
1261 1181 1325 1219 est
1350 1178 1558 1232 scriptura
1585 1177 1730 1231 vocis,
1751 1181 1796 1219 ut
1825 1177 1885 1218 di-

441 1257 584 1285 camus
620 1244 800 1293 Porrus
819 1258 828 1297 3
861 1242 973 1297 quod
1012 1243 1230 1284 Turnebus
1268 1256 1432 1298 quoque
1472 1244 1604 1298 vidit,
1634 1245 1705 1298 qui
1745 1247 1908 1302 tamen·

441 1310 544 1351 mire
575 1310 871 1363 interpretatur
891 1311 935 1351 in
963 1310 1220 1352 adversariis
1242 1325 1339 1365 xxn,
1361 1311 1411 1353 19
1441 1311 1494 1354 de
1514 1312 1644 1354 ianua
1663 1314 1884 1366 puteorum

441 1376 538 1419 Orci
556 1408 564 1417 .
588 1377 715 1418 immo
746 1377 890 1419 Puteis
918 1378 1183 1432 reqionibus-7·
1202 1377 1246 1418 id
1277 1381 1339 1419 est
1365 1378 1605 1420 Puteolanis
1634 1379 1817 1432 (Poteoli
1840 1378 1885 1420 in

441 1444 725 1497 grammaticis
760 1443 1157 1486 Vindobonensibus
1201 1457 1242 1498 p.
1263 1444 1359 1498 101)
1377 1459 1385 1486 :
1412 1458 1509 1487 nam
1553 1445 1688 1487 laeum
1729 1444 1886 1486 Averni

441 1510 594 1552 Cumas
625 1511 732 1551 inter
763 1514 803 1552 et
824 1511 1021 1552 Puteolos
1053 1523 1145 1553 esse
1167 1514 1354 1553 constat.
1378 1512 1418 1552 in
1449 1524 1495 1553 re
1517 1515 1630 1553 certa
1659 1515 1700 1553 et
1728 1511 1885 1566 perspi-

442 1591 520 1619 cua
541 1577 593 1619 de
615 1577 691 1618 illa
711 1577 892 1619 mirabili
913 1577 1112 1620 adiectivi
1139 1578 1275 1619 forma
1295 1577 1570 1620 dubitandum
1589 1591 1673 1620 non
1694 1582 1782 1632 est,
1804 1591 1888 1631 qua

441 1657 578 1698 neque
598 1643 784 1685 Lucilius
815 1657 917 1686 usus
948 1649 1064 1697 erat,
1088 1657 1180 1686 cum
1211 1645 1411 1687 scriberet
1441 1645 1484 1686 in
1514 1645 1737 1687 satirarum
1765 1645 1885 1686 tertio

442 1711 546 1754 Inde
578 1711 895 1753 Dicaearchium
918 1712 1097 1766 populos
1125 1711 1355 1766 Delumque
1389 1713 1608 1765 minorem,
1630 1724 1765 1765 neque
1794 1724 1886 1753 eam

442 1782 538 1833 post
554 1777 790 1819 Lucretium
812 1778 919 1820 alius
941 1781 1067 1832 poeta
1086 1777 1346 1832 periclitatus
1368 1781 1457 1820 est.
1480 1778 1726 1820 dicebantur
1747 1781 1888 1819 tamen

438 1846 559 1901 putei
593 1848 634 1886 et
661 1853 791 1900 putea
826 1857 980 1898 genere
1018 1844 1215 1897 ambiguo
1233 1858 1243 1894 ;
1278 1857 1359 1898 quo
1396 1844 1485 1886 fieri
1515 1844 1651 1899 potuit
1686 1848 1731 1886 ut
1758 1844 1887 1898 paulo

443 1912 578 1953 minor
614 1915 724 1954 esset
761 1912 805 1953 in
830 1913 966 1967 puteis
1002 1912 1262 1967 remonitus,
1285 1911 1406 1964 quasi
1443 1911 1659 1965 puteosis7
1682 1911 1886 1953 offensio.

443 1979 589 2020 horum
621 1979 919 2020 vocabulorum
950 1979 1103 2020 rationi
1134 1978 1347 2020 simillima
1383 1982 1478 2019 sunt
1506 1978 1672 2033 clupeus
1702 1979 1888 2033 clupeum

445 2046 601 2100 Clupea
630 2045 806 2099 civitas,
827 2058 963 2099 neque
1000 2045 1139 2087 aliena
1178 2045 1281 2087 haec
1315 2046 1486 2087 nomina
1519 2044 1781 2087 substantiva
1809 2047 1888 2085 ter-

443 2112 640 2166 gemina,
670 2128 848 2154 araneus
891 2127 1047 2154 aranea
1091 2127 1288 2154 araneum
1303 2144 1314 2165 7
1344 2113 1487 2154 acinus
1532 2112 1652 2153 acina
1697 2112 1860 2152 acinum
1875 2126 1890 2164 7·

444 2192 551 2233 quae
572 2179 625 2220 ab
647 2178 868 2221 adiectivis
889 2179 1094 2220 translata
1115 2191 1208 2220 esse
1223 2178 1348 2220 fidem
1369 2178 1528 2220 faciunt
1542 2191 1625 2220 non
1645 2177 1761 2219 nulla
1779 2177 1887 2232 pari-

443 2251 506 2288 ter
520 2245 738 2288 mutabilia
756 2278 765 2300 7
787 2258 895 2299 quae
912 2245 1059 2287 eadem
1075 2244 1287 2287 adieetiva
1302 2248 1416 2298 sunt,
1439 2248 1483 2286 ut
1499 2246 1667 2287 nuntius
1682 2245 1888 2297 nuntium,

443 2313 620 2354 mundus
636 2312 831 2354 mundum
847 2345 857 2365 7
880 2313 1038 2354 cubitu-5·
1054 2313 1230 2354 cubitum
1242 2345 1252 2365 7
1270 2327 1414 2353 arvum
1431 2327 1555 2365 arva,
1574 2312 1704 2353 clivus
1719 2311 1886 2364 clivum,

444 2381 646 2421 canticum
688 2380 894 2420 canticula
909 2411 919 2433 7
944 2380 1145 2434 posticum
1177 2379 1337 2434 postica
1353 2411 1363 2432 7
1388 2379 1555 2434 lupinus
1595 2378 1807 2433 lupinum,
1829 2377 1888 2418 la-

445 2447 594 2487 brusca
624 2446 883 2498 labruscam,
915 2445 1014 2487 item
1039 2446 1171 2501 forus
1187 2446 1338 2500 forum
1375 2457 1466 2486 oum
1503 2444 1712 2486 adieetivo
1729 2444 1861 2498 foras
1879 2475 1887 2483 .

445 2511 631 2554 eiusdem
652 2512 818 2565 generis
849 2511 935 2553 alia
955 2511 1163 2565 permulta
1184 2515 1304 2562 sunt,
1328 2523 1435 2564 quae
1457 2510 1665 2552 adiective
1686 2509 1768 2551 dici
1790 2509 1887 2551 olim

445 2579 659 2621 desierunt
677 2611 686 2629 ‚
695 2579 855 2633 fluvius
871 2578 1010 2633 fluvia
1026 2611 1036 2631 ‚
1059 2579 1212 2620 labium
1241 2579 1357 2619 labea
1371 2609 1382 2630 7
1404 2578 1545 2632 apium
1566 2577 1688 2633 apius
1701 2607 1712 2629 7
1734 2576 1889 2617 corium

444 2647 580 2687 corius
594 2678 605 2699 7
627 2646 792 2687 nerviae
829 2645 998 2697 nervia,
1021 2652 1176 2686 ostreae
1212 2652 1369 2696 ostrea,
1398 2644 1587 2685 horreum
1623 2644 1794 2696 horrea,
1823 2658 1887 2684 ca-

444 2727 536 2753 seus
566 2727 727 2754 caseum
744 2744 754 2764 7
775 2711 981 2753 balineum
1011 2711 1196 2752 balineae
1211 2743 1222 2764 7
1245 2711 1400 2751 latrina
1431 2709 1627 2750 latrinum
1644 2741 1654 2751 .

558 2778 651 2819 764.
682 2791 915 2821 mmmm.
939 2777 1166 2819 Lambinus
1196 2789 1430 2817 munuum.

558 2845 652 2886 767.
682 2858 708 2884 A
740 2859 890 2886 vmzn.
913 2845 1008 2886 Itali
1040 2848 1080 2885 et
1108 2843 1301 2898 impressi
1332 2860 1358 2884 a
1387 2855 1537 2883 VERA.

559 2911 651 2952 768.
682 2925 776 2951 NAM
806 2925 866 2951 DE
896 2925 952 2951 RE
983 2925 1104 2952 NUNC
1126 2924 1232 2950 IPSA
1253 2923 1430 2950 DICERE
1452 2922 1608 2951 OONOR
1626 2939 1636 2952 .
1657 2909 1721 2950 De
1741 2923 1785 2950 re
1805 2920 1889 2949 non
