2020 3302
324 1124 448 1198 Ante
481 1155 557 1198 hos
588 1155 704 1197 mille
736 1168 872 1197 annos
903 1155 946 1197 in
978 1154 1162 1209 quadam
1195 1156 1316 1209 regni
1350 1155 1540 1197 Francici
1572 1158 1694 1210 parte

211 1237 339 1266 unum
371 1227 596 1279 supererat
627 1223 870 1266 Lucretiani
904 1224 1102 1266 carminis
1135 1223 1356 1278 exemplar
1387 1223 1632 1277 antiquum,
1670 1236 1693 1264 e

211 1304 294 1345 quo
317 1295 486 1347 cetera,
510 1305 690 1346 quorum
713 1296 812 1346 post
832 1292 907 1333 illa
927 1296 1122 1346 tempora
1143 1292 1349 1334 memoria
1370 1291 1478 1345 fuit,
1509 1291 1694 1334 deducta

211 1363 331 1414 sunt;
363 1360 444 1402 nisi
473 1359 583 1402 forte
614 1373 710 1402 eum
732 1360 887 1402 librum
910 1361 1105 1402 Lucretii
1121 1376 1250 1402 unum
1272 1373 1397 1414 quem
1419 1360 1592 1402 saeculo
1624 1359 1694 1401 dc-

209 1428 318 1470 cimo
349 1428 588 1471 Bohienses
630 1442 676 1471 se
708 1428 868 1470 habere
899 1428 1161 1483 scripserunt
1193 1428 1235 1469 in
1268 1428 1465 1481 catalogo
1498 1441 1525 1470 a
1555 1428 1692 1469 Mura-

210 1497 318 1539 torio
340 1497 385 1538 in
407 1497 748 1552 Antiquitatibus
771 1497 933 1538 Italicis
955 1495 1069 1539 edito
1089 1530 1097 1551 ,
1122 1501 1292 1538 tom0111
1307 1496 1467 1551 p.820,
1491 1500 1533 1538 et
1553 1496 1693 1551 ipsum

210 1564 297 1607 iam
319 1569 421 1608 tunc
442 1566 661 1619 antiquum
684 1565 818 1607 fuisse
840 1565 1050 1620 suspicari
1074 1566 1270 1607 volumus
1291 1598 1298 1605 .
1323 1569 1437 1607 certe
1458 1564 1583 1606 huius
1606 1565 1692 1605 nul-

212 1633 299 1674 lum
322 1647 506 1689 usquam
528 1633 894 1692 extatxvestigium
915 1649 923 1675 :
947 1646 999 1675 ex
1020 1634 1093 1675 illo
1116 1647 1241 1688 quem
1262 1634 1307 1675 in
1329 1646 1463 1687 regno
1487 1633 1692 1675 Francico

211 1700 348 1744 fuisse
370 1702 566 1745 dicebam
589 1702 708 1744 multi
731 1702 866 1744 tribus
885 1735 894 1756 ,
927 1705 1132 1756 quantum
1156 1714 1417 1755 cognoscere
1438 1714 1691 1756 possumus,

211 1771 418 1826 exemplis
451 1771 652 1826 descripti
687 1774 811 1812 sunt.
834 1770 878 1812 id
911 1771 1133 1825 exemplar
1166 1775 1401 1812 ceterorum
1432 1784 1693 1810 ARCHETY-

208 1851 303 1878 Pon
340 1839 427 1894 (ita
463 1839 683 1894 appellare
720 1840 863 1891 soleo)
903 1838 1090 1882 constitit
1127 1838 1300 1893 paginis
1339 1852 1476 1892 occu,
1516 1850 1692 1892 quarum

210 1919 295 1948 non
325 1910 488 1948 tantum
511 1908 649 1962 prima
671 1912 712 1950 et
732 1907 910 1962 ultima,
934 1907 1011 1950 sed
1043 1910 1269 1961 praeterea
1299 1906 1533 1948 centesima
1563 1920 1693 1948 nona-

176 1994 182 1997 -
210 1974 405 2029 gesima,
438 1988 549 2028 quae
581 1980 674 2018 crat
702 1979 801 2030 post
830 1975 956 2016 finem
987 1975 1085 2016 libri
1116 1975 1283 2028 quarti,
1316 1974 1581 2029 conscriptae
1607 1987 1691 2016 non

211 2041 410 2084 fuerunt:
450 2044 551 2085 item
581 2056 670 2085 una
699 2044 742 2084 in
771 2043 879 2085 libro
910 2043 1078 2097 primo,
1114 2046 1159 2084 ut
1191 2042 1330 2084 dicam
1363 2042 1419 2083 ad
1450 2041 1572 2085 huius
1603 2056 1694 2085 ver-

211 2123 304 2152 sum
325 2110 434 2153 1093
452 2143 461 2164 ,
484 2123 622 2153 vacua
644 2110 722 2152 fuit
738 2111 888 2153 relicta
906 2126 915 2151 τ
938 2112 981 2153 in
998 2110 1173 2165 reliquis
1194 2110 1363 2151 fuerunt
1380 2123 1529 2153 versus
1546 2111 1693 2166 vigeni

212 2178 331 2233 seni,
362 2179 406 2220 in
437 2179 588 2221 ultima
615 2179 714 2221 libri
746 2179 949 2232 cuiusque
970 2179 1224 2234 pauciores.
1247 2191 1374 2233 porro
1408 2178 1500 2220 eius
1533 2179 1693 2222 codicis

210 2246 465 2301 scripturam
492 2247 646 2289 litteris
674 2247 933 2302 capitalibus
957 2246 1282 2301 gracilioribus,
1316 2260 1401 2288 non
1426 2247 1691 2301 uncialibus,

210 2315 344 2356 fuisse
375 2315 515 2357 multis
538 2315 705 2358 indiciis
728 2315 927 2369 cognosci
951 2319 1092 2370 potest
1112 2331 1120 2356 z
1142 2315 1446 2358 vocabulorum
1476 2314 1692 2357 distinctio

210 2382 331 2425 nulla
347 2382 452 2437 fuit,
476 2384 783 2427 sententiarum
801 2384 1149 2426 constantissima
1166 2383 1209 2424 in
1226 2383 1378 2426 mediis
1396 2382 1589 2426 versibus
1607 2416 1615 2423 .
1642 2396 1694 2425 ex

211 2451 364 2504 quibus
395 2451 523 2494 rebus
553 2453 815 2506 intellegitur
846 2465 940 2494 eum
971 2452 1143 2495 saeculo
1178 2456 1277 2506 post
1307 2451 1517 2493 Christum
1547 2455 1694 2493 natum

212 2522 364 2573 quarto
396 2519 599 2572 quintove
631 2522 917 2575 conscriptum
951 2519 1110 2573 fuisse,
1150 2519 1412 2573 Vergilianis
1445 2519 1695 2574 exemplari-

210 2586 317 2641 bus,
350 2599 460 2641 quae
491 2600 544 2630 ex
575 2601 626 2630 eo
655 2601 813 2642 genere
845 2592 1100 2642 supersunt,
1134 2587 1392 2629 simillimum
1411 2619 1420 2628 .
1443 2587 1522 2629 hoc
1553 2590 1694 2629 tamen

213 2654 500 2697 confitendum
533 2660 624 2709 est,
656 2669 797 2711 neque
836 2655 1056 2697 librarium
1094 2668 1182 2698 rem
1214 2669 1335 2697 suam
1367 2655 1472 2697 satis
1506 2654 1697 2696 studiose

213 2721 382 2776 egisse,
414 2736 553 2776 neque
585 2728 873 2778 correctores,
906 2737 1013 2778 quos
1046 2724 1089 2765 in
1121 2724 1230 2765 libro
1262 2722 1520 2777 expoliendo
1553 2735 1696 2765 curam

214 2790 447 2832 collocasse
478 2796 686 2846 apparet,
720 2793 855 2834 multa
886 2791 940 2833 ab
970 2791 1044 2833 illo
1067 2795 1245 2846 peccata
1268 2789 1550 2833 emendasse:
1583 2795 1696 2833 certe

213 2870 268 2899 ne
299 2871 430 2899 unum
462 2859 635 2912 quidem
663 2873 716 2901 ex
738 2861 791 2902 iis
812 2859 1009 2902 versibus
1031 2872 1135 2912 quos
1158 2859 1371 2901 omisisset
1391 2858 1666 2901 restituerunt
1685 2874 1695 2913 3

213 2930 260 2968 ut
277 2926 504 2969 videantur
522 2926 623 2968 mihi
642 2927 831 2969 codicem
853 2941 974 2969 suum
993 2959 1001 2981 ,
1026 2931 1070 2968 ut
1092 2927 1180 2968 fere
1199 2925 1426 2980 dicebant,
1449 2926 1541 2969 sine
1559 2940 1698 2969 exem-

214 2994 352 3049 plario
384 2994 542 3048 legisse
574 2998 615 3036 et
646 2998 692 3036 ut
721 2995 936 3048 potuerint
967 2995 1246 3060 emendasse.

1371 3063 1431 3103 1*
