2040 3328
437 217 516 258 140
1132 194 1178 261 11

548 329 666 371 1130.
700 328 869 371 Dosse
891 344 1162 370 ArAEsanm
1180 362 1190 372 .
1206 331 1368 373 Nonius
1386 346 1423 387 p.
1440 333 1520 375 247
1539 339 1578 376 et
1594 335 1675 376 248
1698 335 1874 378 Adolere

434 404 491 437 est
520 412 638 438 urere
663 427 671 436 .
830 397 994 439 adolere
1008 429 1019 450 ,
1042 413 1191 452 auyere
1205 429 1216 450 ,
1238 398 1436 442 honorare
1451 431 1461 453 ,
1477 402 1710 456 propitiare
1730 435 1738 444 .

433 462 690 516 adolescere,
721 479 899 505 crescere
914 479 928 516 5
958 463 1065 505 unde
1092 463 1387 507 adulescentem
1414 466 1514 508 dicit
1541 467 1783 521 (legendum
1812 474 1875 514 est

433 529 657 582 dicimus).
680 530 898 571 Lucretius
930 530 996 571 lib.
1025 543 1056 569 11
1084 530 1274 586 Denique
1303 531 1570 576 adulescendi
1593 551 1792 579 summum
1822 546 1874 580 te-

432 596 558 651 ciqere
587 611 778 637 cacumen
807 628 817 638 .
845 597 1050 638 Laberius
1085 598 1129 638 iu
1159 597 1377 640 Sororibus
1407 599 1522 640 Laus
1551 603 1710 644 nomine
1736 603 1875 659 qlori'a

431 661 650 703 adolescit.
668 661 776 705 hune
796 662 964 705 dedisse
986 663 1177 704 existimo
1199 664 1390 720 Donique
1415 665 1624 709 alescendi
1638 700 1650 722 ,
1670 673 1712 711 et
1730 670 1873 724 Laus,

430 743 574 770 nomeu
584 761 595 782 ,
623 729 762 786 gloria
777 762 788 783 ,
819 730 962 786 ale-scit
978 762 986 771 .

545 796 663 838 1131.
694 810 750 836 ΕΤ
770 810 932 837 Rosson
952 810 1181 837 ADULTUM
1200 831 1209 841 .
1227 798 1276 839 In
1297 798 1404 840 libro
1420 799 1604 853 111,1017
1626 802 1749 844 robur
1765 834 1774 844 .
1791 803 1874 846 Me-

431 861 574 904 diceus
604 862 645 903 in
676 863 888 905 Aeneidos
908 878 964 918 xx,
987 865 1067 906 368
1095 865 1219 906 rubor
1234 897 1244 917 ,
1272 865 1391 906 robor
1411 865 1624 908 Romanus
1649 868 1691 910 in
1711 870 1875 923 georgi-

431 941 509 970 con
537 943 595 982 111,
618 930 699 972 235
718 962 727 972 .
758 929 972 972 Charisius
1003 944 1042 984 p.
1064 931 1117 972 66
1148 930 1200 972 de
1230 931 1467 973 nominibus
1497 945 1606 986 quae
1635 949 1680 976 or
1709 936 1876 989 syllaba

431 996 705 1037 terminantur
726 997 948 1039 Praeterea
980 1006 1015 1039 et
1044 998 1252 1039 neutralia
1281 1000 1404 1054 siqua
1433 1008 1527 1040 sunt
1540 1032 1551 1052 ‚
1575 1001 1727 1043 ethaeo
1747 1005 1874 1045 corri-

425 1064 624 1117 piuntur,
646 1063 753 1104 velut
768 1078 921 1118 aequor
937 1065 1145 1119 aequoris,
1165 1080 1346 1107 marmor
1364 1067 1604 1119 marmoris,
1625 1068 1744 1108 robor
1764 1070 1875 1110 robo-

432 1130 502 1181 ria
520 1129 625 1171 ador
641 1129 800 1172 adoris.
818 1129 965 1172 eadem
982 1131 1129 1172 iterum
1145 1145 1185 1186 p.
1196 1132 1270 1174 95:
1288 1132 1349 1174 sic
1362 1131 1472 1174 idem
1489 1146 1527 1186 p.
1541 1133 1588 1174 17
1603 1137 1643 1174 et
1653 1133 1720 1176 29.
1737 1146 1874 1187 gram·

429 1195 602 1238 maticus
623 1196 900 1239 Eichenfeldii
930 1211 970 1252 p.
988 1198 1039 1239 91
1073 1198 1125 1239 In
1154 1214 1201 1240 or
1228 1199 1460 1240 masculina
1489 1200 1626 1241 omnia
1655 1210 1775 1254 sum,
1807 1217 1874 1244 ex-

428 1264 554 1318 ceptis
569 1264 633 1304 his
647 1264 778 1305 tribus
780 1264 1023 1319 femi‘nmis‘,
1033 1280 1139 1307 uxor
1154 1281 1273 1307 soror
1288 1266 1411 1307 arbor
1417 1266 1574 1321 ‚adque
1589 1282 1662 1308 sex
1677 1233 1874 1310 neulrali-

427 1330 518 1382 bus,
535 1346 604 1371 cor
620 1347 773 1386 aequor
789 1347 972 1373 marmor
988 1331 1092 1373 ador
1107 1331 1226 1373 robor
1242 1333 1346 1373 ebor.
1369 1332 1561 1374 Phoeas
1550 1345 1593 1374 ln
1609 1337 1699 1375 arte
1715 1347 1754 1388 p.
1767 1334 1873 1377 1695

429 1406 464 1438 et
483 1399 640 1438 neutris
660 1398 749 1451 his,
773 1398 844 1440 hoc
865 1398 994 1447 ador,
1016 1399 1089 1440 hoc
1110 1414 1317 1452 marmor,
1339 1399 1410 1440 hoc
1431 1415 1584 1455 aequor
1597 1431 1608 1452 ,
1630 1399 1702 1441 hoc
1728 1401 1873 1442 robor.

427 1464 659 1517 Agroecius
680 1478 720 1519 p.
738 1465 847 1507 2269
867 1465 1010 1506 Rubor
1031 1465 1178 1507 coloris
1199 1474 1281 1519 est,
1302 1466 1427 1507 robur
1447 1467 1610 1507 virtutis
1625 1499 1636 1520 ‚
1658 1467 1778 1508 robor
1806 1483 1873 1508 ar-

429 1531 539 1572 boris
562 1562 571 1572 .
594 1534 738 1573 contra
765 1531 1047 1582 Quintilianus
1077 1532 1120 1574 in
1150 1532 1256 1573 libro
1278 1546 1304 1586 1,
1327 1533 1365 1586 6,
1387 1532 1441 1573 22
1471 1533 1568 1574 ebur
1597 1542 1633 1575 ec
1662 1534 1787 1576 robur
1814 1535 1874 1576 ἰ’τα

427 1596 538 1638 dicta
568 1613 618 1638 ac
647 1599 803 1654 scripta
833 1600 1003 1640 summis
1034 1600 1268 1641 auctoribus
1297 1598 1451 1640 tradit.

543 1663 662 1706 1135.
710 1665 877 1706 PLURA
919 1679 1055 1706 Mono
1085 1679 1350 1706 DISPARGIT
1393 1679 1450 1705 ΕΤ
1486 1679 1511 1706 A
1551 1679 1602 1706 sn
1647 1681 1872 1709 CORPORA

431 1744 597 1770 MiTTn·
621 1762 630 1771 .
662 1731 886 1788 Disparyit
915 1733 1124 1786 oblongus
1146 1766 1157 1786 ,
1188 1732 1299 1774 idem
1329 1745 1356 1773 a
1385 1736 1616 1774 correctore
1645 1733 1872 1790 disper-qil,

429 1797 660 1851 quadratus
681 1799 878 1852 ambigue
898 1799 1064 1854 syllaba
1088 1813 1164 1854 per
1181 1815 1211 1855 p
1232 1799 1412 1840 litteram
1432 1798 1673 1853 perductam
1704 1804 1848 1843 notata
1865 1833 1874 1843 .

426 1864 580 1907 deinde
610 1865 840 1919 quadratus
871 1875 907 1908 ec
927 1883 953 1908 a
973 1882 1040 1920 se,
1073 1866 1277 1919 oblongus
1298 1874 1410 1907 aetas
1431 1881 1451 1907 e
1466 1882 1480 1919 ,·
1510 1865 1623 1918 quod
1653 1879 1726 1908 cur
1755 1877 1792 1910 et
1811 1883 1872 1909 AB

425 1947 467 1972 se
488 1931 752 1973 scribendum
774 1932 827 1974 sit
843 1931 898 1974 ad
913 1932 1065 1974 librum
1081 1947 1135 1985 w,
1153 1932 1234 1975 925
1251 1945 1457 1986 exponam
1475 1963 1483 1972 .
1501 1931 1578 1974 sed
1593 1933 1712 1975 modo
1726 1967 1738 1988 ,
1759 1934 1873 1988 quod

425 1997 631 2040 Lambino
653 1998 866 2053 displicuit
887 2031 896 2052 ,
919 1999 1152 2041 sententiae
1174 1999 1330 2054 optime
1351 1999 1545 2041 convenit
1564 2014 1573 2041 ε
1595 2004 1658 2042 est
1687 2001 1798 2042 enim
1818 2001 1874 2043 ad

425 2064 498 2106 illa
519 2064 783 2107 referendum
803 2079 911 2119 quae
931 2069 1277 2120 praecesserunt,
1310 2067 1503 2122 auymine
1523 2066 1711 2122 adempto
1726 2100 1738 2121 ,
1761 2067 1873 2121 quod

428 2136 634 2174 corrector
665 2132 837 2185 oblongi
867 2144 951 2173 non
981 2136 1092 2174 recte
1124 2132 1222 2174 fecit
1250 2132 1421 2188 adepto.
1442 2137 1482 2174 et
1510 2133 1676 2176 Reizius
1707 2134 1764 2176 ad
1793 2135 1874 2176 Ru-

427 2198 593 2240 dentem
625 2199 866 2241 observavit
895 2199 1089 2242 Plautum
1119 2199 1368 2252 aliquotiens
1403 2199 1521 2242 modo
1557 2200 1762 2254 producta
1790 2201 1874 2256 syl-

425 2266 525 2307 laba
540 2267 772 2320 posteriore
789 2267 947 2309 dixisse
962 2266 1079 2321 (vide
1096 2266 1320 2308 Asinariae
1340 2267 1442 2319 prol.
1459 2266 1486 2309 5
1503 2300 1512 2317 ‚
1535 2266 1674 2308 Aulul.
1691 2281 1733 2322 11,
1751 2267 1788 2322 2,
1806 2268 1873 2322 62,

425 2333 576 2375 Pseud.
594 2348 636 2389 11,
655 2335 692 2387 3,
711 2334 791 2388 23,
814 2335 941 2376 Poen.
958 2349 985 2388 1,
1003 2334 1041 2388 2,
1060 2333 1131 2387 7),
1155 2337 1280 2386 atque
1310 2332 1388 2374 hoc
1418 2333 1529 2375 idem
1558 2336 1725 2387 poetam
1756 2333 1875 2376 Octa-

425 2400 521 2442 viae
542 2413 689 2442 ausum
712 2414 803 2443 esse
825 2414 950 2443 versu
966 2401 1047 2443 273
1065 2432 1074 2442 .
1093 2401 1134 2441 in
1156 2413 1240 2453 qua
1260 2412 1304 2441 re
1327 2412 1580 2454 quamquam
1603 2400 1874 2443 memorabile

426 2470 490 2508 est
518 2479 572 2508 ne
603 2466 807 2508 Senecam
839 2468 1008 2521 quidem
1045 2471 1117 2508 aut
1155 2467 1282 2508 alium
1321 2466 1485 2508 illorum
1515 2470 1746 2520 temporum
1775 2470 1873 2521 poe-

425 2537 536 2587 tam,
569 2546 661 2575 cum
691 2546 835 2576 veram
864 2550 886 2575 ο
916 2535 1081 2576 litterae
1111 2533 1387 2587 quantitatem
1408 2545 1536 2586 saepe
1566 2533 1873 2587 neglegerent,

425 2612 651 2655 peccasse,
688 2604 783 2642 sunt
813 2604 952 2642 tamen
989 2600 1100 2642 inter
1129 2603 1292 2641 veteres
1322 2603 1416 2653 post
1443 2599 1665 2654 Plautum,
1697 2612 1873 2653 quorum

426 2667 671 2709 auctoritate
701 2666 872 2709 credere
899 2667 1109 2722 possimus
1130 2666 1364 2708 Lucretium
1394 2670 1435 2707 et
1454 2665 1520 2707 hic
1542 2671 1582 2708 et
1602 2678 1731 2721 supra
1749 2678 1874 2708 versu

426 2734 504 2775 941
529 2738 569 2775 et
589 2733 770 2776 fortasse
790 2735 833 2776 in
854 2749 909 2789 1v,
931 2735 1033 2776 1181
1058 2733 1174 2775 modo
1195 2732 1473 2791 produxisse.
1490 2732 1709 2775 Terentius
1729 2733 1772 2774 in
1793 2732 1873 2774 He-

426 2812 528 2853 cyra
545 2814 581 2854 V,
599 2801 637 2854 3,
659 2802 712 2843 32
738 2803 847 2843 Eum
873 2803 971 2844 lzaec
996 2801 1181 2857 coqnovit
1206 2800 1429 2855 Myrrhina
1456 2801 1500 2841 in
1528 2799 1657 2855 diqito
1676 2798 1794 2840 modo
1812 2814 1875 2840 me

426 2867 592 2908 habente
608 2882 622 2908 .·
641 2872 752 2910 recte
773 2869 885 2910 enim
906 2868 1121 2911 Bentleius
1148 2866 1331 2908 editione
1362 2865 1547 2907 secunda
1576 2866 1741 2907 habente
1757 2896 1768 2918 ‚
1798 2863 1874 2906 sed

428 2933 524 2974 haec
554 2946 786 2988 pronomen
817 2935 856 2975 in
889 2935 1018 2977 alium
1048 2935 1182 2976 locum
1213 2933 1390 2974 traicere
1419 2932 1521 2974 nihil
1543 2945 1648 2986 opus
1669 2934 1757 2985 est,
1782 2943 1874 2973 cum
