2040 3328
916 217 936 258 Ι
1638 220 1692 262 63

214 328 370 372 multae
409 336 547 370 tamen
586 330 693 372 artis
715 362 724 371 .
755 330 799 371 in
830 333 915 372 tam
947 334 1100 372 exacta
1129 334 1365 385 temporum
1396 332 1693 374 convenientia

214 396 320 440 nihil
350 395 493 439 obstat
523 409 608 450 quo
640 397 782 440 minus
804 398 1110 454 Hieronymum
1132 397 1200 440 hie
1220 399 1423 441 Suetonio
1445 399 1550 441 satis
1581 404 1693 441 recte

213 478 339 508 usum
370 477 466 506 esse
497 464 744 509 credamus:
783 479 863 508 nec
903 466 1090 509 dubitari
1120 470 1262 522 potest
1291 467 1391 521 quin
1423 468 1512 510 fere
1545 466 1694 510 eadem

213 533 259 576 in
289 533 606 575 commentariis
638 534 681 575 in
702 535 890 577 Lucretii
917 547 1088 577 carmen
1119 534 1286 589 scriptis
1317 535 1554 590 invenerit,
1586 549 1693 590 quos

164 657 166 659 v
213 600 346 655 vulgo
376 604 501 643 notos
534 600 667 644 fuisse
698 606 877 645 testatur
912 602 956 644 in
986 603 1191 657 apologia
1226 603 1270 645 in
1300 603 1496 646 Rufinum
1525 605 1691 659 prima,

212 673 328 712 tomo
350 683 381 709 11
401 682 444 724 p.
460 668 545 711 472
567 669 634 712 ed.
656 670 860 713 Vallarsii
882 703 891 712 .
914 671 958 713 in
980 684 1025 713 re
1047 674 1149 713 nota
1178 671 1282 713 nihil
1314 685 1421 727 opus
1452 671 1532 714 fuit
1560 676 1606 714 ut
1628 672 1693 716 Ci-

214 737 381 780 ceronis
412 750 672 792 praenomen
703 743 908 794 poneret,
947 751 1041 780 cum
1077 752 1199 781 nemo
1239 740 1457 794 ignoraret
1494 739 1693 791 Quintum

214 805 551 860 intellegendum
574 819 696 861 esse,
725 820 819 849 eum
841 808 981 862 ipsum
1003 807 1121 849 cuius
1144 806 1274 849 frater
1296 806 1349 849 de
1370 808 1566 851 Lucretio
1589 809 1693 850 iudi-

213 874 324 917 cium
354 874 535 930 probat,
567 873 783 917 hominem
813 876 857 917 in
888 875 1040 918 studiis
1071 875 1250 930 poeticis
1281 880 1522 930 versatum,
1555 890 1694 931 neque

211 956 240 986 a
259 941 535 999 philosophia
556 943 766 999 alienum,
790 942 867 985 sed
889 943 996 985 nulli
1012 948 1155 986 certae
1172 943 1428 999 disciplinae
1446 943 1661 987 addictum
1683 977 1692 986 .

213 1015 258 1054 at
286 1010 420 1054 nostri
450 1010 733 1066 interpretes,
756 1011 880 1065 quasi
912 1011 1073 1054 nullum
1104 1013 1188 1054 nisi
1211 1016 1423 1055 oratorem
1445 1011 1693 1055 Ciceronem

212 1083 416 1133 nossent,
446 1078 501 1120 de
521 1079 706 1121 Lucretii
729 1079 963 1122 carminum
986 1080 1286 1123 emendatione
1308 1079 1575 1123 mendacium
1599 1093 1693 1123 esse

214 1149 428 1203 clamant,
451 1150 595 1189 cetera
617 1147 776 1189 Donati
799 1151 840 1189 et
860 1147 1108 1203 Hieronymi
1131 1162 1217 1191 non
1239 1153 1473 1204 exornata,
1498 1149 1574 1191 sed
1596 1148 1693 1191 ficta

210 1220 254 1260 et
283 1215 581 1260 commenticia
609 1216 913 1270 pronuntiant.
938 1230 1019 1271 ego
1050 1230 1152 1259 vero
1184 1217 1227 1258 in
1258 1217 1602 1272 Hieronymianis
1632 1217 1692 1258 ni-

213 1284 273 1327 hil
304 1283 475 1326 omnino
498 1283 612 1337 quod
634 1283 748 1326 credi
769 1297 856 1326 non
876 1285 1014 1339 possit
1034 1284 1206 1327 invenio
1227 1299 1236 1326 ε
1267 1298 1405 1340 neque
1427 1285 1539 1327 enim
1561 1289 1692 1327 totam

210 1351 364 1408 poesin
384 1363 462 1406 per
482 1352 713 1394 intervalla
733 1351 932 1394 insaniae
953 1353 1233 1408 compositam
1255 1353 1381 1406 dicit,
1404 1353 1480 1396 sed
1503 1353 1692 1407 aliquam

210 1424 378 1477 partem
401 1451 412 1462 .
444 1419 545 1462 olim
583 1419 716 1462 fuisse
752 1420 824 1474 qui
862 1434 909 1463 se
946 1434 1100 1463 nomen
1133 1434 1303 1476 quoque
1333 1421 1477 1463 uxoris
1509 1421 1691 1463 Lucretii

209 1488 453 1544 repperisse
491 1490 718 1542 putarent,
756 1487 909 1531 Petrus
947 1488 1133 1532 Crinitus
1171 1493 1376 1532 testatur:
1413 1492 1564 1544 postea
1596 1488 1692 1531 Sca-

209 1557 348 1612 liger,
389 1556 507 1599 cuius
546 1554 759 1609 insignem
796 1557 1013 1612 quendam
1049 1571 1235 1600 errorem
1266 1557 1408 1600 sciens
1437 1561 1662 1613 praetereo
1680 1589 1689 1612 ,

210 1624 393 1668 eandem
413 1637 503 1667 rem
526 1623 650 1681 quasi
672 1637 828 1666 novam
850 1626 1024 1680 protulit
1045 1625 1101 1668 ad
1123 1625 1355 1668 Eusebium
1384 1639 1424 1666 n.
1451 1625 1559 1668 1922
1582 1657 1591 1667 .
1615 1626 1692 1668 sci-

208 1693 310 1736 licet
328 1693 373 1735 in
393 1692 684 1747 nugacissimo
704 1692 877 1748 libello,
901 1694 974 1748 qui
1002 1694 1112 1736 inter
1133 1693 1383 1748 Hieronymi
1415 1706 1548 1748 opera
1579 1698 1691 1736 tomo

207 1776 254 1803 11
284 1760 424 1804 editus
455 1765 521 1804 est
549 1761 612 1803 ita
632 1761 860 1816 inscriptus
879 1794 888 1815 ,
931 1763 1124 1805 Valerius
1145 1762 1346 1819 Ruffino,
1370 1778 1421 1803 ne
1443 1761 1568 1804 ducat
1588 1778 1690 1804 αωο-

209 1846 319 1884 rem,
337 1844 379 1885 p.
393 1829 476 1872 245
494 1828 601 1872 haec
616 1829 818 1883 leguntur
835 1861 843 1870 .
867 1830 997 1873 Livia
1016 1832 1154 1873 virum
1177 1846 1299 1872 suum
1315 1829 1549 1885 interfecit,
1573 1846 1692 1886 quem

209 1899 338 1942 nimis
356 1898 462 1941 odiit
476 1913 492 1952 5
511 1896 696 1940 Lucillia
710 1914 844 1953 suum,
867 1914 988 1954 quem
1003 1900 1130 1941 m'mz's
1147 1899 1303 1941 amavit
1320 1931 1328 1939 .
1346 1898 1425 1940 illa
1440 1907 1581 1953 sponte
1596 1899 1692 1940 mis-

209 1967 295 2009 cuit
313 1966 523 2009 aconitum
539 1997 550 2019 ‚
571 1966 672 2008 haec
694 1965 864 2023 decepta
871 1967 1073 2024 furorem
1090 1967 1338 2023 propinavit
1355 1982 1434 2022 pro
1450 1967 1606 2008 amoris
1614 1981 1689 2021 po-

208 2035 302 2078 culo
325 2066 334 2076 .
356 2035 489 2076 amice
504 2066 515 2087 ,
537 2035 765 2076 contrariis
786 2034 1084 2077 contenderunt
1103 2036 1207 2077 votis
1227 2035 1334 2077 istae
1349 2067 1360 2088 ,
1384 2042 1532 2076 neutra
1553 2042 1689 2075 tamen

210 2101 471 2159 defraudata
494 2110 553 2144 est
558 2102 653 2158 fine
660 2101 847 2159 fraudis
854 2103 1074 2159 femineae
1095 2112 1132 2146 et
1147 2104 1323 2159 proprio
1339 2103 1496 2145 scilieet
1512 2102 1662 2144 damno
1679 2133 1688 2142 .

323 2169 420 2213 931.
466 2183 602 2216 ouon
633 2184 790 2212 MAG1s
810 2203 818 2212 .
840 2171 891 2213 In
921 2170 1031 2214 libro
1064 2176 1214 2226 quarto
1238 2171 1263 2214 6
1292 2184 1509 2212 MAGNIS.

323 2238 422 2282 932.
471 2253 766 2281 ExsoLvsz
795 2252 961 2281 ronco
985 2271 994 2281 .
1025 2240 1076 2283 In
1109 2244 1260 2295 quarto
1290 2253 1453 2281 PERGO
1478 2271 1487 2280 .

323 2306 420 2351 942.
452 2307 549 2350 SED
580 2321 759 2349 ponus
790 2322 905 2349 TALI
935 2322 1092 2350 FAcro
1124 2323 1388 2350 RECREATA
1419 2321 1688 2348 VALESCAT.

207 2376 259 2419 In
280 2376 390 2419 libro
412 2381 565 2431 quarto
588 2377 670 2419 tali
685 2386 820 2420 atacto
835 2411 846 2431 ,
870 2390 923 2420 ex
945 2390 1029 2432 quo
1051 2378 1249 2432 quadrati
1272 2377 1365 2432 ipse
1381 2376 1539 2431 primus
1561 2375 1688 2430 scrip-

207 2449 274 2488 tor
304 2444 406 2488 fecit
434 2444 691 2499 corrigendo
723 2445 805 2488 tali
830 2454 986 2488 attactu
1008 2481 1016 2489 .
1039 2445 1120 2488 hoc
1141 2444 1373 2487 absurdum
1405 2448 1495 2487 est:
1528 2447 1687 2486 attactu

207 2513 349 2556 mellis
379 2519 467 2556 non
499 2513 768 2556 convalescet
797 2527 929 2569 puer,
954 2514 1030 2557 sed
1052 2513 1253 2557 absinthii
1284 2513 1484 2567 potione,
1507 2512 1598 2554 sive
1628 2524 1688 2552 er-

207 2594 332 2635 rore,
363 2585 410 2624 ut
440 2582 601 2637 placuit
631 2584 796 2636 Tasso,
829 2582 887 2624 da
909 2582 1122 2639 Z'i‘nyamzo
1144 2597 1218 2623 suo
1241 2613 1249 2622 .
1272 2581 1354 2622 tali
1363 2580 1481 2635 facto
1501 2586 1688 2620 recreata

207 2650 384 2705 probari
404 2653 578 2706 posset,
601 2651 638 2692 si
660 2650 728 2692 hic
749 2649 895 2693 Ovidii
918 2661 1068 2692 versus
1099 2653 1236 2699 esset,
1269 2648 1342 2702 qui
1373 2646 1540 2700 scripsit
1559 2646 1602 2686 in
1624 2657 1686 2687 re-

207 2719 362 2762 mediis
390 2719 549 2761 amoris
564 2719 649 2762 479
679 2718 802 2770 Quod
831 2719 967 2773 siquis
997 2726 1175 2759 vestrum
1193 2717 1362 2773 factum
1394 2715 1466 2756 hoc
1496 2715 1686 2766 incusat,

208 2787 366 2829 Achivi
377 2803 392 2842 ,-
411 2787 575 2830 scilicet
594 2799 680 2828 non
702 2789 889 2829 vestrum
904 2817 914 2836 ‚
937 2784 1013 2827 sed
1035 2798 1174 2827 meum
1193 2816 1202 2826 .
1220 2787 1264 2825 at
1285 2782 1498 2825 veteribus
1518 2782 1561 2822 in
1569 2781 1692 2837 faeti

208 2855 420 2898 vocabulo
458 2854 667 2908 singulari
706 2866 882 2895 numero
913 2852 1054 2907 posito
1085 2852 1246 2893 nullam
1275 2849 1454 2891 subiecti
1486 2849 1685 2891 variatio-

207 2934 307 2965 nem
337 2921 562 2964 admittere
593 2920 780 2976 placuit.
802 2921 946 2974 itaque
967 2920 1145 2961 Plautus
1166 2919 1258 2961 sine
1289 2917 1377 2959 ulla
1408 2917 1686 2971 ambiguitate

207 2991 380 3046 scripsit
395 2990 439 3032 in
455 2988 635 3044 Epidico
652 3003 679 3039 1,
697 2988 737 3042 2,
755 2988 781 3030 6
813 2988 901 3039 Qui
917 2987 1105 3029 invident
1119 3020 1130 3040 ‚
1156 2987 1289 3029 omnis
1306 2986 1497 3028 inimicos
1512 2986 1574 3027 mi
1585 2986 1686 3027 istoc
