2040 3328
886 228 951 271 III
1576 225 1655 267 171

293 345 390 388 443.
423 356 735 386 comnmunn
771 355 898 384 Unno
917 374 926 384 .
949 341 1015 384 Ita
1057 340 1293 394 oblongus,
1333 339 1408 381 sed
1443 338 1510 380 eri
1534 337 1579 378 in
1610 336 1657 377 li-

182 420 278 458 tura
298 447 308 456 .
330 412 566 469 quadratus
597 412 783 454 cohibere
814 410 946 453 erullo
965 441 975 452 .
998 408 1112 452 idem
1141 408 1255 450 male
1286 408 1365 464 qui
1389 405 1527 448 credis
1545 436 1553 446 .

291 481 389 524 444.
421 481 655 524 CORPORE
676 493 763 525 QUI
783 491 973 520 nos'rno
1002 490 1160 518 imaus
1190 489 1339 518 uncis
1370 486 1658 516 mconmns-

182 550 289 593 cir?
318 547 614 592 Wakefieldus
644 547 939 590 incohibessic:
968 545 1204 588 incohibere
1224 544 1337 586 enim
1359 542 1463 585 dicit
1491 554 1587 584 esse
1616 540 1659 582 in

179 631 228 662 se
268 616 466 661 cohibere
485 649 494 658 .
516 621 561 658 at
596 615 697 658 illae
735 614 847 657 duae
882 613 1225 669 praepositiones
1262 612 1406 655 verbis
1442 608 1659 666 praemitti

180 699 264 729 non
286 688 492 741 possunt,
514 684 597 726 nisi
621 696 715 726 cum
737 683 874 724 altera
894 680 1153 724 substantivi
1173 693 1276 735 pars
1298 684 1389 722 est:
1413 678 1543 733 idque
1570 677 1658 718 fae-

181 757 271 797 tum
301 757 368 796 est
396 753 442 795 in
471 751 639 794 duobus
670 750 898 794 simillimis
927 749 1040 791 inter
1070 761 1116 791 se
1147 748 1370 790 vocabulis
1388 779 1398 799 ‚
1431 758 1542 802 quae
1563 749 1661 787 sunt

182 822 448 865 incomitiare
469 824 511 862 et
530 819 803 862 inconciliare
821 850 830 859 .
854 830 906 860 ea
927 815 1195 871 significant,
1227 815 1310 857 nisi
1332 814 1486 868 fallor,
1518 814 1564 855 in
1584 826 1659 868 pu-

180 889 340 933 blicum
369 889 562 944 proieere
583 920 593 930 .
614 886 847 929 Lambinus
869 889 912 928 et
933 884 1133 927 Gifanius
1163 900 1230 926 am
1260 882 1478 925 cohibessic
1492 898 1508 936 ‚·
1543 880 1658 936 quod

185 971 278 1000 eum
309 955 613 1011 grammaticos
643 958 809 998 veteres
847 966 925 1009 pro
957 970 1047 996 eam
1078 952 1236 994 dietum
1266 951 1412 994 testari
1442 949 1657 1003 referunt,

181 1025 227 1068 id
248 1029 427 1068 narrant
448 1023 563 1079 quod
584 1035 666 1076 ego
687 1035 920 1077 numquam
944 1020 1095 1063 didici:
1115 1036 1204 1063 sam
1227 1019 1289 1061 ita
1308 1013 1476 1061 veteres
1498 1017 1659 1060 dixisse

182 1106 270 1136 non
299 1093 454 1148 ignoro
473 1123 482 1132 .
506 1090 582 1133 sed
611 1089 860 1132 facillimum
881 1089 963 1132 fuit
982 1088 1026 1130 id
1047 1088 1243 1130 invenire
1264 1099 1348 1142 quo
1371 1087 1508 1129 oratio
1530 1086 1660 1142 aptis·

182 1161 289 1203 sime
309 1159 526 1213 iungitur:
547 1157 593 1200 id
621 1162 686 1200 est
715 1163 857 1200 autem
880 1158 1064 1214 Corpore
1093 1157 1172 1213 qui
1196 1164 1338 1199 nostro
1367 1170 1494 1197 rarus
1523 1154 1660 1210 mayis

181 1242 223 1270 is
244 1226 570 1271 conmnssxr‘?
591 1227 629 1268 is
644 1258 655 1279 ,
679 1226 841 1268 seilicet
861 1228 958 1280 aer,
982 1237 1076 1267 eum
1098 1224 1235 1266 rarior
1255 1223 1310 1265 sit
1330 1235 1457 1278 quam
1481 1234 1658 1277 eorpus.

183 1296 427 1339 Madvieum
450 1295 564 1337 enim
587 1306 672 1335 non
693 1293 896 1348 intellego
915 1325 925 1348 ,
957 1306 1052 1336 eum
1074 1292 1117 1334 in
1139 1292 1359 1348 opusculis
1380 1290 1528 1333 alteris
1547 1303 1589 1346 p.
1607 1289 1662 1332 66

179 1362 401 1406 cohibendi
432 1362 611 1406 verbum
647 1375 786 1416 neque
821 1360 878 1404 ad
917 1360 1172 1403 sententiam
1213 1360 1314 1403 ferri
1352 1372 1482 1415 posse
1518 1369 1658 1413 neque

180 1435 348 1487 tempus
378 1436 522 1487 aptum
554 1442 651 1473 esse
681 1429 810 1472 dicit.

295 1498 392 1543 449.
424 1499 663 1540 mmbsns
680 1530 689 1540 .
712 1497 935 1540 Coi-rector
966 1496 1142 1551 oblongi
1172 1510 1414 1539 nonusns
1433 1527 1443 1538 .

295 1567 392 1611 450.
430 1580 627 1609 Aucron
667 1580 753 1607 nsa-
771 1598 781 1608 .
822 1565 1045 1609 Correetor
1089 1564 1284 1621 quadrati
1330 1568 1371 1607 et
1405 1564 1502 1606 Itali
1545 1577 1605 1605 Au
1618 1578 1662 1604 c-

182 1649 310 1678 non.

294 1703 392 1746 453.
426 1702 724 1746 GLAunchr
755 1716 1031 1758 mmmmm,
1063 1716 1284 1744 memmi·
1306 1715 1490 1743 nmo-UA
1511 1714 1660 1742 MENS.

183 1772 310 1826 Itali,
341 1771 442 1814 item
473 1771 575 1813 olim
606 1770 803 1826 impressi
836 1775 877 1814 et
907 1771 1138 1825 Marullus,
1179 1771 1409 1827 linquaque
1438 1785 1634 1826 mensque
1652 1800 1662 1811 .

181 1843 395 1884 corrector
416 1839 615 1894 quadrati
638 1839 794 1882 delirat
815 1839 964 1895 linqua
981 1871 990 1892 ,
1022 1838 1161 1881 madet
1179 1854 1295 1880 mens
1309 1855 1324 1893 ‚·
1354 1837 1469 1892 quod
1491 1851 1514 1880 e
1535 1849 1664 1879 versu

143 1942 146 1944 .
179 1908 264 1952 479
294 1908 472 1964 petitum
511 1911 603 1959 est,
638 1907 770 1962 idque
787 1939 798 1960 ,
834 1911 880 1948 ut
910 1906 984 1948 alii
1018 1905 1328 1959 observarunt,
1367 1906 1486 1949 ebrio
1523 1904 1664 1959 magis

181 1977 382 2020 eonvenit
411 1988 540 2030 quam
571 1975 693 2018 seni.
715 1974 940 2030 aptissime
970 1973 1204 2016 scribemus
1233 1989 1393 2015 LABAT
1424 1990 1564 2016 mens.

293 2043 391 2087 456.
423 2058 470 2084 m
508 2056 828 2084 ALTASACRIS
864 2056 1055 2083 AURAs.
1078 2041 1322 2094 Quadratus
1362 2043 1408 2085 in
1437 2042 1663 2084 alta-sacris

181 2113 296 2154 alta.
318 2111 519 2167 impressi
547 2111 594 2153 in
625 2111 736 2152 altas
765 2123 911 2151 AERIS
943 2127 1075 2153 auras
1094 2143 1103 2152 .

292 2179 390 2223 458.
423 2179 688 2222 Caesenni:
709 2192 766 2219 m·
786 2192 949 2220 DOGUI
971 2193 1118 2220 snam.
1138 2192 1267 2220 Anvo
1290 2191 1440 2219 rnssA
1461 2191 1634 2219 sinens
1653 2209 1662 2218 .

179 2248 237 2290 Et
257 2262 317 2290 ur
340 2240 470 2290 docui
485 2251 696 2289 corrector
717 2245 915 2300 quadrati
933 2280 943 2302 ,
967 2247 1067 2289 item
1081 2246 1318 2290 Brixiensis
1340 2250 1384 2289 et
1401 2246 1499 2288 Itali
1518 2278 1527 2287 .
1550 2245 1663 2288 idem

180 2319 393 2359 eorreetor
415 2318 456 2358 et
477 2314 682 2357 Marullus
690 2314 866 2371 fatiscit
884 2329 893 2357 ε
916 2315 993 2358 sed
1020 2320 1135 2359 reete
1156 2316 1255 2359 Itali
1278 2319 1321 2358 et
1341 2314 1444 2357 olim
1463 2313 1661 2369 impressi

179 2397 410 2438 rnr1sc1,
442 2383 563 2425 utin
595 2396 634 2436 V,
666 2382 776 2425 308.

290 2451 388 2494 462.
419 2464 755 2494 rnnncmnu.
779 2449 1003 2494 Correetor
1033 2451 1210 2506 oblongi
1239 2464 1576 2492 mmmmm«.

291 2519 390 2563 470.
420 2533 615 2561 FATERE
635 2533 914 2560 nncnssns'r
932 2550 941 2560 .
973 2520 1070 2562 Itali
1103 2524 1144 2562 et
1168 2520 1406 2562 Brixiensis
1427 2518 1558 2562 editio
1580 2532 1661 2558 FA-

181 2600 364 2628 nuun.
387 2601 516 2630 versu
546 2587 743 2642 proximo
775 2587 944 2630 Nonius
976 2588 1107 2630 utitur
1137 2601 1179 2643 p.
1205 2588 1313 2642 199,
1343 2587 1399 2628 4.

292 2654 390 2696 472.
422 2655 540 2696 Nm
559 2668 723 2696 eonon
742 2669 801 2696 Ac
822 2669 1018 2698 nonnus
1041 2687 1049 2697 .
1074 2656 1173 2699 Itali
1196 2660 1238 2698 et
1258 2655 1457 2711 impressi
1478 2667 1663 2695 nonon.

293 2722 392 2765 474.
420 2722 518 2765 475.
551 2722 621 2764 ET
659 2736 887 2768 Quonum
923 2738 1123 2765 unm-niu
1158 2738 1339 2765 SANAm
1376 2736 1565 2764 coneus
1602 2735 1663 2763 UT

180 2803 382 2831 AEGRUM
418 2790 485 2831 ET
525 2803 740 2832 PARITER
777 2805 978 2832 MENTEM
1023 2806 1206 2833 SANARI
1253 2805 1444 2832 CORPUS
1490 2804 1663 2833 INANI.

179 2857 301 2900 Haeo
320 2857 528 2901 Marullus
557 2859 836 2914 interpolavit
867 2859 923 2901 ad
955 2859 1196 2914 exemplum
1227 2872 1378 2901 versus
1400 2859 1512 2912 511,
1545 2859 1663 2901 Nau—

180 2926 328 2981 gerius
359 2931 474 2968 reete
505 2926 693 2969 delevit.

292 2994 390 3036 476.
423 2995 655 3041 Dmuom:
695 3007 788 3035 con
827 3006 1063 3035 nomnen
1087 3027 1097 3037 .
1130 2994 1351 3037 Correetor
1386 2995 1586 3050 quadrati
1622 2999 1665 3038 et
