2040 3328
903 233 940 275 V
1581 236 1664 278 279

289 350 357 393 51.
390 362 588 391 nummo
619 362 777 389 Divom
799 378 809 389 .
840 348 999 390 Divum
1036 364 1208 391 numero
1244 348 1362 405 apud
1394 350 1665 392 Lactantium

175 419 273 462 inst.
295 432 356 472 ιιι,
377 416 442 472 14,
459 416 488 458 4
505 449 514 458 .

288 486 357 531 53.
389 485 802 527 IAMMORTALIBUS
822 499 849 526 E
869 498 1004 526 D1V1s
1028 518 1038 528 .
1066 484 1312 536 Quadratus
1332 486 1636 529 Inmortalibus
1654 519 1663 528 .

174 554 382 598 Marullus
403 554 783 596 Immonumnus
805 587 815 598 .
844 553 996 596 eodem
1026 552 1155 596 modo
1186 558 1406 609 peccatum
1432 558 1497 598 est
1526 555 1571 597 in
1600 570 1662 610 111,

174 623 257 667 775
280 656 289 666 .
320 637 382 664 DE
413 622 524 665 divis
554 621 815 665 Lambinus.

287 691 356 734 61.
389 692 493 734 NEc
523 704 674 732 Possm
703 693 962 731 mconumssz
983 722 992 733 .
1015 690 1082 732 Ita
1103 702 1198 732 eum
1228 695 1331 734 nota
1361 692 1520 734 erroris
1551 692 1663 735 liber

172 760 433 816 archetypus
451 774 460 802 :
483 762 598 802 certe
614 758 826 813 oblongus
842 762 884 802 et
903 759 1004 801 olim
1026 758 1225 814 impressi
1247 760 1480 802 incolumen
1498 761 1660 815 (Avan-

171 829 258 872 tius
293 828 552 883 incolomem)
575 860 584 882 ,
622 827 859 882 quadratus
895 827 1110 870 vinculum
1147 836 1207 870 est
1226 860 1236 871 .
1277 828 1486 871 Marullus
1522 843 1662 871 mco-

171 911 347 940 muns.

286 966 355 1009 67.
387 978 702 1008 conenzssus
732 978 991 1006 MATERIAM
1013 997 1022 1006 .
1054 963 1151 1007 Itali
1190 967 1233 1007 et
1269 964 1467 1020 impressi
1503 980 1660 1008 MATE-

171 1048 304 1079 RIAI.

287 1104 356 1147 70.
386 1117 446 1144 m·
467 1117 562 1149 Qus
593 1116 779 1144 nmmos
801 1116 848 1143 m
875 1114 1103 1142 TEMPORE
1130 1116 1259 1143 ΝΑΤΕ
1281 1135 1291 1144 .
1314 1102 1538 1147 Corrector
1559 1117 1661 1159 qua-

172 1172 284 1215 drati
316 1175 359 1214 et
387 1172 517 1215 ceteri
547 1171 664 1214 nullo
695 1185 830 1213 sm’r.

286 1241 353 1283 71.
386 1240 561 1291 Quove
589 1253 728 1281 mono
752 1273 761 1282 .
792 1240 962 1296 Quoque
982 1239 1151 1281 Nonius
1172 1252 1213 1294 p.
1230 1239 1328 1295 415,
1346 1241 1398 1283 31
1418 1274 1428 1283 .
1456 1242 1569 1285 idem
1603 1243 1658 1286 Zo-

171 1310 337 1367 quelam
353 1325 366 1352 .·
386 1307 663 1351 membranae
694 1309 861 1364 loquela
876 1340 890 1358 ‚
911 1311 959 1350 ut
989 1306 1082 1349 dixi
1113 1307 1170 1350 ad
1200 1308 1354 1351 librum
1376 1325 1437 1365 111,
1458 1311 1567 1354 1015
1584 1344 1593 1352 .

284 1377 352 1420 85.
384 1391 633 1419 Amul-«2315
667 1409 676 1418 .
719 1376 943 1419 Coi-rector
979 1375 1179 1431 quadrati
1216 1378 1420 1421 aethereis
1451 1412 1460 1422 .
1501 1380 1658 1422 rectius

170 1460 439 1489 Amminus
470 1446 514 1488 in
537 1445 692 1501 v1,61.
715 1458 854 1500 neque
876 1445 1081 1499 aetheris,
1103 1445 1142 1488 si
1172 1458 1323 1488 versus
1354 1460 1555 1490 mensura
1584 1448 1658 1491 ad-

168 1516 380 1571 mitteret,
401 1529 478 1570 pro
511 1514 709 1557 aetheriis
739 1513 822 1556 dici
853 1516 1027 1569 posset3
1055 1514 1170 1569 quod
1203 1514 1248 1556 in
1279 1514 1445 1558 Latinis
1476 1530 1563 1559 non
1595 1522 1660 1560 est

168 1585 262 1628 sine
293 1583 522 1639 exemplo.
551 1595 702 1625 versus
724 1582 852 1624 Ennii
882 1586 1100 1625 truncatus
1131 1583 1273 1638 capite
1305 1587 1371 1626 est
1401 1585 1519 1641 apud
1542 1586 1658 1630 Cice-

168 1665 316 1696 ronem
336 1651 392 1695 de
412 1665 458 1694 re
479 1651 654 1706 publica
674 1665 703 1706 1,
725 1651 776 1694 16
797 1652 919 1694 nonis
940 1651 1065 1693 Iunis
1085 1653 1171 1694 soli
1187 1653 1290 1695 luna
1311 1654 1467 1696 obstitit
1488 1662 1525 1696 et
1544 1670 1630 1697 noar>
1647 1687 1656 1696 .

166 1721 343 1764 Plautus
359 1720 404 1762 in
420 1719 711 1763 Menaechmis
727 1734 783 1774 IV,
798 1720 837 1774 2,
850 1719 905 1762 23
921 1719 1056 1776 Apud
1068 1720 1223 1762 aedilis
1233 1722 1396 1777 proelis
1402 1722 1544 1778 factis
1561 1723 1657 1779 plu-

165 1791 370 1847 rimisque
379 1789 659 1846 pessimisque
676 1821 685 1830 .
702 1788 746 1830 in
764 1787 925 1831 Casina
940 1802 980 1842 V,
994 1788 1032 1844 2,
1047 1788 1075 1830 2
1095 1789 1191 1833 Soio
1208 1805 1221 1831 .·
1243 1798 1404 1832 tantum
1422 1807 1518 1833 erus
1535 1800 1659 1847 atque

166 1874 239 1915 eqo
246 1846 419 1916 flayitio
434 1857 715 1915 superavimu’
732 1857 876 1913 nuptis
896 1858 1052 1899 nostris
1069 1890 1079 1900 .
1101 1858 1317 1913 Turpilius
1334 1858 1451 1914 apud
1469 1860 1508 1902 N
1512 1860 1658 1902 onium

164 1941 208 1983 p.
224 1927 321 1981 306,
339 1926 365 1968 3
386 1927 589 1983 Deteyere
605 1925 843 1982 despoliare
863 1925 1115 1982 opplereque
1136 1926 1241 1969 adeo
1248 1926 1383 1983 fama
1399 1928 1628 1984 aoflaqitis
1648 1961 1657 1970 .

166 1995 387 2038 Lucretius
416 1996 600 2051 inqratis
615 2027 627 2048 ,
654 1994 850 2037 Lucanus
872 1998 914 2036 et
934 1993 1145 2037 Martialis
1171 1996 1310 2050 gyratis
1333 2028 1342 2038 .
1372 1996 1416 2038 in
1447 1996 1546 2050 lege
1576 1998 1658 2039 Ru-

166 2064 263 2107 bria
281 2078 326 2118 11,
347 2063 399 2106 13
421 2079 474 2106 ew
492 2062 671 2106 iudiceis
693 2062 830 2105 dateis
853 2095 862 2104 .
885 2062 927 2103 in
950 2061 1046 2116 lege
1068 2062 1181 2105 Iulia
1201 2063 1452 2119 municipali
1474 2065 1528 2107 68
1548 2066 1657 2108 ineis

165 2133 434 2189 manieipieis
450 2132 628 2174 coloneis
639 2131 960 2188 praef'ecturez‘s,
977 2130 1032 2172 83
1039 2131 1245 2187 pluribus
1261 2133 1577 2189 inmaniozpieis
1594 2149 1657 2176 oo-

166 2202 297 2244 loneis
311 2200 619 2257 praefectareis
642 2232 652 2242 .
673 2199 922 2255 Propertius
943 2199 986 2241 in
1007 2213 1067 2254 ιιι,
1086 2199 1155 2254 34,
1173 2200 1229 2242 64
1250 2201 1452 2257 Iactaque
1473 2202 1655 2244 Lavinis

164 2271 329 2313 moenia
359 2269 584 2330 litoribus..
606 2268 823 2323 Vergilius
854 2268 898 2310 in
919 2283 945 2308 v
967 2267 1186 2311 Aeneidos
1203 2268 1287 2312 269
1309 2269 1513 2313 Puniceis
1540 2271 1657 2313 ibant

165 2339 320 2381 evincti
336 2347 522 2394 tempora
542 2339 676 2381 laenis
698 2370 707 2378 .
738 2336 902 2380 Seneca
931 2337 976 2378 in
1005 2337 1255 2380 Phoenissis
1277 2338 1360 2380 625
1392 2338 1499 2381 Sunt
1530 2339 1658 2381 exilis

161 2407 365 2465 yravz’ora
381 2439 390 2448 .
413 2405 527 2448 idem
544 2406 587 2447 in
604 2405 758 2448 Medea
774 2405 858 2448 743
879 2405 1097 2462 Suppliois
1112 2439 1123 2459 ‚
1141 2407 1309 2449 animae
1323 2439 1335 2461 ‚
1357 2408 1547 2450 remissis
1563 2423 1656 2449 cur-

163 2476 243 2518 rite
258 2474 319 2517 ad
333 2475 537 2517 thalamos
553 2490 698 2528 novos,
717 2478 759 2516 et
769 2474 877 2517 1015
894 2475 1143 2530 Moramque
1158 2474 1306 2517 saltem,
1322 2476 1529 2532 supplicis
1547 2475 1658 2517 dona

163 2545 267 2586 meis
283 2576 293 2585 .
314 2543 528 2586 Martialis
545 2543 589 2584 in
606 2557 633 2597 1,
651 2543 728 2585 117
746 2543 935 2585 Denaris
951 2544 1033 2585 tibi
1044 2544 1229 2599 quinque
1244 2544 1490 2586 Martialem
1509 2576 1519 2586 .
1542 2543 1656 2586 idem

165 2611 210 2653 in
229 2625 286 2667 lx,
306 2613 388 2654 100
407 2612 595 2654 Denaris
616 2611 750 2654 tribus
765 2612 922 2654 invitas
937 2645 948 2666 ,
970 2612 1159 2654 Denaris
1181 2620 1318 2654 tamen
1338 2612 1445 2654 hane
1466 2628 1549 2654 non
1570 2628 1656 2654 emo

166 2680 302 2722 Basse
318 2680 450 2722 tribus
469 2712 478 2721 .
500 2680 615 2722 idem
632 2680 677 2721 in
691 2693 748 2729 IV,
764 2680 815 2722 18
833 2679 926 2731 Qua
942 2681 1085 2722 vicina
1100 2681 1215 2736 pluit
1234 2681 1434 2737 Vipsanis
1446 2689 1577 2737 porta
1593 2695 1656 2722 oo-

165 2748 320 2790 lumm's
338 2779 348 2790 .
370 2747 427 2791 ad
458 2748 538 2790 hoc
569 2747 811 2802 exemplum
840 2752 960 2803 putet
980 2748 1139 2803 aliquis
1162 2752 1329 2791 veteres
1360 2748 1494 2790 tribus
1526 2748 1656 2802 sylla-

164 2815 231 2858 bis
253 2815 417 2858 dixisse
438 2817 608 2858 oonubis
624 2831 637 2858 .·
658 2815 735 2858 sed
766 2816 811 2857 in
833 2816 1152 2871 exemplaribus
1180 2816 1339 2859 nostris
1362 2816 1523 2872 ubique
1543 2817 1564 2859 i
1585 2829 1656 2870 ge-

163 2883 324 2926 minum
348 2887 432 2939 est,
451 2889 494 2927 et
513 2883 783 2938 grammatici
804 2883 992 2926 conubiis
1013 2897 1091 2938 per
1116 2884 1308 2939 systolen
1325 2884 1469 2926 efferri
1486 2884 1654 2939 volunt,

164 2952 283 2994 cuius
314 2952 500 3008 systoles
532 2953 803 3007 exemplum,
826 2951 943 3006 quod
974 2951 1148 3006 quidem
1181 2957 1340 2995 eertum
1369 2954 1450 3007 sit,
1480 2953 1654 2995 invenio

163 3020 326 3062 nullum
350 3053 359 3062 .
393 3020 472 3062 hoe
503 3034 672 3076 quoque
702 3020 902 3063 mirabile
935 3023 1025 3072 est,
1049 3020 1163 3078 quod
1196 3021 1414 3077 Vergilius
1445 3019 1654 3078 gignendi
