2040 3328
882 229 902 271 I
1584 228 1637 271 31

153 344 298 403 viyilet
326 358 488 386 necesse
510 351 569 384 est
588 344 634 384 in
656 342 877 400 deliqendo
892 376 903 398 ,
937 341 1088 385 deinde
1120 358 1240 398 quem
1266 342 1485 398 probabit,
1517 342 1563 384 in
1595 358 1639 384 eo

154 427 262 468 quae
290 411 474 454 maxime
504 411 731 465 excellent,
764 427 814 454 ea
844 410 1167 468 dz'liyentissime
1192 418 1475 467 persequatur
1494 442 1503 452 .

266 480 363 524 227.
415 479 560 522 Unnn
591 493 817 521 Annuus
849 493 1006 521 onnus
1033 511 1042 521 .
1074 478 1278 535 Disputat
1307 478 1388 521 hoc
1419 478 1639 521 Charisius

188 579 198 590 .
217 547 274 591 46
305 551 348 590 et
377 547 432 590 93
451 579 460 588 .

154 561 183 604 p
267 616 364 659 230.
418 615 557 659 Umm
589 629 747 670 MARE,
784 628 1033 656 INGENUEI
1062 628 1276 670 rom-Es,
1309 629 1640 662 EXTERNAQUE

152 698 318 726 nonen
359 684 587 726 FLumNA
625 683 992 726 SUPPEDITANT‘?
1053 684 1204 738 Neque
1249 692 1423 726 externa
1465 683 1642 727 flumina

153 752 223 796 hic
251 753 392 796 locum
423 752 584 795 habere
614 756 821 808 possunt,
852 765 994 807 neque
1016 752 1135 808 Zonqe
1158 760 1332 794 externa
1364 765 1475 806 quae
1497 752 1642 795 dican-

153 825 222 864 tur
243 821 332 864 scio
351 854 360 876 ,
393 824 436 864 et
455 821 588 863 multo
611 821 749 863 minus
772 819 988 875 quomodo
1017 821 1136 876 lonye
1166 819 1459 876 suppeditent.
1484 821 1642 864 Wake-

153 889 308 933 fieldus
346 902 398 932 ex
436 888 583 931 codice
626 889 771 932 nescio
816 902 899 943 quo
938 889 1075 932 musei
1113 887 1348 931 Britannici
1388 898 1642 946 aeternaque

153 957 274 1015 Zonye
287 990 299 1012 ,
321 957 436 1012 quod
458 956 591 1000 nihilo
614 957 754 1013 magis
777 957 984 1013 explicari
1006 960 1174 1013 potest.
1195 957 1299 999 mihi
1321 961 1451 1013 poe'ta
1472 957 1642 1000 videtur

153 1025 378 1081 scripsisse
424 1039 650 1067 ΕΧΤΕΝΤΑ
668 1042 747 1083 que
791 1025 911 1082 longe
955 1026 1185 1080 Flumina,
1239 1026 1283 1068 in
1329 1025 1642 1081 longitudinem

154 1098 354 1150 extenta,
400 1106 512 1148 quae
549 1095 676 1151 Zonya
716 1094 916 1138 dicuntur
952 1093 1108 1137 Ovidio
1152 1094 1195 1136 in
1238 1095 1643 1152 metamorphoseon

152 1177 226 1204 x1v
239 1196 249 1214 ,
271 1163 355 1206 339
374 1195 383 1204 .
921 1206 926 1210 .

267 1230 365 1274 240.
398 1232 550 1273 INTER
580 1245 632 1272 sn
661 1246 818 1274 NExus
840 1246 991 1274 umus
1013 1245 1108 1274 Aur
1129 1246 1280 1274 MAGIS
1302 1246 1614 1274 INDUPEDITA
1633 1265 1642 1274 .

153 1299 404 1342 Rectissime
436 1299 643 1342 Marullus
673 1314 831 1356 Nnxu,
863 1314 990 1356 quem
1021 1304 1191 1344 secutus
1221 1300 1518 1344 Wakefieldus
1549 1314 1643 1356 pes-

151 1367 259 1411 sime
290 1367 621 1423 interpretatur:
655 1381 741 1411 non
774 1369 888 1411 enim
920 1382 1017 1425 res,
1055 1369 1133 1412 sed
1172 1370 1269 1426 ipsa
1300 1370 1502 1413 materies
1533 1370 1644 1412 inter

152 1450 200 1480 se
231 1449 343 1481 nexu
373 1436 582 1492 impedita
613 1450 708 1480 esse
741 1437 920 1481 dicitur.

265 1506 363 1549 257.
415 1505 542 1548 Hmc
574 1520 757 1547 FESSAE
787 1521 1014 1548 PECUDES
1044 1521 1276 1551 PINGUIS.
1310 1507 1380 1550 Sic
1412 1506 1642 1561 Vossiani‚

151 1574 364 1617 Antonius
385 1573 538 1630 Marii,
571 1574 810 1618 Brixiensis
842 1575 1002 1631 editio,
1031 1577 1229 1634 pz'nyuz's:
1259 1577 1303 1619 in
1325 1575 1497 1619 schedis
1519 1588 1644 1618 voca-

154 1643 298 1686 bulum
331 1642 535 1686 omissum
568 1656 662 1686 esse
694 1644 972 1700 perhibetur,
1013 1650 1055 1688 et
1085 1646 1323 1688 recentiore
1354 1659 1486 1688 manu
1516 1658 1646 1701 super

156 1711 360 1767 scriptum
385 1712 568 1769 pinques
587 1744 596 1752 .
629 1712 685 1754 ad
708 1713 890 1768 Vergilii
914 1726 1085 1757 versum
1115 1714 1158 1756 in
1181 1715 1416 1769 georgicon
1438 1729 1512 1770 111,
1538 1713 1644 1767 124,

149 1779 223 1822 ubi
254 1784 319 1823 est
349 1779 476 1823 denso
508 1780 744 1825 distendere
770 1782 954 1839 pinyui,
986 1783 1133 1826 Iunius
1166 1782 1461 1838 Philargyrius
1483 1783 1650 1839 Pinyuz'

152 1849 290 1904 inquit
320 1849 507 1892 absolute
534 1852 703 1907 posuit,
734 1860 781 1893 ut
810 1860 870 1894 est
896 1852 1010 1894 illud
1028 1853 1330 1895 Lucretianum
1347 1885 1358 1906 ,
1391 1853 1477 1894 Hic
1494 1851 1646 1907 fessae

147 1916 331 1974 pecudes
359 1932 533 1960 mnam
555 1952 564 1962 .
587 1918 631 1961 in
663 1918 870 1974 proximis
903 1918 958 1962 de
988 1922 1163 1964 artubus
1194 1921 1298 1975 quid
1330 1921 1518 1963 Scaurus
1549 1931 1644 1974 pro-

152 1985 304 2029 tulerit
333 1985 474 2029 dicam
505 1986 562 2029 ad
593 1986 748 2029 librum
770 2001 796 2027 v
815 2019 826 2040 ,
853 1987 960 2030 1077
980 2020 989 2030 .

266 2054 365 2098 263.
411 2054 622 2106 QUANDO
654 2070 767 2096 Amr
798 2069 860 2096 Ex
891 2070 1014 2098 ALLo
1046 2071 1243 2098 Rumon*
1269 2089 1278 2098 .
1309 2057 1534 2100 Corrector
1574 2055 1644 2098 ob-

152 2122 272 2178 longi
304 2138 356 2166 ex
387 2123 482 2177 alo,
522 2123 760 2178 quadratus
789 2126 1114 2181 praepositione
1146 2126 1306 2169 omissa
1337 2126 1437 2169 alo.
1466 2125 1561 2167 Itali
1594 2141 1646 2168 ecc

152 2205 296 2235 An1o.

265 2260 363 2304 264.
411 2274 509 2302 NISI
539 2273 707 2302 MORTE
738 2275 935 2303 ADLUTA
966 2276 1150 2304 ALIENA
1174 2295 1183 2304 .
1214 2262 1438 2306 Corrector
1469 2262 1644 2317 oblongi

153 2343 341 2372 amm-n
357 2363 367 2375 .

265 2397 389 2442 269.”
416 2411 548 2445 QUAE
581 2411 810 2440 CORPORA
833 2431 843 2441 .
891 2399 1008 2451 Quae
1053 2399 1267 2455 oblongus
1314 2404 1355 2443 et
1400 2399 1645 2443 Priscianus

151 2478 193 2521 p.
211 2466 322 2522 947,
352 2471 564 2521 corrector
595 2467 771 2522 oblongi
802 2467 917 2525 quod
931 2500 942 2522 ,
971 2467 1207 2522 quadratus
1238 2475 1280 2512 et
1306 2469 1493 2512 schedae
1525 2469 1643 2511 omit-

154 2539 276 2578 tunt.

267 2602 365 2647 271.
418 2619 570 2646 VENTI
601 2618 678 2646 v1s
709 2619 965 2646 VERBERAT
996 2620 1167 2648 mou-A
1199 2620 1390 2649 conrus
1422 2641 1431 2650 .
1473 2606 1645 2650 Correo-

152 2676 220 2714 ἴοι·
249 2671 425 2726 oblongi
457 2682 614 2727 tortus,
645 2673 844 2728 quadrati
876 2690 1028 2731 corpus
1046 2709 1056 2729 ,
1089 2676 1302 2718 Antonius
1325 2675 1449 2717 Marii
1469 2683 1619 2731 portus
1635 2707 1646 2728 ‚

154 2738 360 2782 Marullus
382 2750 594 2796 pontum.
626 2742 731 2784 mihi
763 2743 939 2785 dubium
970 2756 1056 2786 non
1087 2743 1259 2787 videtur
1281 2745 1382 2799 quin
1413 2743 1645 2798 legendum

154 2808 209 2850 sit
239 2822 456 2850 CAUTES.

268 2877 366 2920 275.
416 2891 498 2918 rrA
535 2892 785 2920 pannonu-
823 2893 942 2921 ΛΟΜ
974 2880 1079 2923 CUM
1110 2895 1327 2922 anm’rn
1360 2895 1646 2928 SAEVITQUE

151 2958 332 2987 unum
367 2959 607 2988 nonianus
645 2960 838 2989 Ponrus
864 2979 874 2989 .
914 2950 970 2991 At
1010 2962 1063 2992 ea
1098 2962 1210 3003 quae
1249 2954 1349 2992 ante
1386 2950 1493 2993 haee
1529 2950 1646 2993 dicta

155 3018 279 3071 sunt,
311 3018 358 3056 ut
387 3018 631 3058 sternantur
653 3015 830 3058 arbores
857 3020 899 3058 et
919 3021 1127 3060 vexentur
1149 3022 1341 3074 montes,
1369 3028 1526 3075 pontus
1557 3031 1645 3061 non
