2040 3328
428 250 510 294 304
1133 250 1170 291 V

426 376 527 404 ΒΑΜ
555 374 797 403 anEn'rn
835 374 1020 401 LUMINA
1058 373 1236 401 PANDIT
1258 391 1266 400 .
1298 359 1513 402 Correotor
1542 359 1713 413 oblongi
1743 359 1876 416 defert

429 438 493 471 et.-
513 428 665 470 rectius
687 427 783 468 Itali
813 441 1023 467 munniz-r
1043 440 1128 466 ΕΤ.
1160 425 1288 468 iidem
1307 439 1499 467 RosnAM
1519 457 1529 467 .
1561 426 1766 467 Mnun
1787 426 1874 467 Ma-

428 495 560 537 rullus
591 493 787 546 egregie.

541 561 635 602 667.
665 573 834 601 Possu-
855 592 865 602 .
897 560 1082 602 Pessime
1102 559 1199 601 Itali
1218 591 1227 613 ,
1249 570 1353 612 quos
1380 572 1525 602 omnes
1545 563 1762 612 secuntur,
1777 574 1874 615 pos-

428 630 538 670 sint.
558 626 822 669 scribendum
843 631 906 668 est
934 640 1152 667 Possum
1170 658 1179 680 ,
1200 630 1247 667 ut
1276 637 1403 679 supra
1421 625 1503 667 589
1532 627 1678 668 absunt
1701 640 1778 682 pro
1808 627 1875 668 ab·

429 697 482 736 sit
499 727 507 736 .
529 695 589 736 ita
608 706 773 748 semper
794 693 1011 735 Lueretius
1030 725 1039 734 .
1059 693 1225 734 minime
1244 691 1434 733 mirabile
1453 691 1564 746 quod
1581 692 1694 734 vides
1718 707 1761 747 11,
1777 691 1873 746 464,

428 777 509 803 non
539 769 596 802 est
624 759 862 802 mirandum
897 759 1008 814 quod
1041 760 1203 814 quaerit
1231 772 1286 813 IV,
1303 758 1384 800 859
1407 772 1417 812 3
1445 773 1517 799 nec
1549 759 1739 800 mirabile
1767 757 1879 814 quod

427 835 597 884 possunt
626 841 680 881 1v,
697 827 778 868 899
795 858 804 879 ‚
824 826 980 867 mirari
1002 826 1113 867 mitte
1133 825 1244 880 quod
1266 840 1347 866 non
1367 825 1475 866 valet
1503 839 1557 878 VI,
1578 823 1681 867 1057
1699 853 1718 866 .-
1731 828 1877 866 contra

428 910 510 936 non
539 902 596 936 est
614 893 804 935 mirabile
834 908 962 947 quare
982 891 1172 934 videatur
1200 905 1242 944 11,
1259 888 1343 932 310
1358 923 1367 940 ‚
1389 906 1463 932 cur
1482 891 1798 946 perspiciantur
1817 904 1873 944 lv,

429 961 510 1003 258
531 993 541 1014 ,
563 976 647 1015 qua
674 960 834 1000 racione
862 959 1028 1000 veniant
1055 972 1110 1012 IV,
1127 957 1207 999 597
1227 989 1236 1011 ,
1259 973 1343 1012 qua
1371 958 1531 999 ratione
1561 965 1683 1012 queat
1709 971 1749 1010 v,
1765 956 1846 999 591
1865 989 1875 997 .

541 1026 635 1068 675.
667 1026 890 1066 FLanA
928 1038 1180 1066 Posi-Romo
1207 1056 1216 1065 .
1248 1023 1448 1065 Marullus
1478 1024 1735 1064 Funmiu.
1766 1036 1877 1064 Pos-

430 1107 589 1134 TREMO
621 1091 827 1134 eo‘rreetor
857 1091 1056 1145 oblongi.

542 1161 636 1202 679.
668 1158 984 1204 GoNanmAm
1029 1170 1226 1203 QUOQUE
1263 1170 1351 1197 IAM
1390 1171 1551 1198 RERUM
1590 1171 1650 1197 nx
1694 1169 1877 1197 omnm-2
1943 1156 1953 1166 '

431 1240 582 1268 omaro
599 1260 608 1269 .
631 1225 885 1267 Veronensis
906 1224 1035 1266 editio
1053 1224 1288 1279 Consequae
1302 1256 1313 1278 ‚
1334 1224 1477 1266 neseio
1497 1223 1635 1277 unde,
1657 1223 1733 1266 sed
1752 1224 1878 1278 paulo

430 1295 579 1336 melius
597 1308 606 1347 ;
630 1292 862 1334 Brixiensis
879 1292 1149 1346 Consequitur
1164 1322 1174 1332 .
1194 1290 1290 1332 Itali
1307 1295 1347 1332 et
1362 1290 1563 1332 Marullus
1581 1290 1792 1346 Gon-sequa
1806 1306 1879 1331 na-

432 1370 526 1402 tura
543 1368 601 1402 est
615 1393 626 1413 ,
650 1359 855 1402 Avantius
873 1358 1143 1412 Consequitur
1163 1357 1387 1412 quodquest
1401 1390 1412 1411 ‚
1433 1355 1719 1399 Wakefieldus
1737 1357 1880 1399 Conse-

400 1478 403 1479 7
432 1420 554 1483 quiae
584 1426 770 1482 quodque
792 1434 877 1478 (ωε,-
898 1437 1041 1466 omnes
1061 1424 1270 1478 pessime,
1293 1424 1368 1466 sed
1397 1424 1550 1476 singuli
1581 1436 1679 1466 suos
1700 1422 1880 1464 admira-

431 1498 542 1535 tores
563 1493 673 1535 naeti
692 1525 700 1533 .
728 1493 826 1533 olim
848 1492 933 1533 dixi
955 1491 996 1532 in
1014 1491 1213 1532 Rhenano
1235 1503 1378 1532 museo
1395 1504 1438 1530 VI
1456 1503 1497 1544 p.
1518 1490 1598 1532 120
1617 1488 1879 1532 scribendum

433 1573 526 1602 esse
547 1559 807 1604 CONSEQUE'
829 1574 986 1613 quoque
1014 1559 1096 1599 iam
1117 1572 1340 1598 REDEUNT
1368 1574 1419 1599 ex
1439 1557 1583 1599 ordine
1602 1565 1707 1598 certo
1724 1588 1732 1597 .
1754 1555 1881 1597 simil-

431 1628 572 1668 limum
594 1627 690 1667 huie
711 1625 955 1668 adverbium
987 1624 1159 1666 adsecue
1181 1624 1344 1666 ostendi
1375 1623 1530 1666 ibidem
1558 1623 1600 1664 in
1632 1623 1695 1664 his
1717 1623 1881 1675 elegan-

431 1693 604 1735 tissimis
626 1692 764 1733 Plauti
795 1691 986 1741 versibus
1004 1722 1013 1740 ‚
1036 1703 1140 1744 quos
1169 1704 1220 1732 ex
1242 1691 1423 1732 Astraba
1452 1690 1638 1732 servavit
1664 1688 1797 1730 Varro
1828 1688 1882 1729 de

432 1761 579 1813 lingua,
590 1760 743 1800 Latina
757 1773 798 1798 VI
813 1772 853 1812 p.
869 1757 969 1811 249,
986 1758 1049 1798 Ne
1062 1774 1226 1812 sequere
1239 1757 1428 1812 adseque7
1446 1755 1734 1812 Polybadisce.
1751 1770 1881 1796 meam

433 1843 543 1882 spem
565 1827 686 1880 cupio
707 1825 926 1879 consequi:
949 1824 1105 1878 Sequor
1125 1824 1257 1865 hercle
1278 1839 1365 1865 eam
1386 1823 1576 1878 (heo-clem
1595 1822 1629 1862 F
1632 1820 1882 1874 lorentinus)

434 1892 597 1948 quidem
613 1925 623 1945 7
639 1907 734 1932 nam
752 1891 920 1932 libenter
934 1906 1023 1931 mea
1039 1899 1206 1944 sperata
1221 1905 1442 1945 consequor
1457 1920 1465 1929 .
1483 1901 1620 1942 neque
1637 1887 1758 1929 aliter
1771 1885 1883 1928 idem

433 1959 604 2000 Plautus
622 1959 664 1999 in
676 1956 874 1999 Asinaria
891 1972 916 2011 1,
932 1958 965 2011 1,
976 1957 1029 1998 62
1054 1957 1148 1998 Volo
1160 1958 1298 1998 amori
1309 1957 1519 1998 obsecuum
1531 1955 1658 2007 illius,
1675 1954 1763 1995 volo
1779 1961 1886 1994 amet

432 2042 494 2067 me
506 2034 667 2080 patrem
679 2042 693 2078 ‚·
708 2025 777 2066 ubi
792 2024 887 2065 libri
903 2023 1059 2064 habent
1072 2024 1318 2075 obsecutum,
1337 2026 1376 2064 et
1391 2023 1511 2076 peius
1529 2021 1690 2063 Nonius
1705 2019 1883 2074 p.501‚9

433 2093 573 2134 amari
597 2093 848 2132 obsecutam.
871 2091 1004 2132 minus
1026 2093 1180 2131 eertum
1202 2093 1290 2143 est,
1313 2089 1388 2131 sed
1408 2089 1495 2130 veri
1523 2087 1659 2130 simile
1678 2119 1688 2141 ,
1710 2086 1753 2126 in
1776 2085 1882 2139 Gap-

433 2159 532 2201 tivis
554 2173 596 2212 11,
614 2159 651 2210 3,
668 2158 722 2199 58
743 2159 914 2212 obsequ&
929 2157 1170 2198 addendum
1187 2169 1279 2197 esse
1300 2156 1384 2208 ita,
1408 2156 1476 2196 Mi
1482 2156 1658 2210 obsequ&
1677 2153 1883 2207 obsequio-

433 2242 504 2267 sus
524 2241 681 2280 semper
698 2225 836 2279 fuisti
848 2255 858 2266 .
879 2223 929 2265 di
938 2256 949 2277 7
977 2232 1152 2264 vostram
1169 2221 1301 2277 fldem
1319 2254 1328 2264 .
1351 2221 1541 2263 similiter
1571 2221 1616 2262 in
1637 2219 1882 2260 Trinummo

437 2291 543 2333 1118
564 2291 814 2332 Ritsehelius
837 2289 957 2341 Quod
975 2305 1052 2345 ayo
1072 2289 1179 2330 subit
1194 2321 1204 2341 ‚
1226 2288 1398 2330 adsecue
1415 2288 1600 2342 sequitur
1616 2318 1625 2327 .
1643 2298 1771 2340 porro
1793 2300 1883 2326 con-

433 2374 560 2414 sequa
572 2359 759 2413 paqin'ae
772 2365 895 2412 parte
911 2360 952 2397 et
967 2357 1169 2410 subsequa
1182 2355 1424 2410 probatione
1445 2366 1495 2395 ex
1513 2351 1747 2406 Apollinari
1763 2349 1882 2392 Sido-

434 2425 503 2466 nio
535 2429 661 2477 atque
683 2423 831 2481 Orosio
864 2423 905 2463 in
926 2421 1065 2464 lexiea
1092 2421 1227 2462 relata
1256 2424 1376 2462 sunt.
1399 2423 1619 2474 praeterea
1639 2418 1751 2472 apud
1773 2418 1885 2471 Apu-

434 2491 561 2533 leium
578 2506 797 2532 consecuus
814 2489 1066 2531 adieetivum
1082 2488 1146 2529 bis
1163 2487 1358 2541 seriptum
1381 2499 1474 2528 esse
1494 2486 1556 2540 (ut
1572 2485 1637 2526 hio
1653 2483 1884 2540 consequie)

434 2558 676 2613 consequius
690 2589 700 2609 ‚
719 2557 816 2597 olim
833 2555 1013 2597 indicavi
1032 2570 1041 2608 3
1059 2554 1171 2608 quod
1187 2554 1268 2595 sibi
1286 2551 1592 2606 neglegendum
1609 2555 1724 2593 ratus
1739 2549 1884 2592 Hilde-

434 2623 619 2666 brandus
650 2623 781 2664 altero
818 2622 909 2663 loco
940 2635 980 2676 p.
1003 2621 1084 2663 366
1122 2620 1432 2675 imperitissime
1464 2618 1696 2672 disputavit
1714 2650 1724 2672 ‚
1752 2617 1884 2659 altero

435 2704 476 2745 p.
493 2691 573 2733 921
597 2689 700 2731 nihil
722 2688 854 2739 dixit,
876 2687 1070 2741 quamvis
1090 2700 1262 2729 neeesse
1279 2690 1414 2728 esset.
1437 2698 1532 2726 nam
1554 2685 1598 2725 in
1613 2683 1884 2738 metamorph.

435 2771 460 2797 v
476 2771 515 2811 p.
527 2757 610 2799 364
625 2757 837 2799 evectionis
849 2753 1062 2810 appendix
1071 2753 1309 2796 miseranda
1325 2761 1361 2794 et
1368 2768 1446 2808 per
1456 2751 1621 2793 nubilas
1628 2751 1884 2806 playa-spen-

435 2824 530 2865 duli
545 2823 759 2865 comitatus
789 2830 971 2864 extrema
999 2821 1219 2876 consequia
1249 2833 1320 2862 our
1350 2817 1557 2860 adiective
1587 2816 1668 2857 dici
1698 2829 1782 2858 non
1810 2827 1884 2870 po-

434 2890 560 2932 tuerit
595 2901 859 2942 nequaquam
894 2890 1096 2942 apparet.
1131 2887 1229 2929 item
1266 2887 1310 2928 in
1338 2900 1363 2926 x
1392 2898 1433 2940 p.
1451 2884 1557 2938 712,
1586 2883 1655 2924 ubi
1685 2883 1883 2936 seriptum

437 2961 499 2999 est
519 2957 668 3012 spretis
689 2955 904 2997 luculentis
924 2955 1012 2996 suis
1032 2954 1232 2997 vehiculis
1261 2969 1310 2996 ac
1358 2951 1570 2994 ostliabitis
1590 2949 1748 2992 decoris
1767 2947 1885 2990 reda-
