2040 3328
327 205 410 247 244
1024 209 1081 250 IV

327 318 503 372 melium
531 317 715 372 itemque
739 318 879 360 'amnis
908 318 1044 386 Malta
1072 319 1174 360 mole
1203 319 1406 362 docendus
1436 323 1576 377 aprico
1597 338 1775 377 parcere

321 394 444 439 prato
461 416 470 425 .

437 451 533 493 581.
564 451 787 492 F1N1T1M1
815 465 1029 492 Emeum·
1059 465 1115 492 ΕΤ
1145 466 1329 494 FAUNES
1351 485 1360 494 .
1394 453 1631 505 Quadratus
1660 456 1774 497 Fini-

325 518 419 559 time
440 549 448 558 .
471 517 568 558 Itali
590 521 631 559 et
659 517 850 571 impressi
870 517 1066 559 FAtmos
1090 551 1099 560 .
1121 523 1285 561 cantum
1311 519 1420 562 hunc
1440 521 1637 563 silvarum
1658 522 1773 575 inge-

325 585 441 626 niose
462 583 600 626 Attius
630 583 672 624 in
701 584 882 637 pastoris
911 598 1094 639 persona
1123 585 1268 627 tribuit
1296 587 1434 628 vocali
1463 586 1523 628 illi
1550 587 1591 629 in
1613 588 1773 642 Minya-

324 663 414 691 rum
444 662 553 692 nave
582 649 700 703 tigno
723 682 732 704 ‚
761 650 802 691 in
834 650 1048 694 Ciceronis
1077 651 1130 694 de
1160 657 1311 695 natura
1341 652 1513 695 deorum
1532 668 1575 708 11,
1592 654 1670 708 89,
1692 654 1773 697 Sil-

323 718 426 759 vani
450 717 551 759 melo
572 717 831 760 Consimz‘lem
861 718 920 760 ad
945 720 1063 761 auris
1093 729 1254 762 cantum
1274 752 1285 774 ‚
1315 729 1351 762 et
1381 719 1568 762 auditum
1587 752 1598 774 ,
1619 720 1771 776 refert.

435 783 530 826 582.
565 797 795 829 LUDOQUE
825 798 1036 826 LOCANrr
1056 816 1065 827 .
1098 786 1314 829 Corrector
1345 787 1517 840 oblongi
1546 800 1772 828 ῐοοΑΝΤῐ.

323 863 421 892 mox
449 850 680 904 quadratus
702 851 1038 907 Chordarumque
1067 868 1190 895 sonus
1205 886 1215 906 ,
1247 857 1292 894 ut
1321 854 1403 896 576
1434 853 1670 909 dis-persus,
1690 854 1772 896 465

323 919 509 973 opinatos
528 950 539 971 ‚
566 917 648 960 459
677 933 846 974 campus
862 949 872 960 .

434 984 528 1026 587.
560 984 712 1025 Pmm
743 999 970 1025 SEMIFERI
1000 999 1197 1027 carru-rs
1228 1000 1472 1028 ULLAmNA
1503 1000 1771 1032 QUASSANS.

324 1051 565 1102 Quadratus
585 1051 782 1103 semz'fierz’
794 1083 802 1092 .
826 1051 1059 1094 Brixiensis
1081 1052 1208 1094 editio
1225 1044 1432 1095 volamz'na
1445 1086 1457 1107 ,
1479 1054 1573 1095 Itali
1590 1058 1631 1096 et
1646 1053 1773 1096 editio

323 1117 577 1160 Veronensis
608 1122 649 1159 et
678 1117 880 1160 Marullus
910 1132 1165 1160 vammum
1187 1151 1196 1173 ‚
1218 1123 1264 1161 ut
1283 1120 1326 1161 in
1345 1134 1372 1173 1,
1396 1120 1478 1163 930
1512 1120 1626 1163 Unde
1648 1121 1774 1176 prius

321 1185 433 1227 nulli
457 1184 633 1227 velarint
663 1193 844 1240 tempora
872 1201 1012 1228 musae
1034 1218 1043 1228 .
1065 1186 1301 1247 Vossius-et
1320 1186 1515 1229 Heinsius
1538 1200 1608 1229 cur
1637 1188 1774 1230 littera

321 1250 470 1293 addita
488 1252 717 1294 vallamz'na
738 1252 961 1294 maluerint
980 1252 1129 1306 ignoro
1148 1268 1157 1294 ε
1178 1252 1431 1296 Wakefieldi
1455 1254 1637 1296 rationes
1658 1254 1773 1310 inep-

320 1322 390 1360 tae
418 1323 515 1360 sunt
533 1351 542 1361 .

431 1385 526 1430 590.
558 1386 756 1427 Parnm:
786 1399 846 1425 m:
876 1399 1066 1426 cenent:
1095 1399 1191 1428 noc
1214 1418 1223 1428 .
1251 1387 1483 1430 Brixiensis
1504 1387 1634 1430 editio
1657 1419 1667 1443 ,
1688 1400 1771 1429 non

320 1453 576 1496 Veronensis
594 1486 603 1507 ‚
625 1454 849 1495 Praeterea
865 1469 1012 1509 yenere
1033 1454 1104 1495 hoc
1121 1485 1130 1495 .
1153 1454 1247 1496 Itali
1271 1458 1311 1496 et
1328 1454 1529 1496 Marullus
1546 1453 1578 1496 Ο
1590 1468 1742 1495 eram
1761 1487 1771 1510 ,

321 1521 423 1562 satis
460 1520 600 1574 bene,
632 1520 773 1574 itaque
808 1533 980 1574 prorsus
1015 1520 1057 1561 in
1096 1534 1134 1575 v,
1157 1520 1239 1563 845
1271 1521 1412 1564 Cetera
1443 1521 1492 1563 de
1523 1537 1671 1576 ‚qenere
1699 1522 1773 1564 hoc

319 1596 503 1629 monstra
533 1603 581 1629 ac
607 1595 799 1642 portenta
828 1587 1018 1628 creabat.

431 1654 528 1696 594.
566 1653 816 1695 Humum
853 1667 1008 1694 GENUS
1045 1667 1131 1694 EST
1167 1667 1360 1695 AvaM
1396 1668 1536 1694 NIMIS
1566 1668 1772 1696 Aulucu-

320 1734 483 1762 LARUM
504 1752 514 1762 .
546 1721 635 1762 Hoc
665 1719 929 1762 Wakefieldo
966 1719 1323 1773 elegantissimum
1353 1720 1545 1776 videtur,
1579 1721 1678 1762 mihi
1713 1722 1772 1763 in-

320 1787 532 1841 proprium
564 1791 604 1829 et
633 1786 875 1839 ambiguum
897 1818 905 1827 .
927 1786 1075 1828 maluit
1105 1788 1227 1829 aliter
1257 1787 1395 1829 dicere
1415 1787 1589 1828 Plautus
1619 1787 1663 1828 in
1693 1787 1770 1830 Sti-

320 1853 396 1895 cho
418 1867 444 1907 1,
467 1853 504 1908 2,
526 1853 581 1895 45
611 1853 819 1909 Numquis
849 1853 914 1894 hic
943 1852 1121 1895 alienust
1149 1854 1300 1895 nostris
1328 1853 1449 1895 dictis
1478 1869 1628 1909 auceps
1657 1855 1770 1896 auri-

319 1920 393 1961 bus
416 1920 434 1960 ,9
461 1919 615 1973 optime
646 1919 858 1961 Bentleius
889 1919 1057 1960 avidum
1087 1920 1204 1961 nimi'
1234 1933 1579 1961 mRAcLoRUM.

430 1985 524 2027 598.
563 1985 889 2031 CONLOQUIUM
928 1999 1126 2026 CLAthxs
1155 1999 1362 2028 romnus
1394 2000 1590 2032 QUOQUE
1621 1999 1769 2027 SAEPE

319 2066 530 2093 vmmws
552 2085 561 2094 .
594 2052 709 2094 Haec
740 2065 935 2107 quoque,
969 2065 1077 2105 quae
1106 2053 1254 2095 ceteris
1285 2053 1486 2107 sordent,
1514 2052 1585 2094 uni
1614 2051 1770 2094 Wake-

317 2118 440 2160 fieldo
462 2119 635 2173 pulchra
655 2123 776 2162 sunt.
799 2132 884 2161 una
903 2119 1044 2160 littera
1063 2118 1263 2162 addenda
1283 2123 1371 2173 est,
1394 2119 1478 2172 ita,
1503 2119 1770 2174 Conloquium

317 2186 470 2227 clausis
488 2186 662 2241 foribus
693 2201 851 2241 quoque
872 2201 992 2241 saepe
1013 2199 1093 2226 UB1
1114 2186 1254 2228 demus
1276 2217 1285 2227 .
1308 2185 1548 2240 Propertius
1570 2200 1608 2239 v,
1629 2186 1692 2240 10,
1714 2184 1769 2227 32

318 2252 653 2307 Colloquiumque
683 2269 760 2294 sua
777 2253 922 2308 fretus
952 2253 1002 2294 ab
1032 2253 1131 2295 urbe
1161 2252 1298 2295 dedit.

429 2319 523 2361 600.
583 2333 864 2360 SIMULACRA
902 2332 1194 2361 RENUNTANT
1227 2350 1236 2360 .
1275 2317 1514 2369 Quadratus
1550 2324 1736 2361 rer-mant
1757 2349 1767 2360 .

314 2385 410 2427 Itali
441 2399 695 2427 RENUTANT
714 2418 724 2428 .

429 2452 524 2494 602.
557 2452 751 2503 QUALIA
782 2466 904 2493 sum:
934 2465 1350 2506 VITRE1‚SPE01ES
1382 2465 1478 2497 QUA
1507 2464 1765 2492 TRAVOLAT

316 2532 462 2559 omns
486 2551 494 2559 .
526 2518 765 2569 Quadratus
794 2520 898 2561 vitre
926 2519 967 2572 (i
982 2532 1108 2573 super
1129 2518 1168 2572 e)
1196 2519 1345 2574 speciis
1372 2518 1411 2572 (e
1431 2531 1558 2572 super
1578 2519 1710 2560 altero
1731 2518 1770 2571 i)

314 2601 398 2640 qua
427 2585 652 2627 transvolat
682 2586 812 2627 omnis
835 2617 844 2627 .
875 2589 921 2627 ut
950 2585 1017 2627 hic
1046 2586 1171 2627 vitrei
1194 2585 1423 2639 genetivo,
1451 2584 1511 2626 ita
1539 2584 1695 2638 plurali
1723 2585 1767 2626 in

313 2666 340 2704 1,
358 2652 441 2694 230
469 2653 666 2707 inqenuez'
690 2656 731 2693 et
761 2652 803 2693 in
832 2666 891 2706 111,
909 2653 960 2695 97
990 2652 1150 2705 oculei,
1171 2663 1310 2706 neque
1339 2651 1510 2706 saepius
1540 2651 1670 2693 nostri
1701 2663 1767 2692 co-

315 2718 430 2760 dices
467 2718 575 2760 hunc
610 2719 826 2772 antiquum
862 2719 1071 2761 scribendi
1109 2731 1267 2760 morem
1305 2717 1512 2771 integrum
1548 2729 1767 2759 conserva-

312 2788 407 2825 runt
428 2816 436 2825 .
460 2784 512 2826 de
533 2785 727 2838 genetivo
759 2788 900 2827 notum
933 2789 996 2828 est
1026 2784 1128 2840 quid
1149 2784 1335 2826 Lucilius
1357 2788 1398 2826 et
1418 2783 1616 2837 Nigidius
1647 2795 1765 2838 prae-

312 2850 498 2903 ceperint
519 2866 528 2905 ;
560 2864 690 2904 quare
729 2851 1071 2894 Schneidewinus
1116 2851 1229 2906 apud
1274 2850 1510 2893 Martialem
1549 2865 1601 2904 xr,
1624 2851 1679 2892 90
1722 2849 1764 2890 in

311 2916 460 2958 Lucilii
500 2917 632 2970 ipsius
672 2931 797 2960 versu
838 2931 922 2960 non
967 2918 1110 2961 debuit
1146 2918 1329 2961 scribere
1365 2917 1556 2959 Luceilei
1577 2947 1586 2956 .
1618 2915 1764 2956 horum
