2040 3328
383 244 437 286 70
1096 238 1118 280 1

383 353 496 408 quod
532 351 637 394 illud
674 352 728 393 Et
767 348 828 394 sic
865 363 1031 404 quoque
1061 349 1343 404 importunum
1377 347 1601 390 delendum
1633 352 1721 402 est,
1752 348 1832 390 boc

382 420 509 462 modo
526 451 536 470 ‚
585 420 635 461 Ut
660 435 738 475 per
768 435 901 474 aquas
931 433 1036 473 quae
1066 431 1174 458 nunc
1202 432 1341 458 rerum
1370 416 1594 457 simulacra
1623 415 1832 466 videmus,

385 490 625 530 ADS1M1L1
667 487 826 527 ratione
861 483 1064 526 animalia
1100 498 1236 538 suppa
1269 483 1423 538 vayam'
1453 481 1707 524 Coutendum
1727 513 1736 523 .
1773 482 1834 524 sic

383 554 590 597 Adsimilz'
614 554 772 594 ratione
792 552 836 592 in
858 565 901 601 Π,
922 549 1032 603 493,
1055 548 1127 590 ubi
1150 549 1301 591 fefellit
1331 552 1606 590 correctorem
1638 547 1834 602 quadrati

383 622 438 676 (is
470 621 581 663 enim
602 618 703 660 fecit
721 619 795 668 At)
814 649 823 671 ,
856 621 896 659 et
922 617 963 658 in
985 630 1028 656 1v
1046 648 1055 670 ‚
1076 615 1186 670 425,
1218 615 1289 657 ubi
1320 614 1517 668 antiquus
1537 618 1744 657 corrector
1765 615 1834 656 ob-

383 687 501 740 longi
531 687 630 727 item
659 684 876 739 rescripsit
907 683 1086 725 acsimilz·
1099 705 1128 722 .-

502 753 621 795 1063.
652 764 923 792 INFERIORA
952 763 1134 790 MAGIS.
1164 748 1364 790 Claudius
1403 747 1609 791 Sacerdos
1645 761 1687 803 p.
1708 748 1762 790 28
1800 757 1836 790 et

386 822 604 863 Lueretius
634 819 835 860 interiora
863 817 998 872 masz's
1023 831 1102 870 pro
1132 815 1337 870 iuferiora
1359 847 1367 856 .
1390 815 1466 857 sed
1496 817 1630 857 errat.

501 887 620 929 1068.
653 885 747 926 SED
778 897 937 924 vAan
968 895 1222 922 sronmms
1253 895 1408 924 HAEC.
1431 882 1550 923 Hunc
1579 894 1745 924 versum
1777 881 1836 924 di-

386 954 605 996 midiatum
636 965 727 994 cum
759 955 919 1005 septem
947 949 1151 1004 proximis
1183 949 1390 1002 oblongus
1421 948 1573 1004 habet,
1605 948 1835 1004 quadratus

389 1026 429 1063 et
464 1019 647 1062 schedae
686 1019 876 1060 omittunt
915 1017 1084 1071 appicta
1121 1016 1165 1056 in
1201 1016 1391 1068 margine
1427 1028 1547 1057 cruce
1586 1020 1627 1058 et
1661 1028 1836 1057 numero

388 1102 478 1129 vm.
510 1087 554 1128 in
584 1086 663 1127 hoc
692 1099 817 1128 versu
847 1097 1076 1126 sromms
1108 1086 1315 1124 corrector
1345 1082 1544 1135 oblongi.
1566 1082 1610 1123 in
1639 1081 1722 1123 fine
1752 1082 1836 1123 Ma—

390 1154 524 1196 rullus
546 1154 644 1194 haee
666 1153 805 1194 omnia
821 1151 1006 1207 parturit
1028 1165 1143 1191 error
1156 1181 1167 1203 ‚
1200 1152 1296 1191 ante
1328 1161 1422 1190 eum
1448 1149 1546 1190 Itali
1575 1149 1673 1191 haee
1702 1149 1840 1191 omnia

377 1221 559 1275 finxerit
589 1234 705 1261 error
721 1250 729 1259 .

502 1287 621 1328 1069.
662 1285 888 1326 AMPLEXI
922 1297 1056 1329 Qnon
1095 1296 1289 1323 HABENT
1326 1296 1450 1322 PERV
1475 1313 1484 1322 .
1507 1281 1709 1323 Marullus
1739 1282 1838 1324 Am-

380 1354 507 1410 plexi
523 1352 635 1408 quod
653 1353 792 1393 hebent
807 1367 1000 1406 perverse
1012 1351 1159 1406 prima
1179 1350 1285 1403 viai,
1305 1349 1401 1390 Itali
1424 1348 1626 1404 Ampleoei
1639 1347 1750 1404 quod
1767 1349 1838 1390 ha-

388 1422 478 1463 beut
493 1421 672 1475 spatium
685 1435 761 1474 per
776 1427 993 1473 utrumque
1008 1417 1118 1459 viai.
1135 1416 1355 1459 vaticinari
1372 1427 1451 1458 nec
1467 1415 1595 1457 didici
1610 1427 1688 1457 nec
1703 1415 1837 1470 cupio.

503 1487 622 1529 1070.
645 1486 755 1527 NAM
775 1498 966 1525 MEDmM
986 1498 1122 1524 NIHIL
1142 1497 1254 1524 nssn
1274 1496 1451 1524 Porns'r
1468 1515 1478 1525 .
1496 1481 1626 1524 Addit
1638 1481 1840 1524 Marullus

389 1555 463 1596 ubi
480 1555 604 1595 z'ozane
625 1553 815 1608 locusque
830 1585 840 1606 ,
863 1552 972 1593 male
993 1551 1148 1592 omisso
1170 1559 1264 1592 sunt
1285 1581 1295 1592 .
1318 1562 1463 1592 verum
1489 1561 1589 1591 esse
1607 1553 1709 1604 puto
1730 1549 1841 1590 Nam

388 1621 567 1664 medium
588 1621 652 1662 m'l
671 1635 754 1662 esse
771 1627 902 1675 potest
916 1651 927 1672 7
948 1618 1020 1660 ubi
1050 1630 1214 1659 summa
1241 1615 1438 1672 profundi
1470 1619 1532 1658 est
1557 1616 1730 1671 Infinita
1750 1646 1759 1655 .
1781 1615 1841 1657 ita

392 1689 434 1730 in
464 1687 620 1742 v1‚485
651 1702 931 1741 summamque
951 1683 1166 1741 profundi
1190 1685 1294 1726 Esse
1323 1684 1526 1739 infinitam
1556 1683 1701 1725 docui.

505 1754 624 1796 1071.
655 1754 882 1795 INFINITA
911 1765 1075 1797 DENIQ.
1098 1765 1285 1792 OMNINO
1308 1765 1350 1791 st
1369 1764 1455 1790 IAM
1477 1782 1486 1792 .
1508 1749 1735 1792 Verissime
1755 1749 1842 1791 Ma-

391 1822 524 1863 rullus
554 1834 717 1865 NEQUE
748 1820 936 1872 omnino,
967 1820 1009 1860 si
1036 1819 1121 1859 iam
1149 1831 1340 1858 MEDIUM
1370 1831 1445 1858 sm
1469 1848 1478 1857 .

506 1887 625 1930 1072.
660 1887 779 1928 1073.
811 1886 989 1926 Possrr
1010 1899 1078 1925 1131
1098 1898 1357 1930 QUICQUAM
1377 1897 1678 1925 consrs'rmffl
1701 1883 1842 1934 QUAM

391 1969 574 2002 QUAVIS
605 1967 718 1995 AmA
747 1967 906 1994 nonen
935 1951 1398 1993 RAT10NE.Marullus
1429 1952 1495 1993 hic
1525 1955 1566 1993 et
1587 1963 1614 1992 a
1633 1949 1844 1992 sententia

391 2028 433 2066 et
462 2023 517 2065 ab
548 2026 638 2064 arte
668 2020 882 2062 aberravit
910 2019 1130 2061 scribendo
1159 2019 1299 2060 Possit
1332 2019 1395 2060 ibi
1419 2019 1640 2074 quicquam
1669 2017 1745 2058 hac
1770 2031 1842 2072 po-

392 2093 473 2133 tius
495 2091 712 2132 consistere
733 2103 860 2129 eausa
881 2087 1013 2137 Quam
1034 2087 1183 2141 quavis
1203 2085 1291 2127 alia
1318 2085 1434 2142 Zonqe
1463 2086 1622 2127 ratione
1650 2099 1816 2126 ‘manere
1832 2114 1842 2124 .

391 2170 470 2199 nec
490 2156 618 2197 multo
640 2155 814 2207 melius,
838 2154 871 2196 si
894 2153 1002 2195 forte
1022 2154 1187 2210 reyz'one
1209 2152 1401 2206 scripsit,
1425 2151 1538 2206 quod
1558 2150 1691 2193 edidit
1705 2150 1845 2192 Avan-

394 2225 475 2266 tius
495 2254 504 2264 .
526 2222 658 2265 verba
678 2235 763 2263 non
786 2220 928 2262 omnia
947 2219 1174 2274 praestabo
1193 2252 1202 2273 ‚
1233 2218 1308 2261 sed
1329 2219 1390 2260 rei
1412 2219 1515 2260 satis
1536 2218 1693 2260 facient
1712 2217 1817 2259 haec
1832 2248 1842 2259 .

395 2292 534 2333 Possit
572 2290 635 2332 ibi
671 2289 892 2344 quicquam
931 2287 1150 2329 consistere
1187 2286 1314 2328 malle
1350 2286 1491 2341 putari
1527 2286 1660 2337 Quam
1699 2284 1845 2340 quavis

393 2371 512 2399 ALIO
545 2358 664 2413 Zonye
692 2356 851 2396 ratione
881 2367 1022 2396 meare
1039 2385 1048 2394 .

509 2423 628 2466 1074.
674 2436 884 2463 SPATIUM
924 2434 1057 2467 QUOD
1097 2435 1145 2461 IN
1172 2452 1181 2462 .
1214 2420 1325 2462 Satis
1361 2420 1468 2462 bene
1497 2417 1699 2460 Marullus
1734 2415 1846 2473 quod

392 2504 543 2532 INANE
574 2503 801 2531 vocAMUS
832 2521 841 2530 .
872 2492 969 2530 ante
999 2501 1093 2530 eum
1124 2487 1222 2528 Itali
1250 2496 1420 2529 vocatur
1440 2517 1449 2527 .

509 2557 628 2600 1075.
663 2558 784 2599 1076.
815 2569 1104 2596 CONCEDERE
1134 2555 1324 2599 AEQUIS
1354 2565 1658 2594 PONDERIBUS
1681 2582 1692 2593 .
1718 2551 1846 2592 Recte

395 2623 686 2667 Wakefieldus
716 2623 933 2665 concedere
961 2635 1120 2662 mmm
1144 2653 1153 2663 .
1184 2621 1260 2662 sed
1291 2633 1382 2662 cum
1412 2620 1589 2662 Marullo
1619 2616 1847 2671 legendum

396 2697 459 2735 est
479 2694 657 2737 AEQUE
675 2691 828 2734 ‚inane
855 2689 1137 2744 ponderibus,
1160 2699 1423 2742 quacumque
1452 2690 1589 2728 motus
1619 2689 1744 2739 eunt,
1773 2696 1847 2738 pa-

395 2761 494 2801 riter
526 2759 667 2801 cedit.
698 2758 777 2799 hoc
807 2769 833 2798 a
856 2756 1046 2798 Bentleio
1078 2755 1247 2810 probari
1269 2754 1470 2808 Forbiger
1500 2753 1702 2806 miratur,
1732 2750 1847 2793 vide-

396 2827 495 2868 licet
524 2826 617 2880 ipse
647 2838 738 2867 cum
759 2822 1024 2866 Wakefieldo
1047 2823 1192 2878 aequis
1208 2818 1461 2877 ponderibus
1487 2821 1765 2874 interpretans
1792 2817 1847 2874 τῇ

398 2889 647 2950 κουφοτάτῃ
678 2891 751 2934 καὶ
785 2893 838 2949 τῇ
874 2886 1095 2946 βαρυτάτῃ
1126 2885 1275 2944 ἀτόμῳ
1305 2919 1313 2928 .
1351 2888 1393 2929 ni
1430 2888 1578 2929 mirum
1614 2886 1680 2928 his
1714 2900 1848 2941 aequa
