2040 3328
955 242 991 285 V
1632 244 1716 287 305

230 374 326 400 rum
355 358 566 415 carpentis
581 390 592 412 ,
614 373 722 415 quae
747 357 909 414 partim
939 365 1122 400 contecta
1142 358 1308 414 partim
1337 358 1523 400 revelata
1540 358 1720 414 frustra

230 427 468 470 novissimis
498 425 769 468 trahebantur
806 425 1040 482 consequia
1055 459 1066 480 ‚
1089 425 1160 480 qui
1200 429 1262 468 tot
1297 425 1487 468 eiusdem
1523 425 1642 468 vocis
1679 439 1719 468 6-

230 493 405 549 xempla
434 493 796 547 consideraverit,
818 493 1055 536 novissima
1076 498 1282 549 carpenta
1307 494 1477 537 illorum
1499 494 1719 548 decorato-

229 575 324 604 rum
353 574 592 617 consecua,
621 562 702 605 hoc
732 565 798 605 est
837 561 914 604 illa
950 561 1154 604 decorata
1189 566 1288 605 ante
1319 562 1556 606 novissima
1585 562 1719 605 fuisse

231 629 480 684 intelleget.
508 630 616 673 11366
646 634 788 673 autem
820 630 1037 672 adiectiva
1067 633 1109 672 et
1137 629 1346 672 adverbia
1376 643 1403 672 a
1433 630 1558 674 bonis
1588 631 1720 686 serip-

230 698 395 741 toribus
426 698 608 754 syllabis
639 699 792 742 divisis
822 698 994 755 prolata
1028 711 1125 740 esse
1163 702 1252 740 tum
1282 699 1380 754 ipsa
1409 700 1562 753 regula
1591 712 1720 754 expo-

229 767 314 810 sita
333 780 386 810 ac
406 767 590 811 fortasse
610 767 802 810 nondum
820 767 925 810 satis
942 770 1056 809 recte
1071 766 1392 821 circumscripta
1408 767 1718 811 demonstravi.

230 836 370 878 omnis
391 839 533 879 autem
555 835 680 878 huius
703 834 1019 879 observationis
1044 834 1184 890 prima
1205 835 1392 877 stamina
1421 840 1519 878 sunt
1540 836 1586 878 in
1616 849 1719 890 qua-

230 903 331 946 dam
351 904 535 947 Bentleii
567 903 884 960 disputatione,
907 916 1037 958 quam
1059 902 1244 945 Phaedri
1271 903 1379 946 libro
1411 905 1548 959 primo
1570 904 1615 946 in
1636 903 1720 946 fine

229 973 474 1029 appositam
505 971 800 1015 Wakefieldus
838 975 880 1014 et
909 970 1119 1025 For-biger
1154 985 1386 1027 numquam
1423 973 1585 1026 legisse
1621 985 1720 1027 cog-

229 1045 488 1097 noscuntur,
511 1054 606 1084 cum
635 1041 679 1084 in
709 1041 821 1084 libro
852 1041 976 1083 tertio
998 1039 1184 1082 Lucretii
1207 1040 1290 1084 648
1323 1041 1414 1083 sine
1444 1041 1535 1083 ulla
1556 1040 1721 1084 dubita-

229 1110 344 1153 tione
375 1114 659 1153 commentum
690 1109 897 1152 Italorum
934 1109 979 1151 in
1018 1108 1165 1151 omnia
1201 1109 1466 1164 exemplaria
1501 1110 1618 1165 typis
1649 1123 1719 1153 ex-

229 1191 381 1234 pressa
400 1178 566 1221 illatum
586 1179 798 1234 probant,
821 1177 1016 1233 quamvis
1038 1177 1257 1220 Bentleius
1284 1194 1375 1220 eum
1398 1178 1719 1233 praepositione

229 1246 399 1289 abiecta
425 1246 655 1300 legendum
687 1246 904 1290 docuisset
927 1246 1109 1303 Corpore
1138 1247 1328 1303 reliquo,
1352 1245 1467 1300 quod
1497 1245 1558 1288 ita
1588 1246 1718 1301 scrip-

231 1319 318 1357 tum
338 1315 384 1356 in
405 1314 667 1358 membranis
688 1315 913 1358 Vossianis
940 1318 1087 1358 extare
1109 1318 1242 1357 testor
1260 1347 1269 1357 .
1292 1314 1362 1357 hic
1382 1314 1511 1369 igitur
1533 1314 1718 1357 comicos

231 1386 426 1438 veteres,
448 1383 549 1426 item
570 1383 811 1426 Lucretium
834 1388 875 1426 et
892 1382 1135 1426 Phaedrum
1155 1416 1164 1438 ,
1187 1383 1388 1426 relicuom
1411 1387 1613 1438 quattuor
1635 1383 1719 1438 syl-

230 1451 340 1494 labis
372 1451 575 1494 extulisse
606 1451 818 1508 ostendit,
847 1451 1026 1507 negavit
1061 1456 1202 1494 autem
1234 1464 1285 1494 eo
1316 1451 1555 1506 Vergilium
1585 1451 1719 1494 Hora-

231 1519 338 1575 tium
367 1519 585 1562 Tibullum
621 1519 892 1576 Propertium
927 1533 1130 1575 umquam
1169 1533 1268 1563 usos
1309 1533 1405 1562 esse
1427 1551 1436 1562 .
1469 1519 1608 1575 potuit
1645 1519 1718 1562 ad-

233 1588 336 1632 dere
366 1587 596 1643 Ovidium,
621 1587 843 1644 Gratium,
872 1589 1201 1643 Germanicum,
1225 1589 1504 1644 Priapeorum
1537 1591 1716 1645 poe‘tas,

233 1656 441 1713 opuscula
476 1656 762 1712 Maroniana,
796 1657 1110 1712 Columellam,
1142 1657 1384 1711 Senecam,
1414 1656 1718 1712 Calpurnium,

232 1725 479 1781 Lucanum,
503 1724 719 1767 Valerium
739 1725 939 1769 Flaccum
959 1759 968 1767 .
996 1725 1074 1769 sed
1105 1725 1221 1781 quod
1243 1725 1483 1767 Martialem
1515 1738 1566 1767 ac
1597 1726 1720 1768 Iuve-

231 1794 374 1836 nalem
402 1794 562 1849 primos
591 1793 766 1836 relicum
788 1794 951 1837 dixisse
983 1794 1269 1849 existimavit,
1293 1807 1379 1836 non
1407 1794 1512 1836 satis
1533 1794 1718 1837 attendit

232 1862 424 1906 Persium
447 1874 497 1904 eo
520 1865 670 1916 quater
690 1875 814 1904 usum
835 1876 954 1918 esse,
977 1861 1129 1905 Silium
1151 1863 1284 1904 multo
1306 1862 1480 1917 saepius
1498 1895 1507 1914 ‚
1533 1862 1717 1904 Statium

231 1934 322 1973 ter:
343 1929 474 1973 habet
504 1931 632 1972 etiam
662 1928 855 1986 Sulpicia
885 1930 1035 1973 Caleni
1053 1964 1062 1973 .
1085 1935 1129 1973 at
1160 1931 1416 1986 epitomator
1436 1930 1600 1972 Iliados
1630 1943 1718 1972 non

232 1999 372 2055 potuit
409 1998 595 2041 scribere
631 1998 714 2042 895
755 2000 938 2055 Atropos
983 2000 1092 2041 hunc
1128 2000 1285 2041 circum
1329 2000 1467 2041 stabat
1510 1999 1718 2055 reliquae-

233 2083 313 2124 que
342 2082 530 2122 sorores,
551 2066 689 2122 potuit
716 2066 966 2124 rzyidaeque
995 2082 1158 2110 sorores
1173 2084 1188 2122 ,-
1213 2080 1472 2122 quamquam
1503 2067 1719 2122 exempla·

232 2135 299 2178 ria
326 2138 415 2177 tam
443 2134 619 2178 mirifice
649 2135 845 2190 variant,
875 2139 920 2177 ut
950 2135 1005 2177 de
1041 2134 1123 2178 hoc
1152 2148 1280 2179 versu
1315 2135 1455 2178 adhue
1484 2135 1592 2178 nihil
1622 2148 1718 2178 eon·

232 2203 350 2246 stitui
380 2203 545 2259 possit.
567 2216 647 2246 1166
668 2203 843 2246 Μ3111110
866 2204 1097 2247 convenire
1117 2207 1220 2259 puto
1242 2203 1359 2258 quod
1382 2208 1446 2247 est
1474 2205 1519 2246 in
1551 2219 1595 2259 11,
1614 2205 1716 2259 734,

232 2270 457 2326 Dimidia,
488 2272 666 2329 reliquis
703 2273 913 2314 tribuatur
951 2280 998 2314 ut
1031 2271 1179 2315 ordine
1208 2273 1375 2329 scynis:
1404 2276 1445 2314 et
1483 2277 1628 2315 tamen
1658 2273 1718 2315 vi-

233 2338 314 2382 deo
334 2338 553 2383 Friderico
583 2340 739 2383 Iacobo
770 2339 884 2383 hunc
913 2353 1086 2383 versum
1117 2340 1322 2396 probari,
1347 2353 1473 2396 quem
1496 2341 1718 2384 Bentleius

232 2407 471 2451 reiecerat.
501 2409 704 2452 relz'cutae
739 2412 883 2452 autem
917 2422 1149 2464 numquam
1188 2408 1328 2451 dictae
1364 2414 1490 2465 sunt,
1521 2410 1717 2465 quamvis
1771 2458 1774 2461 Δ

232 2475 294 2519 ita
332 2476 557 2532 scripsisse
596 2481 762 2521 veteres
803 2474 1206 2533 dicat'Papirianus
1244 2477 1289 2519 111
1326 2478 1498 2534 sylloge
1529 2478 1718 2520 Putschii

233 2557 277 2598 p.
291 2543 430 2588 2290.
451 2545 656 2588 relicuum
686 2545 918 2589 Vaticanus
951 2545 1087 2588 codex
1109 2545 1299 2588 Sallustii
1330 2546 1374 2588 in
1406 2547 1599 2589 oratione
1631 2547 1719 2588 Ma-

235 2611 295 2653 cri
314 2613 352 2664 ξ.
374 2612 411 2654 1.
431 2613 615 2669 reliquei
632 2617 696 2656 est
725 2614 768 2656 in
798 2614 898 2669 lege
919 2614 1033 2656 Iulia
1062 2614 1316 2669 municipali
1350 2614 1428 2657 151
1450 2629 1459 2670 3
1482 2615 1644 2657 scilicet
1674 2619 1721 2657 ut

229 2679 416 2735 pequdes
433 2696 568 2736 pequs
584 2683 773 2738 pequm‘a
784 2683 1016 2739 pequlatus
1030 2714 1044 2733 ‚
1065 2683 1167 2725 item
1187 2682 1231 2724 in
1252 2682 1352 2736 lege
1367 2682 1528 2724 Thoria
1544 2683 1598 2725 25
1621 2699 1719 2739 oqu-

227 2755 378 2803 patwm
409 2752 451 2790 et
482 2749 560 2790 101
588 2751 828 2806 persequtio
847 2783 856 2792 .
881 2751 1097 2807 reliquuos
1126 2763 1205 2805 per
1236 2749 1322 2792 duo
1359 2766 1387 2792 u
1418 2750 1602 2792 dubitari
1634 2763 1719 2792 non

234 2818 376 2870 potest
405 2815 507 2870 quin
539 2820 654 2859 extet
681 2817 725 2858 in
747 2817 966 2860 Ciceronis
997 2817 1051 2860 de
1077 2831 1124 2860 re
1153 2818 1325 2873 publica
1355 2817 1465 2875 libro
1497 2833 1524 2873 1,
1542 2818 1625 2873 35,
1647 2817 1720 2860 ubi

235 2883 375 2925 Maius
406 2882 526 2925 dedit
562 2885 801 2939 exz‘guuos,
830 2902 859 2941 9
889 2885 1058 2928 litterae
1093 2899 1180 2927 non
1215 2886 1299 2928 nisi
1331 2885 1559 2939 vestigium
1589 2886 1720 2928 breve

234 2963 409 2993 manere
429 2955 632 2994 testatus:
656 2957 837 3008 apparet
857 2953 968 2995 6111111
991 2953 1264 2995 scribendum
1282 2966 1378 2996 esse
1394 2954 1608 3010 reliquuos
1629 2971 1718 2996 sus-

235 3020 392 3061 tentari
402 3020 530 3062 unius
546 3021 697 3075 optimi
708 3029 744 3063 et
759 3022 916 3064 summi
926 3022 1016 3064 viri
1026 3021 1249 3078 dilzjqentz'a
1262 3054 1270 3063 .
1288 3022 1526 3077 scripturae
1542 3022 1719 3064 mutabi-

1352 3091 1409 3132 20
