2040 3328
934 218 993 260 IV
1622 215 1706 258 265

225 337 401 394 exponit
420 334 631 379 adverbia
646 333 825 389 optandi
843 367 852 389 ,
875 332 1023 388 qualia
1043 335 1141 376 sunt
1161 332 1322 374 utinam
1339 331 1526 376 etvelim
1547 362 1557 372 .
1579 329 1707 372 huius

224 405 356 451 verba
371 403 531 447 subieci
548 435 558 458 ‚
576 414 688 458 quae
704 400 1026 444 Lindemannus
1042 401 1165 443 uncis
1183 399 1403 443 includere
1419 411 1549 454 quam
1567 411 1706 441 emen-

224 474 328 517 dare
348 472 523 515 maluit.
547 470 738 528 Optandi
749 503 760 525 ‚
783 471 943 513 utinam
965 470 1132 524 veniat,
1154 469 1278 511 velim
1298 477 1468 511 currat.
1493 484 1619 525 quam
1640 483 1706 510 vo·

223 543 422 585 luntatem
444 540 568 582 dubio
590 539 765 595 (legitur
781 537 961 597 9audio)
987 539 1230 594 proximam
1260 554 1346 580 esse
1377 553 1468 579 cum
1500 536 1680 579 dicimus
1697 568 1707 587 ,

222 619 268 654 ut
287 609 413 666 (Aen.
435 623 463 662 1,
481 607 584 662 626)
613 606 758 664 ‘Seque
784 616 919 651 ortum
946 607 1123 662 antiqua
1146 606 1399 648 Teucrorum
1427 622 1454 647 a
1480 606 1611 661 stirpe
1639 620 1708 648 vo-

223 678 340 721 lebat'
358 710 370 732 ,
401 677 506 720 votis
537 693 624 720 esse
654 692 890 733 comparem
919 674 1129 718 credimus
1150 705 1160 716 .
1191 674 1333 729 itaque
1364 689 1437 716 nec
1460 672 1577 730 fidei
1602 688 1706 715 com-

222 747 444 790 missorum
473 746 667 788 voluntas
699 744 799 800 (hoc
830 747 894 786 est
924 741 1030 785 illud
1059 740 1210 796 v0L0)
1240 742 1412 798 sequius
1442 742 1641 796 accessit,
1663 750 1708 784 ut

222 830 297 858 nos
327 813 504 870 (legitur
533 812 633 868 non)
669 814 715 855 in
757 829 806 855 ea
841 827 996 869 parere
1036 810 1213 867 (legitur
1247 809 1438 866 praeter)
1473 809 1680 852 iudicium
1695 841 1706 863 ‚

223 883 418 940 quamvis
455 882 626 924 tacitum
661 897 735 924 nec
771 881 1032 936 adscriptum
1057 912 1068 934 ‚
1099 887 1285 921 votorum
1327 878 1430 921 solis
1468 878 1632 920 nisibus
1671 885 1709 920 et

221 950 396 994 indiciis
426 949 602 1006 (legitur
632 957 669 992 et
698 948 924 1005 beneficiis)
955 947 1216 991 crederemus
1234 979 1243 988 .

337 1018 434 1062 989.
464 1033 526 1059 DE
554 1031 744 1060 PALMAS
766 1050 776 1060 .
808 1016 1031 1060 Corrector
1062 1014 1239 1070 oblongi
1271 1015 1322 1058 de
1353 1014 1538 1072 palmis,
1562 1013 1708 1068 itaque

222 1087 434 1130 Antonius
472 1086 596 1129 Marii
619 1119 628 1141 ‚
661 1086 761 1129 item
800 1085 901 1127 olim
942 1084 1140 1140 impressi
1184 1088 1226 1126 et
1266 1083 1473 1126 Marullus
1502 1116 1510 1125 .
1550 1082 1707 1125 rectius

222 1155 456 1199 Lambinus
487 1155 537 1198 de
566 1168 756 1196 PALMA.

337 1225 432 1268 990.
493 1224 600 1266 Aur
646 1237 794 1269 QUASI
839 1236 1147 1264 CARGERIBUS
1194 1235 1503 1263 PATEFAcrls
1555 1234 1708 1261 SAEPE

223 1306 407 1340 omnm
430 1324 440 1334 .
471 1291 552 1334 Hie
573 1289 889 1333 Wakefieldum
919 1291 1082 1345 miror,
1115 1291 1188 1345 qui
1212 1290 1450 1333 Bentleium
1481 1289 1621 1332 solum
1652 1288 1708 1331 ad

220 1357 332 1404 hune
351 1372 523 1403 versum
544 1359 777 1402 offendisse
798 1360 938 1415 dicat,
963 1372 1055 1402 cum
1076 1363 1248 1415 praeter
1269 1358 1502 1402 Avantium
1524 1362 1565 1400 et
1585 1357 1708 1400 Pium

219 1432 318 1485 post
333 1427 558 1471 Marullum
578 1441 727 1471 omnes
743 1427 1002 1471 offenderint
1019 1460 1028 1470 .
1051 1432 1115 1471 est
1135 1431 1278 1470 autem
1295 1426 1569 1470 manifestum
1585 1442 1710 1483 saepe

221 1498 356 1555 quiete
385 1497 429 1539 in
458 1497 571 1539 hune
601 1509 770 1539 versum
803 1510 826 1539 e
856 1497 1052 1552 proximo
1081 1497 1248 1552 (verum
1271 1496 1382 1539 enim
1405 1495 1599 1540 ordinem
1621 1495 1709 1537 Ma-

220 1565 353 1608 rullus
394 1565 596 1620 restituit)
634 1578 711 1620 per
751 1565 1024 1608 librariorum
1061 1578 1247 1608 errorem
1282 1565 1457 1608 venisse
1480 1597 1489 1606 .
1521 1562 1708 1606 Lucretii

219 1633 384 1690 verba,
417 1646 529 1688 quae
560 1646 613 1676 ex
642 1633 752 1676 libro
774 1648 817 1688 11,
837 1634 920 1676 263
950 1637 1096 1689 petere
1125 1634 1356 1676 Lambinus
1388 1632 1547 1676 frustra
1575 1636 1708 1687 temp·
1760 1645 1769 1654 ·

220 1702 360 1758 tavit,
391 1701 610 1758 perierunt
640 1715 719 1744 nee
749 1705 930 1758 possunt
960 1706 1077 1745 certa
1107 1703 1351 1746 coniectura
1381 1700 1580 1758 reprendi
1605 1733 1614 1743 .
1646 1701 1708 1743 rei

219 1771 445 1815 conveniet
474 1770 669 1827 colliqere
699 1779 859 1812 aestum
889 1770 958 1813 vel
990 1770 1155 1825 aliquid
1187 1771 1281 1813 eius
1311 1770 1455 1813 modi.

334 1839 431 1883 993.
464 1839 564 1894 ΕΤ,
599 1839 721 1882 1002.
754 1839 825 1882 UT
849 1872 857 1882 .
889 1841 957 1882 Ita
987 1839 1121 1882 codex
1151 1843 1330 1894 uterque
1349 1871 1359 1882 .

334 1907 430 1951 995.
462 1921 590 1949 FUGA
622 1921 931 1954 QUAsmmTA
965 1921 1192 1949 CERNANT
1215 1939 1224 1949 .
1258 1907 1482 1951 Corrector
1507 1906 1707 1963 quadrati

221 1977 350 2034 quasi
375 1975 515 2019 didita
536 1997 557 2018 .·
577 1975 675 2018 Itali
703 1990 870 2018 FUGAE
903 1978 1032 2034 quasi
1056 1990 1273 2017 DEBITA.

333 2045 430 2088 996.
468 2058 727 2086 mscussm
759 2059 984 2087 REDEANT
1022 2059 1332 2089 Tnssnomssus
1369 2059 1432 2087 AD
1470 2060 1522 2087 sn
1555 2078 1565 2089 .
1604 2047 1708 2089 Tur-

219 2113 355 2157 nebus
385 2127 690 2158 mutomnus.

335 2182 431 2226 997.
465 2182 538 2224 AD
567 2195 822 2224 CONSUETA
843 2196 967 2224 DOMI
990 2215 999 2226 .
1022 2182 1319 2226 Wakefieldus
1339 2192 1535 2227 consueta
1555 2184 1680 2227 domu
1695 2217 1706 2239 ,

219 2250 353 2294 dandi
383 2263 518 2306 casu,
552 2263 677 2315 quem
715 2251 813 2294 huic
845 2251 978 2295 verbo
1010 2251 1259 2294 adiunctum
1296 2255 1396 2294 ante
1427 2252 1708 2296 Columellam

218 2333 305 2363 non
326 2318 498 2362 invenio
517 2351 526 2361 .
549 2319 813 2375 ablativum,
836 2320 874 2363 si
896 2320 1100 2363 credibile
1121 2325 1212 2376 est,
1235 2321 1461 2364 Terentius
1478 2320 1647 2364 addidit
1663 2322 1708 2363 in

219 2386 429 2444 Adelphis
444 2401 501 2444 lv,
519 2388 559 2445 5,
578 2388 633 2432 32
651 2422 660 2444 ‚
683 2389 761 2446 qui
778 2389 858 2431 illa
879 2390 1090 2432 consuevit
1105 2391 1229 2446 prior
1243 2423 1254 2444 ,
1277 2389 1320 2432 id
1344 2393 1408 2432 est
1423 2390 1495 2445 qui
1517 2403 1612 2433 eum
1634 2390 1708 2432 illa

219 2456 359 2500 suevit
381 2489 391 2500 .
423 2461 537 2500 certe
558 2457 851 2514 adsuefactam
871 2474 1057 2501 sermone
1081 2458 1282 2502 dixerunt
1307 2462 1475 2502 veteres
1500 2491 1509 2514 ‚
1531 2459 1708 2516 inferior

219 2529 340 2568 aetas
361 2527 568 2569 sermoni.
589 2525 666 2569 sed
688 2535 906 2569 consuetus
928 2531 993 2570 est
1014 2527 1087 2583 qui
1108 2527 1218 2571 vixit
1239 2540 1334 2570 eum
1355 2527 1454 2570 aliis
1476 2527 1708 2582 (consuetos

219 2609 306 2635 una
321 2593 458 2636 Varro
476 2594 579 2637 dicit
600 2607 742 2637 rerum
763 2599 866 2638 rust.
885 2610 929 2651 11,
948 2596 987 2651 3,
1006 2596 1051 2651 2)
1071 2599 1111 2638 et
1131 2596 1340 2652 paulatim
1364 2596 1706 2652 mansuefactus,

220 2661 383 2704 seilicet
413 2661 470 2704 ad
501 2663 739 2706 convictum
773 2667 814 2706 et
853 2663 1186 2707 familiaritatem
1216 2664 1478 2720 perductus,
1512 2677 1564 2707 ac
1594 2665 1713 2708 domi

220 2729 399 2772 domitus
414 2762 425 2784 ‚
446 2733 494 2771 ut
524 2730 627 2774 dieit
655 2734 785 2787 poeta
813 2732 858 2774 in
884 2746 922 2787 v,
944 2732 1054 2776 1334
1075 2766 1084 2776 .
1107 2733 1168 2775 ita
1189 2733 1367 2775 Plautus
1389 2732 1433 2774 in
1454 2733 1659 2776 Asinaria
1678 2747 1706 2789 1,

219 2797 260 2853 3,
273 2798 327 2841 69
343 2796 495 2840 Itidem
511 2799 579 2841 hie
595 2799 714 2856 apud
727 2815 802 2841 nos
819 2830 829 2840 .
847 2800 965 2843 aedis
978 2801 1043 2856 (id
1059 2806 1124 2844 est
1139 2801 1263 2843 aedes
1279 2800 1437 2856 plurali
1455 2804 1571 2843 recto
1585 2801 1706 2856 casu)

219 2867 337 2909 nobis
353 2874 512 2920 areast,
529 2882 683 2924 auceps
694 2883 786 2910 sum
803 2883 875 2924 eqo
884 2900 895 2922 ‚
913 2869 1026 2910 Esca
1044 2878 1103 2910 est
1117 2870 1335 2923 meretrioe,
1354 2869 1480 2911 lectus
1496 2869 1614 2912 inlex
1631 2879 1705 2924 esc,

219 2943 426 2977 amatores
446 2949 543 2976 aves
566 2967 574 2976 .
597 2935 714 2978 Bere-e
730 2935 954 2978 salutando
971 2940 1255 2979 consuescunt
1272 2969 1281 2992 ,
1300 2936 1576 2993 compellando
1592 2938 1706 2980 blan-

220 3002 346 3058 diter,
360 3002 618 3058 osculando,
636 3004 823 3047 oratioue
839 3004 1016 3047 vinnula
1031 3006 1250 3048 venustula
1263 3038 1272 3048 .
1289 3005 1363 3047 ubi
1381 3009 1445 3049 est
1460 3006 1591 3062 paulo
1608 3010 1707 3051 ante
