2040 3328
904 238 944 280 II
1606 241 1659 283 97

186 349 269 392 tius
300 349 401 391 tetri
412 364 425 390 .-
455 348 662 391 Marullus
694 358 836 407 turpes
865 351 1052 407 olz'dz‘que
1074 384 1083 394 .
1106 351 1209 393 mihi
1231 365 1318 394 non
1339 352 1508 395 videtur
1538 352 1657 395 dubi-

186 417 267 460 tari
297 428 426 472 posse
457 417 558 470 quin
589 431 699 458 mm
729 426 951 475 turpesque
982 419 1253 462 scribendum
1284 421 1365 463 sit.

298 483 396 526 422.
427 482 585 526 Omns
616 499 769 540 ΕΝῙΜ,
802 500 987 528 seusus
1019 501 1116 534 QUE
1147 502 1344 530 MULCET
1367 503 1570 536 cUMQUE
1590 504 1661 531 v1-

186 565 379 593 unsrun
403 584 410 591 .
452 551 653 594 Videntur
684 566 736 596 ex
768 567 895 597 versu
927 556 1150 611 superiore
1187 557 1231 599 in
1268 557 1379 600 hunc
1410 558 1660 613 irrepsisse,

186 620 284 663 huic
300 619 608 663 substantivum
626 620 876 664 femininum
893 623 1062 677 deesse3
1082 624 1285 668 Marullus
1302 625 1426 681 vidit,
1444 626 1516 680 qui
1533 626 1662 681 scrip-

186 688 242 731 sit
267 705 375 745 quae
394 687 546 730 mulcet
566 704 696 731 causa
717 691 914 747 iuvatque
929 707 944 745 ,·
973 705 1059 733 non
1088 691 1287 735 viderunt
1307 694 1518 735 Antonius
1540 693 1663 735 Marii

189 760 231 799 et
250 756 570 814 Wakefieldus,
594 758 749 813 quibus
779 759 944 813 placuit
970 759 1147 802 videndo
1179 764 1221 802 et
1250 761 1460 804 videntum
1484 794 1492 803 .
1515 775 1662 804 verum

187 828 253 867 est
289 841 436 868 sensus
472 843 579 883 quae
617 826 767 869 mulcet
804 843 977 884 eumque
1013 841 1205 869 FIGURA
1228 861 1237 870 .
1269 829 1348 871 hoc
1385 829 1457 884 qui
1488 843 1572 872 non
1604 830 1663 871 in-

185 892 452 936 tellexissent
487 894 579 937 iure
614 894 749 936 notati
787 899 887 937 sunt
924 908 952 937 a
989 895 1315 939 Schneidewino
1355 896 1399 938 in
1439 897 1662 951 Philologo

186 974 235 1002 1n
255 975 297 1017 p.
317 962 404 1004 538
422 994 432 1004 .

300 1030 398 1073 423.
443 1031 548 1073 AUT
580 1045 690 1072 snm
721 1045 1041 1072 PR1N01P1AL1
1071 1045 1258 1079 ALIQUO
1289 1046 1513 1074 LEVIORE
1546 1048 1662 1074 CRE—

189 1111 342 1139 Ausr
364 1131 375 1142 .
398 1098 644 1151 Quadratus
677 1100 860 1143 leviora.
883 1101 976 1143 eius
1006 1105 1219 1143 corrector
1249 1101 1394 1142 HAun
1416 1133 1425 1144 .
1449 1102 1662 1144 Avantius

187 1166 324 1208 Haud
351 1168 442 1210 sine
471 1182 668 1209 LEVORE
691 1200 700 1208 .

301 1234 400 1278 427.
429 1250 608 1277 FLEXIS
639 1249 964 1278 Mucnomnus
995 1250 1183 1283 UNCAQ:
1217 1236 1318 1279 sm>
1338 1250 1490 1278 MAGIS
1511 1252 1663 1279 ANGE-

188 1317 286 1344 LIIS
327 1317 530 1345 PAULUM
564 1318 939 1346 PROSTANTIBUS
975 1306 1244 1346 T1T1L1ARE
1286 1319 1439 1346 MAGIS
1476 1320 1662 1348 SENSUS

189 1384 326 1417 QUAM
355 1384 584 1413 LAEDERE
615 1386 869 1414 Possum.
900 1373 934 1414 E
964 1373 1089 1427 primi
1120 1386 1270 1416 versus
1301 1373 1385 1416 fine
1414 1390 1493 1430 que
1522 1374 1664 1417 delen-

189 1438 290 1481 dum
329 1452 425 1482 esse
461 1440 662 1483 viderunt
692 1441 790 1483 Itali
808 1473 818 1495 ,
852 1441 923 1495 qui
955 1440 1144 1483 secundo
1176 1441 1433 1484 addiderunt
1464 1451 1500 1484 et
1531 1459 1636 1498 quae
1653 1476 1663 1496 ,

190 1507 306 1563 quod
329 1508 442 1550 malo
471 1509 599 1550 scribi
623 1523 858 1556 QUAEQUE
886 1540 895 1550 .
916 1522 1044 1564 porro
1067 1523 1304 1550 Aucsnms
1326 1513 1368 1550 et
1387 1510 1664 1551 ΤιτιιιΑΒΕ

188 1577 314 1620 Itali.
339 1586 515 1633 possunt
535 1576 768 1631 quadratus
790 1581 831 1620 et
851 1576 1037 1619 schedae
1053 1609 1063 1628 ,
1088 1578 1251 1632 possint
1272 1575 1509 1632 oblongus,
1538 1578 1635 1620 Itali
1655 1611 1664 1632 ‚

192 1643 295 1686 olim
326 1644 552 1700 impressi.

301 1712 400 1755 430.
438 1712 642 1764 FEcULA
673 1727 760 1754 IAM
791 1727 924 1759 QUOD
955 1727 1018 1754 DE
1050 1727 1242 1754 GENERE
1274 1727 1358 1754 Es’r
1388 1727 1665 1760 INVIAEQUE

191 1794 412 1822 ssronns
435 1813 444 1822 .
475 1783 542 1825 De
563 1782 773 1838 quadrato
796 1782 944 1825 abest.
970 1795 1067 1828 Quo
1090 1780 1141 1823 de
1160 1780 1256 1824 Itali
1276 1814 1285 1836 ‚
1308 1781 1540 1824 Lambinus
1561 1796 1668 1823 mn-

190 1863 419 1896 LAEQUE.

304 1917 403 1960 437.
435 1917 543 1959 Aur
575 1932 727 1960 IUVAT
759 1932 1006 1959 ennomus
1029 1950 1039 1960 .
1063 1917 1255 1960 Schedae
1275 1917 1497 1960 Adiuvat.
1519 1932 1667 1959 EGRE-

192 1999 341 2026 mmss
373 1985 583 2028 Antonius
615 1985 745 2029 Marii
777 1990 819 2029 et
847 1986 1052 2028 Marullus
1070 2018 1081 2029 .

303 2053 401 2096 438.
442 2055 550 2095 Aur
589 2068 651 2095 Ex
692 2068 911 2095 OFFENSU
934 2087 943 2096 .
975 2054 1110 2096 Immo
1147 2054 1323 2099 ATQUE
1346 2085 1356 2095 .
1388 2053 1515 2096 modo
1555 2053 1668 2096 enim

195 2121 364 2164 dixerat
393 2135 566 2165 sensum
595 2122 703 2164 nihil
734 2121 852 2166 aliud
883 2135 978 2164 esse
1008 2121 1092 2163 nisi
1118 2124 1302 2183 tactum,
1334 2122 1407 2175 qui
1438 2120 1514 2164 fiat
1542 2121 1669 2164 rebus

194 2190 264 2232 vel
286 2189 542 2233 intrantibus
572 2191 615 2232 in
647 2204 799 2246 corpus
830 2191 899 2234 vel
927 2203 980 2232 ex
1001 2203 1051 2232 eo
1073 2188 1391 2244 egredientibus
1410 2224 1418 2233 .
1441 2202 1552 2232 nunc
1573 2189 1669 2232 sub-

194 2257 267 2300 icit
296 2271 450 2301 sensus
490 2258 637 2302 varios
676 2271 846 2313 quoque
878 2261 919 2300 et
950 2257 1150 2300 confusos
1182 2256 1283 2299 oriri
1301 2289 1314 2308 ,
1342 2269 1436 2299 cum
1467 2257 1596 2299 atomi
1627 2257 1670 2298 in

194 2325 290 2381 ipso
312 2339 490 2382 corpore
511 2340 607 2369 sese
628 2326 906 2369 conturbent.
923 2325 1130 2368 Marullus
1147 2338 1233 2367 non
1254 2329 1368 2367 recte
1389 2325 1558 2379 scripsit
1578 2340 1670 2366 eon-

182 2394 462 2452 funduntque
477 2410 490 2436 .·
530 2394 636 2437 haec
668 2395 778 2436 enim
811 2394 919 2437 inter
950 2408 996 2437 se
1026 2407 1112 2436 non
1143 2393 1395 2447 concinunt,
1431 2393 1583 2435 Tactus
1614 2401 1672 2435 est

194 2478 341 2505 sensus
355 2495 366 2516 ,
397 2478 489 2504 cum
519 2463 680 2505 semina
709 2461 972 2519 confundunt
999 2477 1163 2504 sensum
1179 2493 1188 2502 .

308 2529 405 2572 450.
438 2531 577 2572 Ami
600 2544 835 2577 QUAEQUE
993 2543 1123 2570 vocs
1145 2542 1406 2570 FERANTUR
1422 2560 1432 2570 .
1451 2528 1671 2571 Corrector

197 2596 396 2651 quadrati
417 2602 459 2640 et
480 2598 610 2641 ceteri
630 2599 849 2646 AeraQUs
871 2615 978 2656 quae
1002 2630 1011 2639 .
1032 2612 1059 2638 v
1073 2611 1224 2638 ocmr:
1237 2610 1440 2637 RANTUR
1461 2596 1670 2638 Antonius
1690 2614 1698 2622 ·

201 2664 324 2706 Marii
356 2668 398 2706 et
427 2664 635 2708 Marullus
655 2698 664 2707 .

310 2731 406 2774 451.
438 2746 503 2773 nx
533 2747 746 2774 nsvmus
770 2763 779 2773 .
802 2733 893 2775 Hoc
913 2734 1044 2775 semel
1066 2732 1135 2774 hic
1155 2732 1199 2774 in
1230 2731 1495 2786 exemplaria
1524 2735 1671 2774 nostra

197 2799 395 2855 irrepsit:
418 2813 443 2839 Ε
465 2800 623 2843 levibus
644 2801 845 2855 scriptum
868 2804 985 2842 extat
1005 2801 1050 2842 in
1072 2813 1198 2842 versu
1222 2799 1307 2842 402
1324 2799 1407 2842 455
1422 2798 1505 2841 458
1526 2799 1610 2842 466
1631 2804 1672 2841 et

197 2867 241 2909 in
271 2881 311 2923 v,
332 2866 444 2922 4553
481 2866 631 2923 itaque
673 2868 717 2910 in
753 2868 906 2910 ceteris
936 2881 1114 2922 quorum
1146 2868 1284 2922 prima
1314 2867 1456 2909 littera
1486 2871 1551 2910 est
1581 2867 1597 2908 Z
1610 2899 1622 2921 ,
1654 2883 1674 2908 e

198 2935 328 2991 liym's
344 2967 356 2988 ‚
388 2951 408 2977 e
439 2934 582 2989 laevo,
616 2951 636 2977 e
666 2936 782 2985 luce,
814 2951 834 2976 e
866 2934 1008 2990 lapide
1038 2935 1136 2977 hoc.

289 3002 411 3046 -452,
457 3016 677 3043 Fanrno
724 3016 825 3048 QUE
867 3015 1099 3044 CORPORA
1141 3016 1352 3048 LIQUIDA
1390 3015 1672 3043 CONSTANT.

1350 3071 1372 3112 7
