2040 3328
912 241 951 283 V
1590 237 1673 280 289

194 358 413 415 complexu
448 357 626 400 eontinet
665 356 871 398 Terram.
906 355 1126 409 utriusque
1166 356 1309 397 autem
1348 354 1504 409 poetae
1542 351 1677 394 oratio

193 427 324 482 vulgo
354 426 500 482 inepte
531 423 734 467 distincta
764 423 1058 467 circumfertur
1076 454 1086 464 .

308 494 405 538 326.
441 507 500 535 m·
536 506 734 535 FUNARA
771 505 954 534 TROIAE
991 492 1099 534 Nou
1134 503 1279 532 Anus
1309 503 1391 531 ΑΜ
1413 522 1423 534 .
1455 489 1680 532 Corrector

194 563 371 618 oblongi
400 576 595 604 FUNERA
618 595 627 603 .
659 561 758 604 Itali
787 575 917 602 AL11.

308 631 406 675 331.
446 632 659 674 NATURA
689 643 939 673 munmsr.
972 628 1064 671 Hoc
1102 626 1419 670 Wakefieldum
1460 639 1554 670 cum
1591 627 1680 670 suis

194 701 303 745 tueri
334 699 430 755 quis
461 698 644 742 credat?
665 697 871 741 Marullus
902 697 1073 739 Natura
1102 710 1188 737 EST
1220 696 1395 740 mundi.

301 769 408 815 337.
438 781 523 814 Qm
550 780 729 808 Possm
751 799 760 808 .
791 764 920 821 Apud
949 764 1251 819 Lactantium,
1280 764 1351 818 qui
1383 764 1450 807 his
1483 766 1680 808 versibus

196 838 328 882 utitur
349 837 446 879 inst.
468 850 530 891 111,
551 835 615 890 16,
638 835 715 889 14,
738 835 817 890 qui
824 849 1001 890 possum
1016 849 1029 875 .·
1057 831 1134 875 sed
1154 832 1451 887 Heusingerus
1472 833 1516 875 in
1538 834 1681 877 obser-

195 905 440 951 vationibus
470 918 512 960 p.
533 903 590 947 49
620 903 664 946 in
695 901 895 946 Gothano
928 900 1074 944 codice
1101 903 1263 958 possim
1295 905 1441 944 extare
1473 906 1680 945 testatur.

311 975 408 1018 339.
441 973 539 1017 SED
568 985 771 1014 rmusss
794 1003 803 1013 .
835 970 1042 1013 Marullus
1074 984 1328 1013 remissa.

311 1042 408 1085 342.
446 1054 603 1083 AMNES
638 1053 696 1082 Ar
737 1053 950 1081 orrum.
997 1037 1210 1081 Antonius
1246 1038 1373 1081 Marii
1405 1043 1447 1081 et
1475 1038 1682 1082 Marullus

197 1125 360 1158 Arous
382 1143 392 1152 .
420 1109 520 1152 olim
544 1107 740 1164 impressi
761 1125 811 1151 ae
825 1141 837 1163 ‚
857 1107 972 1164 quod
1003 1106 1165 1163 placuit
1184 1107 1455 1150 Wakefieldo
1477 1111 1518 1151 et
1547 1108 1683 1151 simiis

199 1179 454 1224 Germanis.

312 1248 409 1291 349.
432 1246 584 1288 INTER
603 1259 693 1288 Nos
714 1259 815 1287 NISI
835 1258 968 1292 QUOD
988 1259 1172 1287 Monms
1193 1259 1539 1287 AEGRESOEMUS
1561 1260 1684 1287 IDEM

199 1318 371 1364 Arcus
411 1329 512 1356 1LL1
534 1347 544 1358 .
575 1315 694 1357 Haec
733 1314 819 1356 iam
857 1315 959 1356 olim
999 1314 1059 1357 ita
1095 1314 1299 1357 distincta
1330 1328 1426 1358 esse
1456 1314 1611 1370 video,
1640 1319 1686 1358 ut

199 1385 561 1439 coniungerentur
591 1382 724 1438 hacc,
747 1383 835 1426 Nec
855 1384 1018 1426 ratione
1040 1383 1131 1425 alia
1159 1383 1355 1426 mortales
1387 1400 1473 1426 esse
1494 1383 1686 1426 videmur

198 1455 316 1497 Inter
345 1469 420 1495 nos
437 1483 446 1493 .
469 1464 580 1507 quae
611 1465 706 1494 cum
738 1451 930 1496 absurda
951 1464 1046 1494 esse
1067 1451 1273 1494 Marullus
1306 1452 1422 1494 solus
1451 1451 1685 1495 intellexis-

199 1526 264 1566 set
294 1521 414 1578 (sunt
443 1521 557 1563 enim
586 1520 712 1563 huius
741 1519 886 1575 modi,
910 1519 1113 1562 Mortales
1144 1523 1187 1562 et
1216 1533 1295 1562 nos
1329 1533 1425 1562 esse
1454 1524 1495 1562 et
1517 1533 1591 1562 eos
1612 1520 1686 1574 qui

200 1595 378 1634 mortem
410 1588 635 1642 obierunt,
665 1601 718 1631 ex
749 1600 800 1631 eo
831 1591 1014 1643 apparet
1044 1587 1159 1642 quod
1188 1591 1445 1643 temptamur
1476 1588 1685 1644 morbis),

200 1659 371 1714 scripsit
398 1671 484 1701 non
510 1658 650 1700 minus
672 1655 1097 1710 absurdevz‘demuS,
1126 1656 1250 1710 quasi
1280 1669 1368 1698 non
1400 1670 1548 1699 omnes
1578 1670 1687 1700 mor-

199 1727 309 1771 tales
337 1739 529 1770 essemus
549 1759 557 1767 .
586 1725 742 1768 deinde
763 1723 875 1767 idem
896 1724 997 1766 Pius
1018 1723 1320 1779 interpretatur
1341 1723 1432 1767 ‘nos
1460 1726 1555 1781 ipsi'
1578 1741 1586 1767 :
1609 1724 1687 1768 sed

199 1795 309 1838 idem
340 1808 425 1838 non
457 1798 522 1838 est
550 1795 640 1851 ipsi
657 1825 666 1835 .
691 1806 794 1847 ergo
815 1791 930 1835 idem
951 1792 1055 1835 Pius
1085 1793 1236 1834 maluit
1264 1794 1420 1836 morbis
1449 1794 1582 1836 isdem
1613 1795 1688 1836 Ac-

201 1880 280 1920 que
317 1863 416 1918 illi,
448 1862 647 1917 idemque
690 1861 925 1904 Lambinus
967 1860 1135 1912 edidit;
1172 1874 1279 1915 quos
1322 1875 1396 1904 cur
1435 1862 1558 1916 sequi
1602 1875 1688 1904 non

201 1931 384 1974 audeam
407 1931 498 1973 dixi
519 1931 576 1974 ad
603 1945 659 1985 1v,
676 1931 760 1973 933
782 1962 791 1971 .
824 1942 964 1984 neque
994 1928 1064 1971 hic
1095 1929 1324 1984 quicquam
1356 1934 1420 1972 est
1450 1930 1566 1984 quod
1597 1930 1689 1973 iure

201 1999 538 2055 reprehendatur
559 2033 569 2043 .
600 1998 835 2053 mortales,
863 1997 1032 2052 inquit,
1066 2011 1119 2040 ea
1147 1998 1314 2041 ratione
1345 2011 1438 2041 esse
1470 1999 1690 2053 cognosci-

201 2081 321 2122 mur,
344 2066 459 2122 quod
481 2075 782 2121 aegrotamus,
806 2078 928 2120 cum,
952 2066 1273 2121 comparatione
1300 2067 1410 2109 inter
1436 2080 1516 2109 nos
1549 2066 1690 2122 facta,

201 2135 333 2178 iidem
364 2139 492 2190 atque
515 2134 666 2177 eadem
693 2138 848 2176 natura
869 2134 1002 2176 simus
1024 2139 1151 2190 atque
1182 2134 1245 2177 illi
1276 2135 1346 2190 qui
1379 2135 1534 2177 mortui
1565 2139 1663 2178 sunt
1681 2167 1690 2177 .

202 2204 311 2246 mira
340 2203 528 2247 brevitas
550 2207 615 2246 est
635 2202 679 2244 in
711 2202 804 2258 his,
827 2203 936 2245 inter
965 2218 1041 2245 nos
1072 2203 1182 2246 idem
1213 2212 1337 2260 atque
1368 2204 1440 2246 illi
1453 2220 1466 2258 ;
1487 2203 1568 2246 hoc
1599 2207 1690 2259 est,

201 2272 313 2315 inter
333 2285 411 2315 nos
433 2271 639 2315 simillimi
660 2284 711 2314 ac
740 2284 915 2327 prorsus
936 2270 1066 2314 iidem
1097 2284 1175 2314 nos
1206 2275 1248 2315 et
1277 2272 1341 2314 illi
1371 2272 1443 2327 qui
1474 2272 1562 2315 iam
1593 2277 1693 2315 sunt

202 2340 387 2383 mortui.

220 2460 223 2462 ,
321 2408 417 2452 359.
451 2422 570 2455 QUIA
598 2421 759 2450 NULLA
788 2421 904 2450 LOCI
935 2423 1008 2450 sm
1041 2423 1188 2450 coru
1210 2441 1220 2451 .
1253 2410 1350 2452 Non
1372 2409 1496 2452 aliter
1517 2410 1561 2451 in
1582 2409 1692 2452 libro

206 2492 282 2532 111,
310 2477 378 2519 cui
407 2477 452 2519 hi
481 2490 631 2519 versus
661 2489 888 2532 perperam
919 2476 1065 2519 inserti
1097 2482 1221 2532 sunt,
1251 2478 1335 2520 814
1357 2511 1366 2519 .
1399 2477 1475 2521 sed
1507 2477 1693 2520 scriben-

209 2545 308 2588 dum
339 2549 404 2588 est
433 2547 537 2602 quia
563 2546 684 2588 nulla
714 2546 798 2588 loci
819 2560 900 2588 F1T
922 2547 1069 2602 copia,
1092 2549 1138 2588 ut
1167 2546 1298 2601 paulo
1329 2550 1427 2588 ante
1459 2547 1696 2603 PlaUqarum

206 2613 309 2670 quia
339 2622 434 2655 sunt
455 2615 646 2670 expertia
667 2647 675 2655 .
699 2616 745 2656 ut
765 2613 832 2656 hic
854 2615 939 2657 loci
950 2614 1008 2671 fle
1028 2616 1151 2671 copia
1166 2648 1176 2668 ,
1201 2615 1263 2657 ita
1291 2613 1407 2656 infra
1430 2614 1510 2656 371
1540 2623 1696 2656 natura

207 2679 292 2722 loci
308 2680 487 2737 Deficit,
510 2681 590 2723 hoc
620 2686 685 2724 est
716 2681 817 2724 defit
839 2715 848 2724 .
868 2683 911 2724 in
944 2697 1000 2738 vl,
1019 2683 1102 2725 829
1134 2683 1368 2739 Propterea
1398 2682 1513 2738 quod
1540 2698 1696 2738 maqna

205 2747 315 2790 mali
326 2747 385 2803 fit
413 2749 535 2804 copia
564 2750 721 2791 circum
744 2782 752 2791 .
771 2750 948 2792 Ennius
979 2751 1068 2792 Nee
1097 2750 1350 2806 respzrarzdz'
1362 2751 1421 2806 fit
1451 2752 1572 2807 copia
1590 2781 1600 2791 .

321 2815 418 2859 367.
449 2829 610 2857 Fonrss
643 2830 870 2858 cOPERTA
894 2849 904 2860 .
934 2817 1141 2861 Marullus
1173 2832 1398 2860 COORTA.

320 2883 416 2927 375.
448 2898 631 2925 IMMANI
661 2898 852 2926 stsro
878 2917 887 2927 .
919 2885 986 2927 Ita
1007 2886 1216 2940 oblongus
1247 2886 1386 2941 prima
1417 2899 1546 2928 manu
1566 2901 1574 2928 :
1596 2899 1698 2941 qua-

207 2950 354 2994 dratus
375 2952 558 2995 immani
574 2962 741 2996 aevasto
766 2985 774 2994 .
804 2957 1016 2996 corrector
1038 2954 1214 3009 oblongi
1238 2969 1323 3010 Er,
1354 2960 1566 2998 corrector
1596 2968 1697 3010 qua-

206 3020 318 3063 drati
349 3036 398 3062 ac
416 3053 426 3063 .

1342 3091 1393 3134 19
