2040 3328
387 199 470 242 270
1077 201 1136 243 IV

385 310 463 352 bus
491 324 532 364 p.
546 305 629 352 '101
651 310 872 364 observat,
895 310 970 351 sed
991 310 1169 352 Lucretii
1199 311 1400 352 inmemor
1428 324 1506 353 nec
1533 313 1594 354 rei
1623 313 1827 355 rationem

384 389 527 418 veram
548 375 728 418 reddens
750 408 758 416 .
789 376 948 418 scilicet
967 377 1083 418 nulla
1102 389 1298 430 umquam
1329 377 1494 420 fuerunt
1513 379 1595 420 nisi
1617 379 1730 421 Coa:
1751 378 1827 421 sed

385 455 437 485 ea
466 446 564 484 ante
594 455 718 495 quam
747 442 790 483 in
822 441 1079 496 frequentem
1109 456 1230 484 usum
1260 444 1496 499 venissent,
1518 445 1651 487 Varro
1671 458 1748 499 per
1768 458 1827 488 er-

383 522 520 551 rorem
550 509 603 558 ab
632 509 771 550 insula
791 508 874 550 Ceo
896 509 1041 551 venire
1071 510 1267 564 opinatus
1298 514 1385 564 est,
1405 523 1527 563 quem
1548 512 1766 554 Lucretius
1786 516 1827 553 et

384 576 542 618 Plinius
578 579 733 616 temere
769 575 895 617 secuti
932 579 1027 616 sunt
1052 607 1061 616 .
1091 589 1158 617 res
1189 580 1336 630 aperta
1370 575 1470 630 fiet,
1497 577 1534 618 si
1563 577 1827 620 Varroniana

383 655 475 684 cum
496 640 745 694 Aristotele,
769 654 820 683 ex
841 655 923 695 quo
945 642 1070 683 dueta
1090 646 1184 683 sunt
1202 674 1211 696 ,
1235 643 1458 685 contuleris
1481 674 1489 683 .
1511 643 1571 684 sic
1599 643 1724 696 igitur
1744 644 1826 686 Pli-

382 709 477 750 nius
493 712 578 750 nat.
595 708 688 750 hist.
706 722 760 760 IV,
775 708 830 749 20
846 708 898 749 de
915 708 997 750 Ceo
1015 741 1024 762 ‚
1046 709 1116 750 Eoe
1137 709 1213 750 hac
1228 709 1457 764 profectam
1474 709 1748 752 delicatiorem
1756 709 1826 764 fe-

380 776 506 816 minis
520 783 665 816 vestem
681 783 822 816 auctor
837 784 894 816 est
904 776 1034 817 Varro
1047 807 1056 816 .
1073 775 1182 817 idem
1199 775 1241 816 in
1257 790 1312 828 XI,
1322 776 1375 817 26
1390 776 1538 817 Prima
1553 792 1638 828 eas,
1653 775 1826 831 bomby-

382 854 475 884 cum
486 842 604 894 telas,
620 840 834 883 redordiri
840 857 1065 897 rursusque
1078 851 1211 884 temere
1221 843 1375 883 invenit
1385 843 1429 883 in
1439 842 1515 884 Ceo
1526 842 1685 896 mulier,
1701 843 1825 885 Pam-

379 909 499 964 phila
507 907 750 962 Latoifilz'a.
768 912 811 949 at
821 908 1066 949 Aristoteles
1078 908 1120 948 in
1132 908 1306 950 historia
1319 908 1561 950 animalium
1574 909 1669 963 v,19
1680 922 1720 962 p.
1729 909 1824 962 551,

384 975 435 1016 16
456 970 614 1029 Πρώτη
635 973 684 1017 δὲ
705 973 878 1030 λέγεται
901 970 1068 1030 ὑφῆναι
1093 973 1164 1029 (τὰ
1185 970 1422 1029 βομβύκια)
1444 973 1488 1017 ἐν
1508 976 1588 1031 Κῷ
1610 972 1825 1033 Παμφίλη

380 1037 567 1083 Πλάτεω
597 1041 706 1096 (sive
736 1037 949 1095 Λατώου)
978 1038 1174 1097 θυγάτηρ
1196 1073 1205 1082 .
1236 1042 1311 1084 sed
1347 1043 1389 1084 in
1424 1042 1554 1084 altero
1589 1043 1827 1086 coniectura

380 1108 664 1150 Pellisserium
701 1108 880 1150 fefellit:
913 1122 1010 1150 nam
1045 1109 1088 1150 in
1123 1109 1316 1150 Lucretio
1352 1112 1512 1150 tantum
1542 1121 1570 1150 a
1597 1109 1826 1152 litterarum

379 1174 573 1217 ductibus
603 1174 798 1217 recedere
827 1189 911 1216 non
941 1176 1039 1217 licet
1069 1176 1111 1216 in
1147 1175 1329 1230 propriis
1359 1176 1427 1217 vel
1458 1172 1663 1230 Graecis,
1693 1180 1738 1217 ut
1766 1185 1824 1218 at-

379 1257 456 1297 que
483 1241 691 1283 alidensia
719 1246 898 1284 mutetur
928 1242 970 1284 in
1001 1259 1048 1284 ac
1069 1243 1304 1284 Melitensia
1325 1274 1333 1283 .
1360 1243 1502 1296 itaque
1532 1242 1728 1295 quoniam
1757 1257 1826 1286 ne·

380 1321 461 1362 que
491 1307 713 1349 Alidensia
741 1322 879 1362 neque
910 1309 1120 1350 Midensz'a
1151 1309 1238 1350 noti
1268 1309 1511 1361 cuiusquam
1541 1308 1685 1363 oppidi
1715 1309 1825 1351 simi-

377 1374 595 1415 litudinem
627 1374 811 1416 referunt
841 1376 956 1429 (nam
986 1377 1156 1418 Milesia
1185 1375 1339 1430 pedum
1367 1376 1437 1416 lex
1466 1375 1667 1429 respuit),
1695 1379 1824 1430 temp·

378 1445 512 1483 temus
541 1440 753 1482 lenissime
783 1451 904 1497 atque
934 1456 1221 1496 ALIDEUSIA3
1243 1454 1495 1496 quamquam
1526 1441 1741 1484 fatendum
1762 1446 1826 1484 est

378 1507 445 1548 hic
474 1508 586 1549 idem
615 1508 735 1549 nobis
766 1509 878 1561 quod
908 1510 1034 1563 paulo
1062 1513 1159 1551 ante
1184 1509 1287 1549 1127
1310 1508 1353 1549 in
1374 1509 1603 1550 thalassina
1622 1518 1727 1551 veste
1746 1522 1824 1567 usu

376 1574 545 1628 venire,
568 1578 612 1615 ut
633 1575 932 1616 vocabulorum
953 1577 1158 1629 originem
1180 1579 1220 1617 et
1245 1575 1422 1616 formam
1443 1575 1662 1617 ostendere
1691 1576 1824 1630 possi-

377 1654 493 1694 mus,
515 1641 611 1695 ipsa
638 1635 740 1683 vero
761 1642 994 1696 vocabula,
1018 1647 1059 1684 et
1079 1656 1154 1684 eae
1176 1656 1241 1684 res
1263 1642 1412 1695 quibus
1433 1642 1630 1696 imposita
1650 1642 1756 1696 sint,
1779 1643 1823 1684 in

377 1707 658 1760 cognitionem
696 1713 881 1750 nostram
922 1721 1006 1750 non
1045 1708 1198 1751 cadant
1229 1740 1237 1748 .
1274 1721 1372 1749 nam
1408 1704 1693 1763 ἁλιπόρφυρα
1733 1705 1823 1751 ἁλί-

375 1776 526 1827 βαπτα
557 1769 747 1831 ἁλουργῆ
776 1775 994 1829 novimus,
1015 1776 1114 1817 item
1145 1774 1408 1817 δευσοποιὸν
1439 1780 1479 1817 et
1510 1773 1821 1818 dsvoonou'av·

375 1836 610 1883 ἁλιδεύσια
629 1842 874 1883 tinctoribus
896 1846 936 1883 et
957 1841 1193 1883 delicatulis
1214 1855 1340 1895 quam
1360 1842 1631 1896 scriptoribus
1661 1843 1823 1886 tritiora

375 1908 506 1950 fuisse
536 1908 769 1950 mirandum
799 1922 881 1950 non
914 1913 1005 1950 est.
1028 1913 1211 1950 ceterum
1242 1910 1506 1950 thalassio-um
1535 1909 1706 1951 colorem
1735 1910 1822 1964 pal-

375 1976 490 2029 lioli,
518 1975 652 2016 forma
682 1975 876 2017 vocabuli
907 1988 933 2016 a
963 1975 1169 2029 Graecis,
1198 1980 1399 2028 quantum
1428 1975 1512 2017 scio
1537 2007 1546 2029 ‚
1574 1988 1657 2016 non
1687 1976 1823 2029 magis

374 2045 601 2096 usurpata,
624 2041 909 2094 ferrugineum
939 2042 1044 2083 dixit
1074 2043 1246 2084 Plautus
1277 2042 1321 2082 in
1351 2042 1481 2084 Milite
1500 2056 1554 2095 1v,
1572 2036 1611 2095 4,
1628 2042 1709 2084 43.

493 2109 613 2151 1131.
659 2109 840 2150 ΕΧΙΜΙΑ
880 2123 1029 2149 VESTE
1073 2123 1128 2148 ET
1171 2122 1311 2148 VICTU
1357 2122 1590 2149 convlva
1615 2141 1625 2163 ‚
1655 2123 1820 2163 LU1D1,

375 2176 573 2216 Focum,
604 2190 1129 2230 cREnRA‚1JNGUENTA,
1162 2189 1381 2216 coRoNAE
1403 2208 1413 2231 ,
1436 2190 1585 2217 SERTA
1606 2208 1616 2230 ,
1641 2190 1820 2218 PARAN-

375 2257 467 2283 run
488 2274 497 2284 .
528 2242 745 2284 Corrector
780 2243 951 2295 oblongi
987 2245 1174 2284 convivia
1193 2275 1203 2295 ,
1236 2242 1331 2283 ludi
1351 2274 1361 2295 ,
1393 2243 1532 2296 itaque
1570 2246 1611 2284 et
1647 2243 1744 2284 Itali
1781 2247 1823 2286 et

373 2309 471 2350 libri
502 2310 694 2363 impressi
712 2341 721 2364 ‚
744 2310 927 2351 absurde
947 2311 989 2350 in
1010 2314 1216 2364 apparatu
1237 2310 1417 2351 convivii
1439 2341 1447 2349 .
1473 2309 1738 2351 scribendum
1759 2315 1822 2352 est

373 2389 553 2416 chnm
575 2407 586 2418 .
616 2376 694 2418 hoc
723 2377 765 2418 in
795 2391 834 2430 v,
856 2377 937 2419 295
967 2377 1166 2431 scriptum
1196 2379 1259 2417 est
1289 2376 1459 2431 Zyelz‘m'.

488 2443 607 2485 1137.
637 2457 684 2482 IN
714 2457 931 2488 AMBIQUO
955 2476 963 2484 .
991 2445 1080 2496 Ita,
1101 2444 1182 2484 nisi
1205 2443 1354 2495 fallor,
1375 2443 1511 2497 prima
1530 2455 1656 2484 manu
1676 2441 1820 2484 oblon—

373 2523 477 2565 gus,
499 2523 526 2552 a
555 2513 787 2552 correctore
816 2511 860 2550 in
890 2523 1105 2550 AMBIGUO
1125 2525 1133 2550 :
1155 2509 1386 2562 quadratus
1416 2510 1461 2550 in
1482 2510 1644 2550 *ambico
1662 2541 1671 2550 .

489 2577 608 2618 1141.
638 2590 763 2617 MALE
794 2590 918 2616 HAEC
941 2608 950 2617 .
982 2576 1182 2618 Marullus
1211 2589 1339 2616 MALA
1370 2576 1494 2617 haee.

489 2643 609 2686 1145.
641 2657 928 2688 CAVEREQUE
964 2658 1020 2683 NE
1056 2656 1355 2683 1NL1GN1ARIS
1384 2674 1393 2682 .
1425 2642 1664 2692 Quadratus
1692 2659 1820 2699 neque

373 2723 450 2765 pro
480 2727 529 2752 ne
551 2743 560 2752 .
592 2710 795 2752 Marullus
824 2726 874 2752 oze
903 2723 1164 2750 ILLICIARIS
1183 2742 1192 2763 ,
1214 2709 1431 2752 verissime
1449 2739 1458 2749 .

488 2778 606 2820 1151.
664 2778 732 2818 ΕΤ
788 2791 1008 2818 PRAETER
1063 2790 1236 2816 Miri-As
1293 2790 1431 2816 Arum
1483 2789 1620 2816 VITIA
1669 2789 1819 2816 OMNIA

372 2858 590 2898 PRIMUM,
627 2843 696 2885 Ur
732 2858 829 2889 QUE
875 2857 1115 2884 conpoms
1162 2857 1279 2883 SUNT
1322 2857 1431 2883 mus
1475 2856 1606 2887 QUAM
1647 2846 1818 2881 'f’PE'ns

374 2924 432 2950 Ac
464 2925 538 2950 V1s
561 2943 570 2951 .
603 2911 651 2952 In
679 2912 861 2966 primum
891 2910 1094 2965 adverbio
1119 2943 1127 2964 ‚
1155 2923 1237 2963 quo
1268 2910 1426 2964 primus
1457 2907 1633 2951 cavendi
1662 2906 1819 2959 gradus
