2040 3328
422 248 504 288 282
1128 246 1162 285 V

537 358 626 400 133.
657 371 816 403 NEQUE
851 369 993 396 ARv1s
1028 369 1083 394 Er
1121 367 1363 394 SANGUINE
1399 367 1605 395 LONGIUS
1635 369 1746 396 ESSE
1773 390 1783 399 .
1813 357 1863 398 In

420 440 479 479 111,
498 425 578 466 789
598 440 726 479 neque
747 440 773 464 a
793 435 964 462 NERVIS
986 453 995 461 .
1023 421 1080 462 ibi
1111 420 1356 462 adnotatum
1386 424 1450 462 est
1477 420 1740 464 scribendum
1770 435 1863 465 esse

421 505 663 532 LONGITER
680 521 689 531 .

536 556 626 598 134.
663 555 802 605 QUOD
841 568 883 594 s1
916 567 1094 594 Possm*
1128 566 1245 592 ENIM
1272 585 1282 593 .
1319 553 1418 594 Dixi
1453 553 1609 600 ibidem
1645 555 1727 598 790
1763 556 1862 598 mihi

420 622 683 665 scribendum
713 620 847 663 videri
879 621 1005 671 Qum
1035 621 1098 661 si.

534 689 626 731 142.
660 689 910 729 Pru-mnus
954 702 999 726 m
1045 700 1246 727 GLEBRIS
1289 700 1550 728 TERRARUM
1592 701 1686 729 AU'r
1729 702 1862 730 sous

419 771 551 796 IGNI.
583 755 679 797 Itali
709 768 878 795 GLEBIS
908 752 1038 808 (quod
1069 754 1285 796 Lucretius
1314 753 1481 795 dicebat
1505 755 1703 810 =qlaebeis)
1733 760 1774 798 et
1801 772 1863 798 so-

420 823 472 864 lis
501 837 548 862 IN
578 823 673 877 iq‘ni
685 853 694 863 .
1308 867 1310 871 y
1679 853 1684 858 .

533 888 624 930 152.
669 901 797 933 Quor>
842 902 883 927 SI
923 900 1068 927 TANGI
1111 901 1203 928 NON
1246 901 1388 928 L10Er
1436 901 1582 928 IPSUM
1609 918 1618 929 .
1663 888 1863 930 Marullus

419 969 548 1001 QUOD
579 956 698 1010 tanqi
715 986 724 995 .
755 954 960 995 Avantius
981 957 1022 996 et
1042 953 1331 996 Wakefieldus
1360 955 1403 996 si
1428 956 1550 1010 tanyi
1563 987 1575 1008 ,
1599 955 1691 997 sine
1711 967 1861 1010 sensu,

418 1023 499 1063 nisi
529 1021 733 1063 scribatur
763 1021 923 1075 ipsam.

530 1088 622 1130 154.
655 1100 839 1127 TENUES
869 1100 928 1127 DE
950 1101 1176 1129 CORPORE
1206 1101 1370 1129 EORUM
1393 1120 1402 1130 .
1429 1089 1544 1130 Haec
1562 1101 1688 1131 sensu
1708 1093 1862 1132 carent.

418 1155 645 1196 Lambinus
671 1170 749 1208 pro
780 1170 947 1208 corpore
978 1171 1114 1197 eorum
1136 1186 1144 1195 .
1176 1155 1252 1197 sed.
1272 1159 1404 1197 oratio
1435 1156 1494 1197 ita
1522 1168 1687 1209 quoque
1714 1156 1864 1198 scabra

417 1228 509 1264 est:
542 1225 652 1262 certe
683 1220 856 1262 suavius
887 1220 996 1263 foret
1025 1223 1140 1263 tenui
1156 1238 1239 1277 pro
1270 1237 1437 1277 corpore
1458 1253 1468 1263 .
1499 1222 1643 1276 itaque
1673 1223 1864 1277 suspicor

416 1289 481 1330 hic
510 1287 680 1340 gravius
711 1287 858 1328 vitium
887 1288 1095 1343 subesse,
1123 1292 1291 1342 poetam
1321 1292 1458 1330 autem
1488 1289 1706 1343 scripsisse
1727 1290 1863 1340 Quare

416 1357 535 1397 etiam
576 1353 692 1396 sedes
731 1369 890 1409 quoque
927 1356 1079 1396 ‘nostris
1113 1355 1278 1396 sedibus
1313 1370 1397 1396 esse
1427 1355 1665 1398 Dissimiles
1694 1346 1861 1409 debent,

416 1431 591 1464 tenuesr
621 1435 663 1460 sx
694 1421 869 1461 CORPU'
901 1435 1131 1464 DEORUM.

530 1488 618 1530 158.
651 1487 1009 1528 ADLAUDABHAE
1039 1502 1159 1530 opus
1195 1501 1351 1528 D1vom
1382 1519 1392 1529 .
1423 1487 1516 1529 Huc
1550 1489 1742 1530 Donatus
1779 1501 1863 1530 res-

415 1557 540 1611 picit,
565 1568 655 1596 cum
686 1554 788 1595 dicit
819 1554 874 1595 ad
905 1555 1196 1596 Phormionem
1218 1569 1245 1608 1,
1262 1555 1301 1609 4,
1318 1555 1372 1597 26
1388 1588 1398 1608 ,
1426 1555 1498 1596 ubi
1519 1559 1582 1597 cst
1601 1555 1835 1611 adviqilare
1850 1588 1861 1608 ‚

416 1623 487 1664 Ad
500 1624 581 1664 vim
596 1623 801 1663 auctivam
815 1637 924 1662 nunc
939 1622 1075 1674 kabel,
1093 1631 1137 1663 ul
1153 1621 1437 1675 adlaudabile,
1454 1621 1701 1664 admirabile
1717 1654 1726 1663 .
1753 1635 1862 1676 quae

415 1694 510 1731 sunt
539 1693 636 1730 ante
665 1688 772 1729 haec
801 1687 931 1729 verba
947 1720 956 1738 ‚
980 1700 1032 1729 ea
1060 1687 1186 1729 habet
1215 1689 1456 1730 Lactantius
1475 1682 1580 1730 inst.
1601 1702 1671 1742 vn,
1689 1689 1728 1742 3,
1750 1689 1801 1730 13
1818 1719 1827 1729 .

530 1755 620 1798 165.
653 1756 970 1796 DESIPEREST
993 1786 1002 1794 .
1032 1751 1232 1810 Decipere
1262 1764 1319 1796 est
1347 1754 1460 1809 apud.
1494 1755 1759 1796 Lactantium
1789 1754 1863 1796 ibi-

415 1823 509 1864 dem
539 1822 635 1864 libri
667 1822 764 1863 olim
795 1821 1014 1876 impressi,
1037 1826 1077 1863 et
1105 1821 1232 1875 paulo
1263 1826 1359 1876 post
1389 1838 1511 1877 affere
1540 1835 1616 1876 pro
1643 1837 1786 1878 yerere
1814 1821 1862 1862 ii-

414 1890 508 1931 dem
529 1903 621 1931 cum
651 1902 777 1930 manu
806 1889 972 1942 scriptis
1003 1901 1108 1942 quos
1138 1888 1256 1930 vidi.
1285 1888 1404 1930 huius
1431 1889 1545 1930 modi
1565 1889 1697 1930 multa
1716 1891 1862 1930 notare

414 1969 610 2011 possem,
632 1957 668 1998 si
699 1956 829 1997 ullam
861 1955 1079 1997 utilitatem
1111 1954 1340 1996 haberent.

530 2023 619 2065 175.
666 2025 734 2064 AN
762 2055 771 2077 ,
810 2035 966 2062 CREDO
996 2054 1006 2075 ,
1041 2036 1088 2061 IN
1130 2035 1366 2062 TENEBRIS
1410 2035 1523 2063 VITA
1567 2035 1624 2063 Ac
1668 2035 1863 2063 MEEonE

414 2105 459 2131 1A
472 2104 622 2130 CEBAT
643 2090 664 2131 ἶ)
695 2089 936 2140 Quadratus
973 2088 1065 2129 Ano
1101 2088 1220 2130 credo
1251 2093 1292 2130 et
1325 2090 1400 2130 hac
1434 2105 1589 2130 merore
1609 2121 1619 2130 .
1649 2089 1716 2130 hie
1745 2089 1864 2130 Lam-

414 2158 585 2211 binum,
615 2157 826 2198 hominem
855 2155 1027 2207 linguae
1056 2154 1235 2196 Latinae
1264 2155 1557 2209 peritissimum
1580 2188 1589 2208 ‚
1621 2168 1705 2197 non
1735 2155 1863 2196 offen-

414 2224 528 2266 disse
557 2224 685 2265 miror
708 2238 716 2265 :
738 2236 837 2264 nam
858 2225 928 2264 An
949 2221 1068 2262 credo
1089 2220 1170 2262 dici
1192 2235 1275 2263 non
1304 2226 1467 2276 potest,
1490 2222 1613 2264 debet
1642 2235 1735 2264 esse
1765 2223 1860 2274 A'r,

413 2291 534 2332 eredo
558 2323 565 2331 .
596 2303 730 2344 neque
752 2289 862 2331 idem
883 2287 1112 2329 Lambinus
1134 2287 1176 2328 in
1197 2287 1331 2330 Servii
1352 2288 1525 2342 Sulpicii
1548 2288 1602 2330 ad
1623 2289 1863 2331 Ciceronem

413 2358 592 2411 epistula
623 2348 795 2409 1111111111,
812 2356 851 2409 5,
869 2355 895 2396 3
925 2354 1018 2395 tulit
1046 2355 1116 2395 An
1137 2354 1254 2395 illius
1274 2356 1400 2397 vicem
1415 2388 1426 2408 ,
1449 2355 1569 2397 credo
1584 2387 1595 2408 ‚
1617 2355 1762 2396 doles?
1787 2355 1863 2396 sed

415 2425 514 2466 fecit
543 2426 600 2465 Ac
620 2456 630 2466 .
661 2424 740 2465 hoc
769 2423 906 2476 ipsum
939 2419 1091 2463 Ovidio
1122 2420 1384 2462 reddendum
1414 2425 1477 2463 est
1510 2422 1554 2462 in
1590 2425 1679 2462 arte
1706 2421 1861 2474 libror,

413 2492 496 2533 370
523 2491 583 2532 ita
600 2523 608 2543 ,
632 2491 688 2531 At
702 2523 713 2543 ,
731 2498 830 2545 puto
845 2521 856 2541 ,
878 2503 959 2528 non
983 2495 1150 2542 poteras
1171 2489 1266 2542 ipsa
1289 2489 1447 2544 referre
1467 2489 1592 2530 vicem
1613 2487 1735 2540 (haec
1755 2488 1862 2529 seili-

414 2561 478 2599 cet
507 2557 663 2599 ancilla
693 2556 803 2598 dicet
833 2554 1056 2606 dominae,
1078 2569 1169 2594 cum
1185 2555 1333 2608 pellice
1353 2555 1468 2596 laesa
1488 2554 1683 2608 dolebit),
1704 2554 1777 2595 ubi
1806 2555 1863 2595 le-

414 2625 525 2677 gitur
554 2625 604 2665 Ut
628 2633 728 2679 puto
759 2627 800 2664 et
829 2624 957 2676 vulgo
979 2624 1168 2678 poteris.
1200 2622 1275 2663 sed
1305 2620 1415 2662 idem
1436 2621 1661 2662 Lambinus
1683 2620 1788 2662 haec
1808 2619 1864 2662 ad

414 2691 604 2732 homines
626 2690 810 2732 nondum
832 2693 953 2731 natos
974 2689 1110 2730 minus
1132 2693 1242 2731 recte
1259 2701 1384 2742 quam
1406 2687 1460 2729 ad
1482 2687 1584 2729 deos
1605 2687 1752 2730 referri
1772 2700 1862 2729 sen-

415 2758 498 2810 sit,
530 2770 630 2798 usus
668 2757 793 2798 etiam
824 2756 1053 2798 Velleianis
1089 2756 1202 2810 apud
1233 2755 1475 2797 Ciceronem
1505 2754 1557 2795 de
1587 2758 1737 2796 natura
1765 2753 1861 2795 deo-

416 2836 505 2863 rum
526 2838 553 2876 1,
571 2825 621 2865 21
646 2833 768 2865 antea
788 2823 975 2864 videlicet
995 2831 1170 2878 tempore
1190 2823 1349 2877 infinito
1379 2823 1423 2863 in
1454 2821 1626 2863 tenebris
1655 2830 1862 2875 tamquam

416 2891 458 2929 in
477 2891 693 2944 ,qm-smnio
714 2890 994 2942 habitaverat,
1016 2889 1194 2942 ideoque
1222 2889 1329 2929 hunc
1355 2901 1520 2930 versum
1551 2900 1642 2929 cum
1670 2886 1861 2941 proximo

416 2960 511 2997 ante
533 2969 625 2997 eum
647 2956 718 3010 qui
749 2956 825 2997 hos
856 2956 1111 3010 sequebatur
1132 2955 1381 3009 collocavit,
1402 2954 1480 2995 hoc
1501 2957 1564 2996 est
1584 2957 1682 2995 ante
1705 2951 1861 3004 Quidve
