2040 3328
931 216 975 258 II
1638 219 1692 262 95

212 335 296 377 cita
316 331 463 385 tarda,
485 346 640 387 mayna
653 347 796 387 parva
813 347 828 386 7·
849 347 955 387 quas
976 339 1113 373 tamen
1134 331 1243 373 inter
1264 347 1402 373 omnes
1422 340 1481 373 est
1500 348 1574 374 suo
1596 349 1693 388 quoa

212 417 292 459 que
304 401 350 443 in
363 415 516 456 yenere
530 399 765 441 mediocris.
784 400 921 442 Varro
938 412 1079 441 rerum
1096 399 1350 442 rusticarum
1366 414 1392 455 1,
1411 399 1478 453 22,
1497 400 1523 442 6
1539 401 1693 443 instru-

210 477 391 512 mentum
403 476 441 510 et
454 468 749 524 supellectilem
767 468 971 509 rusticam
981 476 1137 524 oportet
1152 467 1301 510 habere
1317 469 1517 524 scriptam
1534 470 1579 510 in
1594 470 1694 511 urbe

212 546 250 581 et
273 552 375 579 rure
401 537 616 578 dominum
631 569 642 590 ,
671 537 842 578 vilicum
865 545 1009 578 contra
1030 552 1079 578 ea
1098 536 1198 578 ruri
1213 537 1354 578 omnia
1370 546 1477 579 certo
1497 553 1571 579 suo
1595 553 1693 593 quo-

211 621 292 662 que
312 604 400 647 loco
422 604 482 646 acl
499 604 644 646 villam
667 605 847 661 seposita
870 603 991 656 (libri
1017 620 1102 646 esse
1114 604 1286 660 posita)
1308 637 1317 646 .
1346 605 1562 648 Vitruvius
1584 606 1627 647 in
1649 621 1692 660 11,

211 673 251 728 9,
281 672 311 714 4
341 689 391 715 ea
412 673 521 715 enim
541 689 634 715 cum
664 689 738 715 suo
770 688 932 729 quoque
962 681 1142 728 tempore
1163 672 1221 713 ad
1240 673 1370 715 imum
1387 674 1607 731 perforata
1628 691 1694 718 ca-

148 732 154 742 *
209 750 399 784 sbrantur
417 773 425 782 .
448 741 600 783 Festus
630 755 671 796 p.
694 740 792 796 344,
824 740 876 782 21
900 740 986 783 Seae
1015 741 1158 783 Vestae
1187 741 1422 784 sacerdotes
1452 745 1694 787 constitutae

210 818 308 853 sunt
321 842 332 864 ,
354 819 400 852 ut
406 809 595 866 pop-ulus
603 825 688 866 pro
706 826 785 852 sua
802 825 969 866 quaque
981 818 1104 866 parte
1119 810 1285 852 liaberet
1301 811 1538 853 ministram
1555 829 1694 855 sacro-

209 894 305 920 rum
323 910 333 919 .
355 878 493 920 Varro
517 876 571 920 de
591 878 742 932 lingua
763 878 920 920 Latina
940 892 985 918 1x
1006 891 1047 933 p.
1064 876 1150 919 474
1170 886 1215 919 ut
1246 894 1298 920 ex
1328 878 1466 921 turdis
1498 882 1577 936 qui
1594 897 1694 937 pro·
1748 921 1752 926 .

210 955 410 989 creantur
440 945 583 1000 turdi,
615 947 676 988 sic
707 963 759 989 ea:
788 947 968 1003 reliquis
998 947 1071 988 sui
1097 945 1211 1000 (suis
1233 946 1266 988 F
1269 946 1367 1002 lor.)
1398 949 1598 1006 cuiusque
1625 966 1694 1006 ye-

210 1016 328 1058 neris
345 1047 355 1057 .
386 1028 428 1071 p.
455 1014 540 1058 533
585 1031 678 1057 cum
723 1015 947 1072 analoyiae
991 1015 1064 1057 sui
1095 1016 1297 1072 cuiusque
1335 1018 1531 1073 temporis
1571 1019 1695 1060 verba

211 1083 386 1127 debeant
421 1082 719 1126 discriminare
736 1116 744 1125 .
772 1083 992 1126 Vitruvius
1030 1096 1071 1136 1,
1105 1083 1154 1137 3,
1187 1084 1213 1125 2
1251 1093 1287 1126 et
1323 1083 1383 1126 ad
1409 1086 1598 1140 reqiones
1627 1088 1701 1128 sui

211 1153 414 1209 cuiusque
441 1153 611 1209 ,qeneris
641 1161 744 1208 apta
775 1160 812 1194 et
842 1151 1056 1194 commoda
1086 1150 1305 1208 dispositio
1322 1184 1332 1194 .
1355 1152 1519 1195 Gellius
1540 1154 1583 1195 in
1605 1168 1644 1209 X,
1668 1155 1694 1197 9

211 1237 438 1277 earumque
458 1237 601 1263 rerum
622 1221 667 1263 in
689 1222 778 1263 acie
799 1220 1050 1263 instruenda
1070 1221 1144 1262 sui
1160 1221 1361 1276 cuiusque
1382 1222 1577 1263 vocabuli
1590 1223 1693 1264 ima—

209 1289 331 1346 9ines
352 1288 626 1331 ostenduntur
644 1321 652 1330 .
676 1289 893 1332 simillimo
911 1287 1039 1331 modo
1062 1287 1171 1330 dixit
1191 1289 1237 1330 in
1257 1305 1331 1331 suo
1352 1297 1526 1346 utroque
1544 1306 1694 1346 qenere

211 1357 350 1400 Varro
380 1357 434 1399 de
463 1358 616 1412 lingua
637 1358 792 1400 Latina
823 1357 933 1400 libro
955 1371 1001 1398 1x
1030 1371 1071 1412 p.
1093 1357 1177 1400 475
1195 1389 1204 1412 ,
1237 1373 1318 1399 non
1340 1358 1486 1400 horum
1505 1359 1565 1400 ita
1585 1360 1694 1402 inter

211 1441 255 1468 se
276 1427 417 1468 omnia
436 1426 597 1468 similia
618 1427 800 1468 membra
818 1459 829 1480 ,
850 1435 896 1468 ut
924 1427 1151 1483 separatim
1174 1427 1220 1467 in
1250 1442 1324 1468 suo
1354 1421 1528 1483 utroque
1545 1444 1695 1484 qenere

211 1493 493 1537 similitudine
513 1495 607 1547 ‚sint
636 1510 685 1537 ea
715 1493 926 1551 (Florent.
959 1494 1260 1537 similitudines
1289 1493 1424 1548 intra)
1448 1497 1606 1551 paria?

325 1562 423 1605 376.
453 1575 607 1603 PAvm
637 1577 844 1610 AEQUOR
874 1577 1141 1604 HARENAM.
1165 1562 1410 1614 Quadratus
1442 1567 1483 1606 et
1512 1564 1696 1607 schedae

213 1631 445 1674 haranam.
469 1631 637 1674 Nonius
657 1646 699 1688 p.
721 1632 818 1686 503,
851 1631 903 1673 27
938 1632 1065 1673 Lavit
1086 1647 1171 1688 pro
1202 1631 1317 1674 lavat
1473 1633 1696 1675 Lucretius

213 1699 284 1742 lib.
316 1710 359 1736 ΙΙ
383 1699 546 1742 Litoris
567 1701 740 1743 incurvi
755 1700 938 1742 bibulam
962 1700 1064 1741 lavit
1084 1715 1241 1756 aequor
1262 1700 1461 1743 harenam
1478 1733 1486 1742 .
1509 1700 1589 1742 hoc
1609 1701 1695 1743 Ma-

211 1767 347 1810 rullus
380 1769 675 1824 praeoptavit,
699 1769 800 1811 item
820 1768 1024 1810 Heinsius
1056 1767 1113 1810 ad
1134 1766 1278 1811 Ovidii
1310 1768 1692 1824 metamorphosis,

212 1835 322 1878 libro
354 1850 426 1891 vn,
460 1836 569 1880 267:
594 1850 676 1891 ego
708 1841 906 1880 neutrum
935 1836 1058 1879 alteri
1089 1840 1310 1892 praestare
1340 1837 1480 1880 iudico
1499 1869 1508 1879 .

326 1904 423 1947 381.
471 1906 755 1947 szmcm:
804 1920 894 1946 Es‘r
939 1919 1088 1946 ANIMI
1130 1918 1352 1946 RATIONE
1399 1919 1693 1946 EXSOLVERE

211 1986 360 2014 uoms
379 2004 388 2013 .
410 1973 564 2015 Animi
579 1975 782 2016 rationem
802 1973 1023 2016 Lueretius
1050 1976 1136 2014 tum
1159 1973 1262 2014 dicit
1276 2005 1287 2026 ,
1319 1986 1414 2014 eum
1445 1974 1483 2015 ei
1515 1975 1695 2029 opponit

212 2056 360 2083 sensus
381 2055 408 2096 1,
430 2041 514 2084 425
534 2041 618 2084 448
639 2056 695 2095 1v,
718 2042 803 2084 384
822 2074 830 2083 .
853 2040 967 2096 quod
989 2054 1081 2083 cum
1102 2040 1183 2083 hoe
1203 2041 1296 2083 loco
1319 2054 1406 2083 non
1435 2042 1593 2097 faeiat,
1627 2055 1694 2084 ac-

214 2107 331 2151 eedit
360 2108 477 2163 quod
507 2123 559 2153 ea
589 2123 700 2164 quae
731 2122 844 2151 nunc
874 2113 1043 2151 aeturus
1075 2111 1139 2151 est
1170 2121 1264 2151 eum
1295 2110 1587 2164 superioribus
1618 2111 1694 2152 ali-

212 2190 300 2231 quo
336 2177 506 2220 vinculo
544 2177 750 2220 orationis
782 2178 1017 2231 constringi
1048 2176 1287 2219 debuerunt
1305 2210 1313 2218 .
1336 2178 1416 2219 hoe
1446 2191 1540 2220 eum
1571 2179 1694 2220 Lam-

212 2244 340 2288 binus
377 2245 684 2300 intellexisset,
725 2245 861 2288 edidit
891 2245 1108 2302 Perfacile
1146 2255 1204 2288 est
1240 2247 1325 2288 iam
1343 2279 1351 2288 .
1374 2246 1451 2288 sed
1482 2247 1623 2302 aptius
1654 2251 1695 2288 et

212 2315 449 2370 simplicius
494 2319 559 2356 est
589 2314 806 2370 Perfacile
851 2323 911 2356 est
947 2328 970 2354 T
984 2327 1067 2355 ΑΜ
1107 2316 1269 2357 ratione
1310 2316 1519 2358 escsolvere
1549 2316 1666 2358 nobis
1683 2346 1691 2355 .

212 2383 276 2426 sie
305 2384 435 2439 paulo
466 2387 566 2426 ante
594 2383 736 2439 parili
761 2383 924 2425 ratione
955 2395 1006 2425 ac
1034 2383 1172 2425 simili
1197 2384 1358 2426 ratione
1376 2416 1385 2425 .

324 2451 421 2495 382.
454 2451 628 2503 Quina
659 2465 952 2492 FULMINEUS
989 2465 1156 2493 LONGE
1186 2465 1547 2492 PENETRAmon
1577 2466 1692 2492 IGNE

213 2519 358 2571 Qum
393 2534 586 2562 ΝΟΜ-ΕΒ
621 2533 781 2560 FLUAT
817 2533 842 2560 E
879 2534 1055 2561 ”ruilus
1092 2534 1462 2561 TERRESTRIBUS
1504 2533 1663 2561 ORTUS
1682 2551 1690 2560 .

213 2585 437 2642 Oblongus
470 2587 669 2644 penetral
676 2603 691 2641 ,·
736 2587 788 2629 iis
826 2587 995 2631 omissis
1033 2602 1145 2643 quae
1181 2588 1340 2631 habent
1377 2587 1611 2643 quadratus
1653 2591 1694 2629 et

211 2654 423 2710 schedae,
445 2658 511 2698 ior
530 2657 629 2712 iqne
645 2688 654 2697 .
678 2655 775 2697 Itali
798 2660 840 2698 et
860 2655 1056 2711 impressi
1075 2658 1211 2699 Iems
1229 2691 1238 2700 .
1262 2656 1337 2699 sed
1354 2656 1483 2697 iidem
1496 2664 1691 2711 penetra-

213 2722 298 2764 lius
317 2723 387 2765 vel
404 2724 708 2779 penetrabilius
724 2739 737 2764 .·
759 2724 976 2766 Bentleius
993 2725 1123 2766 multo
1141 2725 1290 2766 melius
1308 2757 1317 2778 ,
1341 2724 1444 2777 quia
1460 2723 1574 2776 ignis
1590 2736 1692 2777 quo-

211 2790 339 2832 modo
347 2791 487 2846 fluere
507 2790 673 2833 dicatur
694 2791 887 2845 intellegi
910 2805 994 2834 non
1016 2796 1182 2847 potest,
1215 2793 1348 2842 Quam
1379 2800 1517 2833 noster
1538 2805 1664 2832 FUAT
1683 2824 1691 2832 .

213 2858 404 2901 Isidorus
421 2858 631 2912 originum
647 2873 736 2911 xm,
761 2860 786 2901 9
809 2858 910 2901 Ideo
927 2869 1062 2902 autem
1070 2860 1278 2915 fulminis
1293 2861 1428 2915 iqnem
1446 2861 1529 2902 vim
1546 2860 1693 2902 habere

211 2928 411 2970 maiorem
428 2926 487 2969 acl
490 2926 813 2982 penetrandum,
831 2928 935 2982 quia
950 2928 1240 2969 subtilioribus
1257 2928 1464 2970 elementis
1467 2928 1620 2983 factus
1635 2937 1693 2970 cst

213 3011 339 3055 quam
360 3003 514 3051 noster,
537 2994 586 3036 id
604 3003 662 3037 est
683 2995 762 3051 qui
777 2995 894 3037 nobis
915 2995 960 3036 in
981 3011 1059 3037 usu
1077 3004 1160 3038 est.
1183 2995 1296 3037 idem
1315 2995 1368 3038 de
1384 3000 1538 3038 natura
1553 3009 1692 3038 rerum
