2040 3328
437 228 517 269 206
807 220 809 222 ’
1121 228 1185 269 111

552 338 670 380 1032.
699 340 764 380 ΕΤ
787 352 1062 378 οοΝΤΕΜειΤ
1083 352 1225 383 notus
1246 341 1879 394 1NSU1TANS.Cor1·eet01-qua-

438 404 546 446 drati
579 409 619 446 et
649 406 772 447 ceteri
803 419 1101 446 1NSULTANS.

553 472 671 513 1033.
701 485 986 511 Momssuuno
1017 485 1242 513 CORPORE
1271 487 1445 514 ruem.
1473 474 1674 516 Marullus
1703 487 1879 514 numm.

552 538 670 578 1034.
703 539 1004 591 SCIPIADAS,
1036 551 1176 579 annm
1210 554 1401 580 rnnmnu
1426 572 1436 581 .
1466 539 1731 582 Correetores
1775 538 1880 580 anti-

437 604 628 657 quissimi
651 608 692 646 et
712 604 964 646 recentiores
985 605 1169 646 universi
1187 638 1196 659 ,
1219 607 1317 648 item
1336 606 1570 647 Macrobius
1586 607 1756 648 Saturn.
1771 605 1878 658 .v1,1‚

438 670 654 725 Scipiades
673 703 682 712 .
711 683 813 712 sane
843 670 950 712 hane
979 671 1080 712 recti
1113 684 1234 713 casus
1265 672 1442 713 formam
1471 671 1708 715 Priscianus
1737 673 1883 714 statuit

438 750 479 790 p.
498 737 605 791 7293
633 741 744 778 recte
774 736 1067 790 quidem:sed
1106 751 1157 779 ea
1194 739 1263 792 qui
1300 751 1399 780 usus
1435 738 1491 779 sit
1525 739 1682 780 nullum
1714 743 1881 794 poetam

437 804 563 847 novi.
587 807 627 845 et
656 804 699 844 in
719 803 924 846 vocabulo
955 804 1068 857 quod
1092 805 1270 846 Ennium
1292 805 1471 859 primum
1501 805 1712 847 invenisse
1730 805 1880 860 proba-

439 871 522 912 bile
553 874 640 924 est,
664 871 753 911 iure
783 871 928 923 quaeri
958 874 1097 924 potest
1126 884 1349 923 quamnam
1378 871 1449 912 ille
1471 871 1675 913 Graecam
1705 871 1882 913 formam

437 936 672 990 eligendam
689 937 900 990 putaverit
916 951 925 990 3
945 950 1198 990 quamquam
1215 937 1390 979 eundem
1407 937 1524 979 hiatu
1542 937 1748 992 admisso,
1766 938 1881 980 cuius

438 1016 607 1044 causam
639 1003 692 1044 ad
723 1003 872 1044 librum
903 1017 958 1057 v1,
977 1003 1057 1044 743
1079 1016 1310 1057 exponam,
1333 1005 1471 1059 Scipio
1495 1005 1642 1046 invicte
1663 1003 1882 1058 scripsisse

438 1070 583 1112 Cicero
611 1073 788 1111 testatur
823 1070 866 1110 in
898 1069 1073 1112 Oratore
1107 1070 1186 1111 152
1206 1101 1216 1110 .
1248 1070 1360 1123 quod
1397 1070 1450 1111 ab
1482 1076 1533 1112 eo
1567 1071 1610 1112 in'
1639 1069 1881 1125 prohoemio

439 1137 655 1178 annalium
690 1136 870 1190 positum
903 1135 1033 1178 fuisse
1068 1137 1283 1190 suspicor,
1306 1138 1433 1191 paulo
1470 1141 1568 1179 ante
1603 1137 1680 1179 hos
1709 1149 1881 1191 versus,

438 1203 509 1257 qui
540 1202 653 1257 apud
671 1203 927 1244 Trebellium
954 1203 1185 1244 Pollionem
1216 1203 1259 1243 in
1291 1203 1466 1245 Claudio
1498 1218 1582 1246 non
1613 1204 1716 1245 satis
1747 1215 1883 1245 emen-

438 1271 535 1312 date
572 1270 716 1324 scripti
753 1274 896 1311 extant
918 1301 928 1323 ,
957 1270 1087 1320 Quam
1126 1278 1281 1311 tantam
1318 1279 1496 1312 statuam
1533 1279 1680 1312 statuet
1701 1270 1884 1326 populus

439 1338 652 1378 Romanus
667 1368 678 1389 ,
701 1337 880 1386 Quamve
896 1336 1126 1378 columnam
1142 1369 1152 1389 ‚
1175 1353 1280 1391 quae
1298 1346 1333 1378 te
1348 1353 1414 1378 res
1426 1346 1642 1392 qescasque
1659 1337 1850 1392 loquatur
1865 1336 1884 1376 fe

438 1403 642 1444 Lucilium
674 1407 785 1444 certe
815 1403 1036 1458 Scipiadas
1074 1415 1174 1444 casu
1204 1407 1317 1444 reeto
1355 1403 1515 1445 dixisse
1543 1403 1713 1445 invenio
1743 1402 1788 1443 in
1818 1401 1884 1444 his

438 1470 630 1512 versibus
651 1502 660 1523 ,
683 1470 752 1522 qui
774 1470 888 1523 apud
904 1469 1074 1510 Festum
1094 1470 1290 1522 leguntur
1309 1483 1350 1523 p.
1367 1469 1461 1524 294,
1477 1470 1528 1510 27
1551 1473 1636 1511 tam
1652 1469 1776 1511 foede
1797 1481 1884 1510 eor-

439 1537 547 1590 rupti
578 1540 624 1577 ut
654 1536 707 1577 de
736 1535 875 1578 verbis
907 1528 1217 1590 desperandum
1239 1536 1321 1577 sit:
1343 1537 1592 1578 sententiam
1623 1539 1663 1577 et
1683 1535 1883 1577 orationis

440 1604 615 1644 formam
645 1601 747 1643 mihi
784 1607 895 1643 reete
931 1603 1092 1644 eruisse
1127 1603 1302 1644 videor.
1325 1603 1526 1660 Cornelz'u'
1557 1603 1721 1644 Publiu'
1749 1610 1884 1643 noster

439 1670 686 1724 Scipiadas,
709 1668 820 1710 dicta
849 1669 1003 1724 Apulu’
1040 1669 1138 1710 dum
1166 1685 1295 1724 usque
1330 1670 1533 1724 intorquet
1560 1670 1605 1710 in
1634 1670 1795 1724 ‘esp-sum,
1817 1667 1889 1710 Oti

439 1752 466 1776 a
486 1736 647 1777 deliciis
662 1768 672 1788 ,
694 1736 806 1776 Luci
815 1767 827 1788 ,
849 1736 962 1790 effeto
983 1744 1106 1790 acque
1126 1735 1295 1777 cinaedo
1317 1744 1353 1777 et
1367 1735 1572 1778 Seetatori
1587 1735 1688 1776 adeo
1709 1735 1796 1790 ipse
1817 1743 1884 1775 tuo

441 1819 545 1857 quae
560 1803 698 1843 rectz'u'
714 1801 830 1843 dicas
838 1834 849 1854 ,
868 1802 962 1842 Ibat
969 1801 1088 1856 forte
1104 1801 1265 1843 domum
1275 1817 1288 1842 .·
1308 1802 1517 1857 sequimur
1532 1802 1656 1843 multi
1666 1801 1883 1856 atquefre-

440 1877 630 1923 quentes.
653 1867 707 1909 de
729 1869 866 1923 Apulo
895 1868 938 1908 in
969 1867 1034 1908 his
1055 1867 1246 1909 versibus
1276 1867 1380 1909 nihil
1410 1867 1599 1908 affirmo:
1622 1867 1697 1908 sed
1726 1867 1770 1908 in
1801 1866 1883 1908 alio

440 1936 593 1976 Lucilii
626 1948 775 1987 versu,
798 1934 867 1987 qui
898 1938 961 1975 est
997 1934 1111 1988 apud
1143 1934 1401 1975 Priscianum
1430 1947 1471 1987 p,
1489 1935 1596 1987 902,
1626 1934 1705 1976 hoe
1732 1946 1883 1975 nomen

441 2002 600 2043 librarii
622 2002 785 2055 penitus
817 2001 1059 2042 oblitterare
1079 2013 1164 2041 non
1184 2004 1433 2054 potuerunt,
1455 2001 1567 2046 Num
1586 2009 1698 2042 vetus
1717 2000 1788 2042 ille
1810 1999 1884 2041 Oa·
1942 2037 1944 2039 .

441 2070 538 2110 toni'
577 2069 786 2109 lacessisse
821 2068 987 2123 Apulus
1029 2069 1138 2108 iram
1174 2067 1357 2108 Conseiu'
1401 2083 1481 2108 nou
1516 2076 1604 2108 erat
1645 2067 1734 2122 ipse
1773 2067 1886 2108 sibi?

441 2136 577 2190 Apuli
603 2138 698 2176 sunt
727 2135 824 2178 huie
852 2147 928 2187 pro
957 2134 1205 2188 importunis
1235 2146 1285 2174 ae
1314 2133 1625 2188 petulantibus,
1647 2137 1693 2174 ut
1711 2132 1884 2174 Horatio

441 2215 516 2256 pro
548 2202 734 2255 simplice
765 2201 979 2254 Sabellus,
1002 2213 1093 2241 eum
1124 2200 1222 2241 dicit
1251 2201 1387 2241 renuit
1415 2202 1647 2255 ueqz'tatque
1672 2199 1884 2242 Sabellus.

441 2282 566 2310 versu
599 2268 790 2322 proximo
826 2267 1005 2308 Lucretii
1048 2279 1103 2307 an
1138 2266 1262 2307 Ennii
1299 2266 1456 2307 Marius
1493 2266 1727 2307 Victorinus
1762 2265 1886 2306 utitur

441 2349 482 2389 p.
499 2334 634 2388 2499,
658 2335 739 2388 ita,
763 2350 811 2374 ac
840 2334 1107 2388 (Parisiensis
1136 2333 1241 2373 liber
1271 2331 1316 2386 a)
1333 2332 1483 2387 famul
1509 2332 1673 2387 infimus
1703 2340 1827 2373 esset.

556 2401 676 2442 1037.
708 2413 907 2445 QUORUM
922 2414 1042 2441 UNUS
1059 2413 1288 2440 HOMERUS
1306 2398 1531 2440 SCEPTRA
1546 2412 1719 2438 Porms
1735 2430 1743 2438 .
1761 2397 1886 2451 Apud

442 2468 624 2509 Nonium
645 2481 685 2521 p.
701 2467 795 2520 481,
814 2467 864 2508 27
887 2467 1088 2522 Eseeptra
1103 2467 1263 2521 potitur
1278 2498 1287 2507 .
1309 2479 1515 2506 ναι-11118
1537 2465 1743 2506 Antonius
1763 2463 1885 2505 Marii

443 2538 484 2576 et
513 2534 744 2575 Brixiensis
775 2533 930 2575 editio.
953 2532 1066 2586 quod
1095 2533 1224 2586 paulo
1261 2535 1356 2586 post
1386 2532 1571 2585 sequitur
1603 2531 1707 2573 1041
1738 2530 1888 2586 Sponte
1922 2538 1928 2543 ·

443 2617 519 2642 sua
550 2601 624 2642 leto
655 2600 897 2641 Lactantius
927 2599 1053 2641 habet
1083 2599 1124 2638 in
1155 2613 1202 2638 111
1232 2599 1535 2640 institutionum
1569 2598 1630 2651 18,
1649 2598 1700 2639 6.

558 2667 676 2708 1042.
708 2667 817 2707 IPSE
839 2679 1080 2707 nprcmzus
1103 2678 1234 2705 on11r
1264 2679 1482 2706 DECURSO
1503 2678 1684 2705 numus
1704 2676 1851 2703 vri-Am
1868 2693 1878 2703 .

445 2734 651 2775 Antonius
688 2733 807 2774 Marii
845 2737 886 2774 et
921 2733 1121 2774 Marullus
1157 2733 1237 2774 obit
1251 2765 1262 2785 7
1292 2731 1403 2785 quod
1439 2731 1562 2773 eeteri
1599 2731 1689 2772 sine
1725 2729 1885 2777 dubita.-

443 2801 556 2842 tione
586 2803 860 2854 aceeperunt,
883 2812 962 2853 ego
994 2800 1029 2840 si
1060 2798 1209 2840 falsum
1240 2810 1333 2839 esse
1364 2798 1536 2852 dixero,
1559 2810 1643 2839 non
1673 2795 1797 2838 facile
1826 2795 1886 2836 in-

443 2869 609 2909 veniam
646 2867 715 2919 qui
753 2866 854 2907 mihi
890 2867 1058 2908 eredat:
1085 2865 1192 2907 adeo
1229 2863 1489 2917 grammatici
1523 2863 1654 2904 nostri
1691 2874 1743 2904 ea
1778 2873 1887 2914 quae

445 2934 581 2988 quivis
616 2947 721 2987 puer
760 2934 972 2974 Romanus
1007 2932 1169 2974 sciebat
1203 2932 1457 2984 neglegunt,
1484 2943 1561 2971 nos
1599 2933 1736 2971 autem
1765 2939 1886 2969 senes
