2040 3328
439 219 492 261 94
1142 221 1186 263 II

550 332 645 373 363.
677 345 986 376 SUBITAMQUE
1016 345 1273 371 AVERTERE
1304 346 1463 373 CURAM
1494 366 1503 375 .
1531 334 1620 375 Hoc
1650 334 1886 376 Macrobius

438 399 680 451 confirmat,
704 397 991 439 Wakefieldus
1008 398 1067 439 ita
1082 402 1219 440 tuetur
1235 403 1279 439 ut
1300 398 1413 440 dicat
1433 401 1607 442 subitam
1628 417 1769 442 curam
1792 414 1885 443 esse

438 465 493 506 ‘id
525 478 679 519 curae,
713 464 825 518 quod
855 480 944 505 eam
973 465 1098 505 subiit
1114 465 1136 506 .'
1169 464 1299 507 nihilo
1331 466 1468 507 minus
1497 467 1725 510 scribemus
1756 481 1885 509 som-

439 546 639 577 'rAMQUE
671 540 851 572 avertere
881 546 1024 571 curam
1048 563 1057 572 .

548 600 642 641 368.
674 611 892 643 AGNIQUE
922 612 1131 639 PETULCI
1153 599 1423 640 BALANTUM
1448 613 1667 640 PEcUDEs
1685 632 1695 642 .
1723 601 1791 643 Sic
1816 602 1885 644 ob-

436 667 590 719 longus
623 669 663 707 et
693 665 900 718 schedae,
923 665 1023 706 item
1047 665 1279 708 Brixiensis
1302 666 1429 708 editio
1449 681 1457 708 :
1488 667 1688 709 Balatum
1707 668 1884 722 quadra-

436 738 529 786 tus,
553 733 760 774 Antonius
782 732 902 773 Marii
922 764 931 785 ‚
954 732 1216 775 Veronenses
1236 765 1243 774 .
1273 733 1350 775 hoc
1371 733 1556 775 admisso
1577 733 1647 776 fiet
1666 739 1713 776 ut
1730 739 1886 778 matres

437 800 545 842 fetus
582 813 682 841 suos
718 799 889 842 novisse
926 799 1144 840 dicantur:
1192 799 1267 840 sed
1311 799 1355 840 id
1399 804 1526 855 poeta
1560 801 1714 854 agebat
1747 802 1887 856 priore

435 880 590 909 vaccae
630 868 824 921 exemplo
843 900 852 921 ,
896 879 1031 919 neque
1073 879 1122 907 eo
1158 866 1367 920 pertinent
1401 880 1511 921 quae
1549 868 1736 910 subiecta
1765 872 1887 924 sunt,

437 935 510 976 Ad
537 951 615 975 sua
646 935 819 989 quisque
841 934 941 988 fere
979 933 1202 974 decurrunt
1231 934 1358 975 ubera
1395 935 1515 977 lactis
1535 967 1544 975 .
1576 934 1814 977 Macrobius
1844 935 1887 977 in

435 1001 600 1042 Satur-n.
631 1001 740 1052 V1,5
776 1005 816 1041 et
854 1000 1002 1041 Festus
1032 1013 1071 1054 p.
1095 1000 1194 1053 206,
1218 1000 1273 1054 7,
1320 1001 1390 1053 qui
1434 1001 1644 1055 prioribus
1688 1005 1886 1056 utuntur,

434 1068 772 1122 praetermittunt
793 1067 1021 1108 Balantum
1036 1066 1218 1121 pecudes
1234 1097 1243 1106 .
1266 1067 1503 1110 Macrobius
1534 1068 1719 1110 tremulis
1747 1068 1793 1109 iu
1821 1084 1887 1111 vo-

434 1136 551 1176 cibus
581 1139 622 1176 et
652 1134 919 1188 Ooruiferas.

546 1202 640 1242 371.
678 1201 946 1241 POSTREMO
985 1214 1224 1246 ononvns
1261 1215 1562 1242 FRUMENTUM
1598 1215 1690 1243 Nos
1728 1217 1887 1244 TAMEN

436 1268 851 1323 OMNE,QU1DQUE
874 1282 961 1308 SUO
984 1283 1200 1323 GENERE,
1223 1283 1374 1309 INTER
1395 1283 1448 1309 ΒΕ
1475 1283 1643 1310 SIMILE
1669 1284 1778 1311 ESSE
1810 1285 1887 1311 VI-

434 1350 603 1376 DEBIS.
637 1334 879 1385 Quadratus
909 1337 1191 1378 Postremum.
1221 1349 1434 1380 ononws
1464 1337 1560 1378 Itali
1591 1341 1632 1379 et
1662 1337 1885 1392 impressi.

434 1403 510 1445 sed
540 1402 646 1444 haec
675 1415 759 1443 non
789 1403 914 1445 video
946 1402 1157 1456 quomodo
1189 1403 1388 1456 coniungi
1418 1403 1608 1458 possint,
1624 1405 1888 1460 frumentum

434 1470 609 1526 quodvis
625 1485 698 1511 suo
715 1471 889 1526 quicque
906 1470 1014 1524 (sive
1032 1502 1040 1523 ,
1058 1474 1103 1511 ut
1118 1470 1235 1524 Itali,
1254 1469 1461 1526 quodque)
1473 1486 1641 1527 yeuere:
1656 1471 1760 1513 nihil
1777 1472 1888 1513 enim

435 1537 636 1578 differunt
653 1536 705 1578 ab
722 1537 774 1579 iis
790 1549 898 1591 quae
908 1536 1151 1578 Ciceronem
1161 1536 1214 1578 de
1223 1535 1374 1579 finibus
1386 1551 1424 1586 V,
1434 1537 1488 1579 46
1505 1537 1687 1580 scribere
1703 1539 1888 1593 potuisse

434 1604 653 1646 Madvicus
669 1608 781 1646 recte
797 1608 942 1657 negat,
961 1605 1158 1658 cuiusque
1164 1605 1306 1659 partis
1323 1620 1400 1645 sua
1417 1605 1614 1659 cuiusque
1629 1607 1693 1647 vis
1709 1637 1718 1647 .
1741 1606 1887 1660 itaque·

435 1685 556 1726 quem
579 1671 805 1713 admodum
828 1671 975 1713 Cicero
997 1670 1164 1724 scripsit
1189 1687 1267 1712 sua
1297 1687 1481 1728 quaeque
1506 1673 1569 1713 vis
1589 1704 1599 1725 ,
1630 1672 1698 1714 hic
1723 1685 1888 1727 quoque

434 1739 702 1794 scribendum
718 1742 819 1792 puto
837 1738 1004 1793 Quoque
1019 1738 1088 1779 vel
1113 1770 1122 1792 ,
1142 1737 1254 1791 quod
1272 1738 1382 1779 idem
1400 1742 1482 1792 est,
1508 1738 1706 1788 Qmonn
1728 1755 1801 1782 suo
1819 1756 1887 1796 ye-

434 1822 530 1848 nere
547 1837 555 1846 .
576 1806 635 1847 ita
651 1806 784 1847 Varro
801 1818 940 1847 rerum
957 1804 1206 1846 rusticarum
1227 1819 1253 1858 1,
1264 1805 1301 1858 7,
1313 1805 1338 1845 2
1354 1805 1466 1860 quod
1479 1820 1756 1862 quaecumque
1771 1807 1888 1861 (libri

435 1874 636 1929 quaeque)
657 1890 731 1915 suo
754 1888 912 1929 quoque
934 1873 1018 1914 Zoco
1039 1880 1133 1913 suut
1149 1873 1288 1927 posita
1303 1904 1313 1924 ,
1336 1888 1384 1913 ea
1403 1873 1541 1914 minus
1563 1873 1646 1915 Zoei
1661 1882 1861 1930 occupant
1875 1905 1886 1927 ‚

434 1953 518 1981 non
535 1956 814 1996 quaecumque
833 1955 906 1981 suo
927 1955 1111 1994 quaeque
1129 1970 1137 1979 .
1159 1951 1297 1992 neque
1313 1939 1384 1980 sui
1400 1940 1546 1995 cuique
1566 1955 1697 1982 mores
1717 1941 1887 1982 homini-

436 2008 509 2048 bus
531 2007 630 2048 ferri
651 2010 790 2061 potest
811 2007 854 2047 in
873 2020 998 2048 versu
1014 2006 1180 2048 senario
1199 2017 1281 2058 quo
1300 2005 1521 2049 Cornelius
1537 2007 1685 2062 Nepos
1700 2006 1828 2048 utitur
1843 2006 1888 2048 in

434 2074 570 2115 Attico
592 2074 655 2127 11,
673 2074 697 2115 6
714 2105 724 2127 ,
749 2073 822 2114 sed
844 2073 970 2115 debet
986 2085 1079 2115 esse
1094 2073 1176 2115 Sui
1188 2073 1340 2128 quique
1355 2089 1487 2115 mores
1489 2074 1660 2131 flnyunt
1663 2074 1888 2130 fortunam

433 2141 662 2182 hominibus
685 2171 692 2180 .
715 2139 826 2193 quod
863 2140 970 2181 inter
1005 2139 1233 2182 sententias
1270 2140 1314 2181 P.
1343 2139 1442 2194 Syri
1462 2141 1544 2183 268
1582 2145 1751 2183 auctore
1786 2140 1887 2182 mibi

434 2207 648 2260 incognito
683 2207 744 2248 ita
779 2207 981 2261 scriptum
1020 2206 1211 2248 exhibuit
1247 2206 1422 2248 Bothius
1439 2239 1448 2259 ‚
1485 2208 1712 2250 Fortunam
1741 2208 1888 2263 cuique

433 2290 566 2316 mores
582 2275 817 2330 confinyurzc
831 2275 902 2315 sui
911 2289 924 2315 :
944 2274 987 2314 in
1005 2273 1216 2315 Ciceronis
1231 2273 1462 2328 paradoxis
1479 2274 1532 2316 35
1549 2273 1732 2328 ‘sapiens
1747 2273 1883 2328 poeta'

435 2341 533 2384 Suis
549 2341 732 2398 fluyz‘tur
750 2342 933 2397 fortuna
953 2342 1100 2395 cuique
1121 2341 1332 2382 moribus:
1363 2341 1525 2383 Nonius
1546 2355 1585 2395 p.
1607 2341 1703 2395 526,
1727 2341 1782 2382 24
1810 2340 1892 2383 Sui

434 2410 580 2464 cuique
609 2424 740 2450 mores
755 2409 927 2464 finyunt
948 2440 957 2448 .
979 2391 1143 2448 mimia)
1165 2408 1305 2449 versui
1327 2407 1583 2460 elegantiam
1603 2407 1740 2461 magis
1760 2419 1886 2461 quam

433 2474 603 2529 ‘pingue
634 2475 832 2516 orationis
863 2474 1008 2528 genus'
1040 2474 1264 2516 convenire
1285 2474 1459 2516 Carolus
1482 2474 1768 2529 Nipperdeius
1790 2486 1885 2516 con-

434 2542 583 2584 cedere
614 2541 821 2594 debebat,
843 2543 924 2584 nisi
955 2542 1109 2595 fallor,
1132 2541 1203 2594 qui
1225 2545 1370 2582 contra
1399 2542 1650 2583 sententiam
1679 2554 1816 2583 meam
1845 2545 1888 2584 et

434 2609 536 2650 Alfr.
560 2607 836 2651 Fleckeisenii
859 2608 1147 2663 pronuntiavit
1167 2608 1406 2662 nuperrime
1434 2608 1477 2650 in
1505 2609 1650 2650 libello
1681 2621 1804 2662 quem
1833 2608 1886 2650 dc

434 2676 626 2718 Cornelio
664 2676 827 2730 Nepote
866 2675 964 2716 fecit
997 2689 1037 2729 p.
1068 2675 1119 2716 78
1139 2690 1148 2716 ε
1193 2688 1329 2728 neque
1374 2676 1484 2717 enim
1520 2675 1886 2730 reprehendissem

432 2756 600 2785 versum
631 2742 710 2784 hoc
739 2742 864 2784 modo
894 2743 1120 2796 scriptum,
1148 2742 1376 2784 Fortunam
1398 2743 1627 2785 hominibus
1646 2757 1778 2785 mores
1799 2742 1883 2784 cm·-

434 2826 512 2864 que
542 2810 643 2851 dant
670 2812 768 2852 sui.
792 2811 835 2851 in
867 2809 1046 2863 Vergilii
1077 2810 1226 2862 ecloga
1255 2824 1326 2864 v11,
1348 2809 1404 2852 54
1432 2809 1524 2851 libri
1558 2822 1702 2852 omnes
1731 2812 1772 2851 et
1802 2808 1885 2850 No-

434 2877 527 2917 nius
558 2890 597 2930 p.
614 2877 695 2918 326
713 2884 754 2921 et
769 2878 850 2920 389
877 2876 1019 2920 Strata
1046 2877 1180 2918 iacent
1200 2877 1362 2932 partim
1391 2893 1470 2919 sua
1499 2893 1683 2934 quaeque
1711 2877 1785 2918 sub
1816 2891 1880 2917 ar-

434 2945 527 2986 bore
542 2959 667 2999 poma
685 2975 693 2984 .
712 2945 857 2987 Cicero
880 2944 932 2986 de
954 2947 1120 2986 oratore
1135 2943 1241 2986 libro
1263 2958 1323 2998 111,
1341 2943 1422 2986 216
1440 2944 1558 2998 (vox)
1575 2935 1697 2986 acuta
1712 2944 1858 3000 qravie
1871 2974 1883 2997 ,
