2040 3328
440 250 521 293 338
1146 250 1182 292 V

439 360 549 403 bono
579 363 704 415 poeta
733 359 906 412 dignum
925 391 933 400 .
955 359 1117 402 Sohesz‘s
1136 367 1372 413 onomaton,
1394 360 1555 415 inquit,
1576 360 1792 403 multitudo
1817 376 1885 404 no·

439 428 594 469 minum
631 426 938 468 coniunctorum
976 424 1154 480 quodam
1188 425 1342 467 ambitu
1377 426 1567 482 copulata
1581 459 1592 480 ‚
1620 435 1664 468 ut
1697 426 1857 470 Nubila
1870 459 1881 480 ,

438 493 516 535 m‘oe
530 524 541 546 ,
559 491 722 547 ‚qv-ando
737 523 748 544 ‚
763 491 976 547 procellae
990 523 1001 544 ‚
1009 490 1203 546 fulmina
1216 522 1228 544 ‚
1249 491 1383 532 venti.

553 558 671 600 1198.
703 558 803 600 Nnc
839 571 1009 598 Pinus
1049 571 1171 598 unns
1205 570 1490 598 vanarumsr
1508 588 1517 598 .
1547 557 1672 613 Apud
1707 559 1882 602 Laetan-

437 625 538 667 tium
569 624 696 665 instit.
728 623 828 678 11‚3‚
849 625 895 665 11
928 624 1017 666 ulla
1049 637 1132 664 EST
1162 624 1337 666 velatum
1355 655 1365 665 .
1387 622 1498 666 idem
1528 636 1624 666 mox
1653 625 1813 668 Vertere
1841 642 1884 668 se

437 690 496 732 ad
515 690 696 746 lapidem
726 699 847 747 atque
877 706 1013 732 omnes
1033 690 1122 732 sive
1152 690 1332 732 homines
1358 689 1548 732 accedere
1577 689 1636 732 ad
1653 706 1751 733 arae
1764 723 1778 746 ,
1797 697 1883 735 tum

438 757 493 798 Ec
519 758 784 812 procumbere
801 789 811 799 .

552 823 671 866 1203.
703 824 798 866 Sm)
829 837 960 865 MAGE
990 836 1211 863 PLACATA
1365 836 1551 863 meurs.
1572 821 1774 866 Marullus
1803 838 1883 865 ΡΑ-

437 905 558 931 CATA
577 924 586 933 .
608 890 686 932 hoe
707 890 936 932 Lambinus
955 922 964 943 ‚
986 889 1108 931 homo
1138 889 1310 944 linguae
1332 889 1510 932 Latinae
1529 888 1688 944 peritus
1703 921 1715 945 ‚
1735 891 1884 945 proba-

436 958 522 1010 vit,
545 957 703 1011 sprevit
732 969 824 999 eum
854 955 1120 998 Wakefieldo
1161 969 1236 998 suo
1267 957 1338 999 ille
1368 955 1678 1012 venerabundae
1705 957 1883 1012 antiqui-

436 1025 532 1066 tatis
567 1023 645 1077 (ita
674 1021 775 1063 dicit
803 1035 843 1076 p.
863 1022 965 1076 cvn)
1002 1027 1145 1064 auctor
1181 1028 1222 1066 et
1250 1023 1406 1066 vindex
1435 1020 1727 1064 Eiehstadius.
1747 1035 1884 1077 neque

436 1090 564 1131 iidem
595 1089 637 1130 in
658 1088 822 1130 Horatii
839 1089 1115 1143 >epistularum
1147 1090 1280 1144 primo
1302 1089 1340 1143 2,
1357 1088 1411 1131 45
1442 1087 1580 1131 ferunt
1604 1088 1783 1131 incultae
1808 1105 1884 1145 pa-

435 1164 584 1197 cantur
618 1170 775 1197 vomere
808 1155 938 1197 silvae
953 1171 968 1209 ;
987 1156 1098 1210 quod
1135 1157 1204 1211 qui
1243 1155 1523 1198 defenderunt
1557 1154 1666 1196 male
1702 1154 1883 1209 explica·

435 1226 530 1263 runt
548 1236 557 1262 ε
574 1229 782 1277 pacantur
811 1222 922 1263 enim
953 1223 1106 1276 silvae,
1129 1236 1220 1265 eum
1253 1223 1395 1276 ferae,
1415 1225 1461 1262 ut
1489 1225 1629 1263 aratro
1659 1221 1776 1264 loeus
1804 1221 1882 1275 sit,

436 1289 502 1330 vel
525 1288 723 1341 fugantur
745 1287 810 1329 vel
831 1288 1119 1344 trueidantur3
1141 1303 1262 1344 quem
1284 1286 1510 1331 admodum
1530 1287 1726 1330 Manilius
1756 1288 1883 1343 serip-

434 1356 487 1397 sit
517 1355 558 1396 in
588 1369 643 1408 xv,
665 1354 743 1396 182
773 1355 828 1396 Et
848 1371 1007 1410 pacare
1035 1365 1142 1398 metu
1170 1356 1301 1398 silvas
1318 1387 1329 1408 ,
1349 1354 1464 1410 quod
1493 1354 1670 1396 Huetius
1702 1357 1742 1396 et
1762 1354 1883 1407 Bent-

433 1422 539 1464 leius
570 1426 680 1464 reete
716 1421 976 1475 interpretati
1016 1427 1137 1477 sunt,
1158 1423 1340 1477 itemque
1370 1421 1529 1463 Statius
1568 1421 1612 1462 in
1641 1419 1883 1463 Thebaidos

433 1502 488 1542 ιν,
507 1488 590 1530 250
621 1487 673 1530 de
694 1487 898 1529 Atalanta
926 1497 1009 1530 tum
1030 1489 1160 1531 saltus
1174 1489 1296 1545 forte
1325 1496 1495 1530 remotos
1516 1487 1700 1529 Pacabat
1727 1502 1855 1529 cornu
1872 1519 1881 1530 .

433 1555 508 1596 sed
546 1555 588 1596 in
628 1553 775 1596 eodem
806 1554 965 1596 Manilii
1001 1554 1108 1597 libro
1143 1568 1228 1597 uon
1265 1555 1387 1610 capio
1424 1554 1496 1596 illa
1527 1553 1604 1596 141
1623 1584 1634 1607 ,
1656 1553 1883 1609 Pacatique

434 1622 550 1663 labor
578 1621 709 1663 veniet
723 1637 738 1674 ,·
756 1620 829 1662 ubi
851 1620 963 1663 haud
994 1622 1081 1663 seio
1103 1635 1157 1664 an
1185 1634 1277 1664 eum
1298 1622 1514 1676 Scaligero
1543 1618 1808 1663 scribendum
1829 1621 1883 1662 sit

432 1688 691 1743 simplicibus
720 1688 872 1730 colonis
902 1688 1153 1744 Pacatis-que
1168 1720 1178 1731 .

549 1754 667 1797 1208.
698 1768 877 1794 namen
920 1768 1050 1795 mru-
1072 1787 1082 1797 .
1114 1755 1208 1797 Itali
1249 1759 1290 1797 et
1334 1753 1529 1809 impressi
1569 1766 1776 1795 surenas
1799 1786 1808 1795 .
1838 1754 1882 1795 in

432 1819 631 1875 proximis
666 1821 763 1863 libri
800 1824 964 1863 veteres
1000 1821 1143 1876 Neque
1165 1821 1286 1877 forte
1318 1821 1451 1875 1209,
1475 1820 1713 1876 Ecquenam
1747 1820 1880 1875 1212,

432 1903 553 1943 ecque
582 1888 636 1930 sit
669 1888 775 1930 1213
793 1920 803 1930 .

546 1953 666 1998 1213.
699 1968 794 2000 Quo
844 1968 904 1995 An
953 1968 1137 1996 monum
1186 1968 1341 1996 uuum
1390 1953 1456 1995 Er
1509 1965 1678 1994 ‘morri
1724 1965 1882 1994 morus

431 2035 558 2062 nnuc
589 2035 788 2062 possmr
823 2035 976 2062 esent:
1011 2035 1266 2062 minonem.
1289 2019 1528 2072 Quadratus
1558 2035 1666 2076 quoa
1693 2021 1882 2062 moenia.-

430 2087 541 2130 idem
571 2089 666 2130 hinc
681 2121 691 2141 ,
714 2087 789 2131 sed
820 2089 988 2143 (nequis
1009 2089 1301 2143 Havercampo
1323 2086 1523 2141 confidat)
1552 2098 1692 2129 errore
1712 2085 1766 2129 ab
1786 2086 1879 2141 ipso

429 2155 602 2196 librario
633 2155 776 2208 agnito
799 2159 840 2197 et
869 2171 892 2197 v
913 2168 1039 2210 super
1059 2156 1216 2210 scripta
1237 2157 1422 2197 correcto
1440 2184 1450 2195 .
1474 2152 1679 2196 Avantius
1701 2152 1757 2195 Ec
1777 2154 1885 2195 tanti

427 2230 586 2263 motus:
606 2221 682 2263 sed
711 2222 871 2263 ‘moenia
906 2221 1056 2264 mundi
1086 2230 1122 2263 et
1156 2230 1287 2263 ‘motus
1317 2219 1501 2263 absurde
1545 2219 1877 2273 coniunguntur.

428 2289 526 2330 item
548 2287 729 2330 absurde
745 2286 1033 2330 Wakefieldus
1051 2288 1228 2330 laborem
1247 2295 1379 2329 motus
1395 2295 1431 2328 ec
1447 2287 1589 2340 taciti,
1610 2283 1694 2340 ‘qui
1709 2298 1877 2341 nempe,

426 2353 522 2396 lieet
550 2367 634 2396 non
657 2354 781 2396 eadat
810 2354 853 2395 in
875 2354 1212 2396 observationem
1241 2366 1467 2407 sensuum,
1488 2364 1661 2395 neeesse
1691 2355 1879 2394 conterat

427 2424 552 2474 atque
588 2421 816 2463 labefactet
848 2424 988 2462 tamen
1007 2419 1029 2460 .’
1054 2420 1269 2462 Bentleius
1307 2419 1458 2461 eximie
1494 2423 1535 2461 et
1572 2431 1672 2462 vere
1707 2417 1878 2460 Soum-

426 2501 526 2528 cx‘rx
555 2496 685 2530 motus
701 2519 712 2539 ‚
734 2490 779 2528 ut
808 2486 850 2528 in
880 2501 907 2541 1,
925 2486 1007 2528 343
1037 2490 1078 2528 et
1107 2486 1150 2528 in
1179 2500 1235 2541 vx,
1255 2486 1362 2528 1038
1380 2516 1390 2527 .

541 2553 660 2596 1220.
691 2553 757 2594 Fu
769 2567 902 2593 nsum
923 2566 1180 2593 Hominum
1211 2566 1305 2593 CUM
1332 2565 1486 2592 PLAGA
1506 2582 1516 2592 .
1539 2550 1731 2598 Fulmiue
1748 2548 1876 2594 Anto·

424 2620 518 2662 nius
554 2619 676 2662 Marii
713 2623 754 2662 et
788 2619 1043 2662 Veronensis
1079 2619 1206 2662 editio
1224 2651 1234 2674 ,
1263 2619 1454 2661 Fulmine
1490 2634 1580 2660 eum
1617 2618 1873 2661 Brixiensis:

424 2687 627 2729 Marullus
657 2686 900 2728 Futmms
918 2718 927 2728 .
1724 2741 1727 2745 λ

538 2754 660 2796 1221.
689 2766 922 2794 munuum-2
979 2764 1173 2794 clinum
1204 2783 1214 2793 .
1259 2752 1479 2796 Cori-ector
1533 2751 1706 2807 oblongi
1754 2765 1875 2792 mun-

426 2832 586 2862 MURA.

538 2886 657 2929 1224.
689 2887 930 2940 Νερυοι),
953 2900 1012 2927 013
1041 2899 1294 2928 Anmsstm
1329 2898 1487 2927 ronna
1517 2898 1767 2926 mcruuvn:
1796 2897 1873 2925 su-

421 2967 578 2994 PERVE
601 2984 612 3008 7
639 2954 913 2994 POENARUM
954 2967 1110 2994 GRAVE
1157 2967 1227 2994 SIT
1273 2967 1518 2994 SOLVENDI
1563 2964 1753 2992 TEMPUS
1788 2963 1873 2991 Al>-
