<?xml version="1.0" encoding="UTF-8"?>
<!DOCTYPE html PUBLIC "-//W3C//DTD XHTML 1.0 Transitional//EN"
    "http://www.w3.org/TR/xhtml1/DTD/xhtml1-transitional.dtd">
<html xmlns="http://www.w3.org/1999/xhtml" xml:lang="en" lang="en">
 <head>
  <title>
</title>
<meta http-equiv="Content-Type" content="text/html;charset=utf-8" />
  <meta name='ocr-system' content='tesseract 3.04.00' />
  <meta name='ocr-capabilities' content='ocr_page ocr_carea ocr_par ocr_line ocrx_word'/>
</head>
<body>
  <div class='ocr_page' id='page_1' title='image "./intlucretiicarid00lachuoft_0264.png"; bbox 0 0 2040 3328; ppageno 0'>
   <div class='ocr_carea' id='block_1_1' title="bbox 472 217 1220 260">
    <p class='ocr_par' dir='ltr' id='par_1_1' title="bbox 472 217 1220 260">
     <span class='ocr_line' id='line_1_1' title="bbox 472 217 1220 260; baseline 0.003 -2"><span class='ocrx_word' id='word_1_1' title='bbox 472 217 554 258; x_wconf 85' lang='lat'><strong>260</strong></span> <span class='ocrx_word' id='word_1_2' title='bbox 1162 219 1220 260; x_wconf 95' lang='lat' dir='ltr'><strong>IV</strong></span> 
     </span>
    </p>
   </div>
   <div class='ocr_carea' id='block_1_2' title="bbox 459 327 1913 2982">
    <p class='ocr_par' dir='ltr' id='par_1_2' title="bbox 468 327 1910 451">
     <span class='ocr_line' id='line_1_2' title="bbox 468 327 1910 383; baseline 0.003 -15"><span class='ocrx_word' id='word_1_3' title='bbox 468 341 524 382; x_wconf 82' lang='lat' dir='ltr'><strong>VI,</strong></span> <span class='ocrx_word' id='word_1_4' title='bbox 537 327 641 369; x_wconf 91' lang='lat'>1111</span> <span class='ocrx_word' id='word_1_5' title='bbox 657 328 856 379; x_wconf 73' lang='lat' dir='ltr'><em>Quattuor</em></span> <span class='ocrx_word' id='word_1_6' title='bbox 871 343 897 369; x_wconf 92' lang='lat' dir='ltr'><strong>a</strong></span> <span class='ocrx_word' id='word_1_7' title='bbox 911 328 1040 369; x_wconf 74' lang='lat' dir='ltr'><strong>ventis</strong></span> <span class='ocrx_word' id='word_1_8' title='bbox 1056 336 1092 370; x_wconf 75' lang='lat' dir='ltr'><strong>et</strong></span> <span class='ocrx_word' id='word_1_9' title='bbox 1105 328 1410 383; x_wconf 76' lang='lat' dir='ltr'><strong>caelipartibus</strong></span> <span class='ocrx_word' id='word_1_10' title='bbox 1426 344 1530 383; x_wconf 65' lang='grc'><strong>68365</strong></span> <span class='ocrx_word' id='word_1_11' title='bbox 1545 333 1691 382; x_wconf 83' lang='lat' dir='ltr'><strong>quarto</strong></span> <span class='ocrx_word' id='word_1_12' title='bbox 1709 342 1760 372; x_wconf 87' lang='lat' dir='ltr'><strong>ex</strong></span> <span class='ocrx_word' id='word_1_13' title='bbox 1776 342 1910 372; x_wconf 86' lang='lat' dir='ltr'><strong>emen-</strong></span> 
     </span>
     <span class='ocr_line' id='line_1_3' title="bbox 469 393 1909 451; baseline 0.001 -14"><span class='ocrx_word' id='word_1_14' title='bbox 469 395 642 437; x_wconf 80' lang='lat' dir='ltr'>datione</span> <span class='ocrx_word' id='word_1_15' title='bbox 671 398 815 435; x_wconf 88' lang='lat' dir='ltr'><strong>nostra</strong></span> <span class='ocrx_word' id='word_1_16' title='bbox 844 394 888 434; x_wconf 92' lang='lat' dir='ltr'><strong>in</strong></span> <span class='ocrx_word' id='word_1_17' title='bbox 918 407 956 446; x_wconf 74' lang='lat' dir='ltr'><strong>V,</strong></span> <span class='ocrx_word' id='word_1_18' title='bbox 980 393 1062 435; x_wconf 81' lang='lat'><strong>485</strong></span> <span class='ocrx_word' id='word_1_19' title='bbox 1093 402 1273 436; x_wconf 71' lang='lat' dir='ltr'><strong>emcrema</strong></span> <span class='ocrx_word' id='word_1_20' title='bbox 1301 410 1327 435; x_wconf 90' lang='lat' dir='ltr'><strong>a</strong></span> <span class='ocrx_word' id='word_1_21' title='bbox 1358 395 1505 437; x_wconf 77' lang='lat' dir='ltr'><strong>limini&#39;</strong></span> <span class='ocrx_word' id='word_1_22' title='bbox 1531 404 1651 450; x_wconf 76' lang='lat' dir='ltr'><strong>parte</strong></span> <span class='ocrx_word' id='word_1_23' title='bbox 1671 397 1880 451; x_wconf 72' lang='lat' dir='ltr'><strong>propulsa</strong></span> <span class='ocrx_word' id='word_1_24' title='bbox 1900 428 1909 437; x_wconf 98' lang='lat'><strong>.</strong></span> 
     </span>
    </p>

    <p class='ocr_par' dir='ltr' id='par_1_3' title="bbox 466 461 1912 782">
     <span class='ocr_line' id='line_1_4' title="bbox 580 461 1910 504; baseline 0 -1"><span class='ocrx_word' id='word_1_25' title='bbox 580 462 673 503; x_wconf 89' lang='lat'><strong>836.</strong></span> <span class='ocrx_word' id='word_1_26' title='bbox 720 461 825 502; x_wconf 66' lang='lat' dir='ltr'>ch</span> <span class='ocrx_word' id='word_1_27' title='bbox 869 473 984 501; x_wconf 81' lang='lat' dir='ltr'><strong>FUIT</strong></span> <span class='ocrx_word' id='word_1_28' title='bbox 1028 473 1154 500; x_wconf 79' lang='lat' dir='ltr'><strong>ANTE</strong></span> <span class='ocrx_word' id='word_1_29' title='bbox 1199 474 1379 502; x_wconf 71' lang='lat' dir='ltr'><strong>vmmu:</strong></span> <span class='ocrx_word' id='word_1_30' title='bbox 1425 475 1684 503; x_wconf 81' lang='lat' dir='ltr'><strong>ocuLORUM</strong></span> <span class='ocrx_word' id='word_1_31' title='bbox 1726 476 1910 504; x_wconf 82' lang='lat' dir='ltr'><strong>LUMINA</strong></span> 
     </span>
     <span class='ocr_line' id='line_1_5' title="bbox 468 525 1912 582; baseline 0.002 -14"><span class='ocrx_word' id='word_1_32' title='bbox 468 541 594 568; x_wconf 84' lang='lat' dir='ltr'>NATA</span> <span class='ocrx_word' id='word_1_33' title='bbox 615 559 624 568; x_wconf 92' lang='lat'><strong>.</strong></span> <span class='ocrx_word' id='word_1_34' title='bbox 657 527 873 569; x_wconf 78' lang='lat' dir='ltr'><strong>Coi-rector</strong></span> <span class='ocrx_word' id='word_1_35' title='bbox 902 525 1097 579; x_wconf 86' lang='lat' dir='ltr'><strong>quadrati</strong></span> <span class='ocrx_word' id='word_1_36' title='bbox 1127 526 1242 568; x_wconf 88' lang='lat' dir='ltr'><strong>solus</strong></span> <span class='ocrx_word' id='word_1_37' title='bbox 1265 559 1274 580; x_wconf 90' lang='lat'>,</span> <span class='ocrx_word' id='word_1_38' title='bbox 1297 526 1371 568; x_wconf 89' lang='lat' dir='ltr'><strong>sed</strong></span> <span class='ocrx_word' id='word_1_39' title='bbox 1401 528 1556 581; x_wconf 88' lang='lat' dir='ltr'><strong>optime</strong></span> <span class='ocrx_word' id='word_1_40' title='bbox 1577 560 1586 582; x_wconf 86' lang='lat'>‚</span> <span class='ocrx_word' id='word_1_41' title='bbox 1607 542 1771 570; x_wconf 78' lang='lat' dir='ltr'><strong>NATUM</strong></span> <span class='ocrx_word' id='word_1_42' title='bbox 1792 561 1802 570; x_wconf 95' lang='lat'><strong>.</strong></span> <span class='ocrx_word' id='word_1_43' title='bbox 1833 529 1912 571; x_wconf 83' lang='lat' dir='ltr'><strong>hoe</strong></span> 
     </span>
     <span class='ocr_line' id='line_1_6' title="bbox 467 593 1911 647; baseline 0 -11"><span class='ocrx_word' id='word_1_44' title='bbox 467 598 509 636; x_wconf 88' lang='lat' dir='ltr'><strong>et</strong></span> <span class='ocrx_word' id='word_1_45' title='bbox 538 594 709 636; x_wconf 81' lang='lat' dir='ltr'><strong>suavius</strong></span> <span class='ocrx_word' id='word_1_46' title='bbox 740 596 803 634; x_wconf 88' lang='lat' dir='ltr'><strong>est</strong></span> <span class='ocrx_word' id='word_1_47' title='bbox 832 596 873 635; x_wconf 90' lang='lat' dir='ltr'><strong>et</strong></span> <span class='ocrx_word' id='word_1_48' title='bbox 902 593 1131 647; x_wconf 78' lang='lat' dir='ltr'><strong>simplicius</strong></span> <span class='ocrx_word' id='word_1_49' title='bbox 1161 596 1200 635; x_wconf 89' lang='lat' dir='ltr'><strong>et</strong></span> <span class='ocrx_word' id='word_1_50' title='bbox 1228 593 1313 634; x_wconf 89' lang='lat' dir='ltr'><strong>illis</strong></span> <span class='ocrx_word' id='word_1_51' title='bbox 1343 606 1450 646; x_wconf 89' lang='lat' dir='ltr'><strong>quae</strong></span> <span class='ocrx_word' id='word_1_52' title='bbox 1480 598 1672 636; x_wconf 78' lang='lat' dir='ltr'><strong>secuntur</strong></span> <span class='ocrx_word' id='word_1_53' title='bbox 1693 595 1775 638; x_wconf 83' lang='lat'><strong>850</strong></span> <span class='ocrx_word' id='word_1_54' title='bbox 1802 595 1911 638; x_wconf 85' lang='lat' dir='ltr'><strong>simi-</strong></span> 
     </span>
     <span class='ocr_line' id='line_1_7' title="bbox 467 659 1911 715; baseline 0.002 -14"><span class='ocrx_word' id='word_1_55' title='bbox 467 660 548 702; x_wconf 87' lang='lat' dir='ltr'><strong>lius</strong></span> <span class='ocrx_word' id='word_1_56' title='bbox 571 692 580 714; x_wconf 91' lang='lat'>,</span> <span class='ocrx_word' id='word_1_57' title='bbox 603 661 658 702; x_wconf 73' lang='lat' dir='ltr'><strong>Et</strong></span> <span class='ocrx_word' id='word_1_58' title='bbox 686 659 831 702; x_wconf 81' lang='lat' dir='ltr'><strong>sedare</strong></span> <span class='ocrx_word' id='word_1_59' title='bbox 861 661 970 702; x_wconf 75' lang='lat' dir='ltr'><strong>sitim</strong></span> <span class='ocrx_word' id='word_1_60' title='bbox 996 661 1119 715; x_wconf 78' lang='lat' dir='ltr'><strong>prius</strong></span> <span class='ocrx_word' id='word_1_61' title='bbox 1150 668 1207 701; x_wconf 81' lang='lat' dir='ltr'><strong>est</strong></span> <span class='ocrx_word' id='word_1_62' title='bbox 1235 676 1358 714; x_wconf 80' lang='lat' dir='ltr'><strong>quam</strong></span> <span class='ocrx_word' id='word_1_63' title='bbox 1385 660 1534 714; x_wconf 79' lang='lat' dir='ltr'><strong>pocula</strong></span> <span class='ocrx_word' id='word_1_64' title='bbox 1562 669 1702 703; x_wconf 73' lang='lat' dir='ltr'><strong>natum</strong></span> <span class='ocrx_word' id='word_1_65' title='bbox 1721 693 1732 703; x_wconf 93' lang='lat'><strong>.</strong></span> <span class='ocrx_word' id='word_1_66' title='bbox 1762 662 1911 704; x_wconf 79' lang='lat' dir='ltr'><strong>Marul-</strong></span> 
     </span>
     <span class='ocr_line' id='line_1_8' title="bbox 466 726 1414 782; baseline -0.001 -14"><span class='ocrx_word' id='word_1_67' title='bbox 466 727 532 768; x_wconf 81' lang='lat' dir='ltr'><strong>lus</strong></span> <span class='ocrx_word' id='word_1_68' title='bbox 563 739 646 768; x_wconf 88' lang='lat' dir='ltr'><strong>non</strong></span> <span class='ocrx_word' id='word_1_69' title='bbox 675 726 783 768; x_wconf 85' lang='lat' dir='ltr'><strong>bene</strong></span> <span class='ocrx_word' id='word_1_70' title='bbox 813 727 925 768; x_wconf 79' lang='lat' dir='ltr'><em>oculi</em></span> <span class='ocrx_word' id='word_1_71' title='bbox 950 743 1073 782; x_wconf 79' lang='lat' dir='ltr'><strong>quam</strong></span> <span class='ocrx_word' id='word_1_72' title='bbox 1104 727 1261 767; x_wconf 75' lang='lat' dir='ltr'><strong>lumina</strong></span> <span class='ocrx_word' id='word_1_73' title='bbox 1290 735 1414 768; x_wconf 74' lang='lat' dir='ltr'><strong>nata.</strong></span> 
     </span>
    </p>

    <p class='ocr_par' dir='ltr' id='par_1_4' title="bbox 465 793 1912 1115">
     <span class='ocr_line' id='line_1_9' title="bbox 579 793 1912 849; baseline 0.001 -15"><span class='ocrx_word' id='word_1_74' title='bbox 579 793 672 835; x_wconf 88' lang='lat'><strong>843.</strong></span> <span class='ocrx_word' id='word_1_75' title='bbox 704 806 953 833; x_wconf 61' lang='lat' dir='ltr'><strong>consuunt:</strong></span> <span class='ocrx_word' id='word_1_76' title='bbox 982 806 1115 833; x_wconf 81' lang='lat' dir='ltr'>MANU</span> <span class='ocrx_word' id='word_1_77' title='bbox 1143 806 1419 849; x_wconf 71' lang='lat' dir='ltr'><strong>CERTAMmA</strong></span> <span class='ocrx_word' id='word_1_78' title='bbox 1447 806 1636 833; x_wconf 74' lang='lat' dir='ltr'>PUGNAE</span> <span class='ocrx_word' id='word_1_79' title='bbox 1658 825 1668 834; x_wconf 91' lang='lat'><strong>.</strong></span> <span class='ocrx_word' id='word_1_80' title='bbox 1696 793 1912 836; x_wconf 84' lang='lat' dir='ltr'><strong>Correetor</strong></span> 
     </span>
     <span class='ocr_line' id='line_1_10' title="bbox 468 859 1911 915; baseline 0.001 -14"><span class='ocrx_word' id='word_1_81' title='bbox 468 860 639 913; x_wconf 84' lang='lat' dir='ltr'>oblongi</span> <span class='ocrx_word' id='word_1_82' title='bbox 676 873 926 900; x_wconf 63' lang='lat' dir='ltr'><strong>commum</strong></span> <span class='ocrx_word' id='word_1_83' title='bbox 954 890 964 900; x_wconf 92' lang='lat'><strong>.</strong></span> <span class='ocrx_word' id='word_1_84' title='bbox 998 859 1205 912; x_wconf 82' lang='lat' dir='ltr'><strong>Vergilius</strong></span> <span class='ocrx_word' id='word_1_85' title='bbox 1248 859 1436 901; x_wconf 86' lang='lat' dir='ltr'><strong>similiter</strong></span> <span class='ocrx_word' id='word_1_86' title='bbox 1473 859 1568 902; x_wconf 79' lang='lat' dir='ltr'><strong>Sive</strong></span> <span class='ocrx_word' id='word_1_87' title='bbox 1605 859 1719 901; x_wconf 70' lang='lat' dir='ltr'><strong>Getis</strong></span> <span class='ocrx_word' id='word_1_88' title='bbox 1754 860 1911 915; x_wconf 76' lang='lat' dir='ltr'><strong>inferre</strong></span> 
     </span>
     <span class='ocr_line' id='line_1_11' title="bbox 465 925 1910 979; baseline 0.001 -11"><span class='ocrx_word' id='word_1_89' title='bbox 465 943 593 968; x_wconf 78' lang='lat' dir='ltr'><strong>manu</strong></span> <span class='ocrx_word' id='word_1_90' title='bbox 613 927 867 968; x_wconf 75' lang='lat' dir='ltr'><em>lacrimabile</em></span> <span class='ocrx_word' id='word_1_91' title='bbox 887 927 1034 968; x_wconf 81' lang='lat' dir='ltr'><strong>bellum</strong></span> <span class='ocrx_word' id='word_1_92' title='bbox 1049 958 1060 979; x_wconf 89' lang='lat'><em>‚</em></span> <span class='ocrx_word' id='word_1_93' title='bbox 1086 926 1281 979; x_wconf 83' lang='lat' dir='ltr'><strong>idemque</strong></span> <span class='ocrx_word' id='word_1_94' title='bbox 1308 925 1411 967; x_wconf 82' lang='lat' dir='ltr'><strong>duri</strong></span> <span class='ocrx_word' id='word_1_95' title='bbox 1431 927 1656 967; x_wconf 74' lang='lat' dir='ltr'><strong>certamina</strong></span> <span class='ocrx_word' id='word_1_96' title='bbox 1685 927 1785 968; x_wconf 85' lang='lat' dir='ltr'><em>belli</em></span> <span class='ocrx_word' id='word_1_97' title='bbox 1810 927 1910 969; x_wconf 76' lang='lat' dir='ltr'><em>Gon-</em></span> 
     </span>
     <span class='ocr_line' id='line_1_12' title="bbox 466 992 1912 1047; baseline 0 -13"><span class='ocrx_word' id='word_1_98' title='bbox 466 993 644 1034; x_wconf 73' lang='lat' dir='ltr'><strong>tuleram</strong></span> <span class='ocrx_word' id='word_1_99' title='bbox 672 1025 680 1034; x_wconf 96' lang='lat'><strong>.</strong></span> <span class='ocrx_word' id='word_1_100' title='bbox 719 1006 817 1034; x_wconf 86' lang='lat' dir='ltr'><strong>mox</strong></span> <span class='ocrx_word' id='word_1_101' title='bbox 856 993 1062 1045; x_wconf 85' lang='lat' dir='ltr'><strong>oblongus</strong></span> <span class='ocrx_word' id='word_1_102' title='bbox 1089 992 1291 1047; x_wconf 79' lang='lat' dir='ltr'><strong>foedereq</strong></span> <span class='ocrx_word' id='word_1_103' title='bbox 1320 1008 1332 1034; x_wconf 89' lang='lat'><strong>.·</strong></span> <span class='ocrx_word' id='word_1_104' title='bbox 1367 992 1503 1047; x_wconf 85' lang='lat' dir='ltr'><strong>prima</strong></span> <span class='ocrx_word' id='word_1_105' title='bbox 1539 1005 1666 1034; x_wconf 90' lang='lat' dir='ltr'><strong>manu</strong></span> <span class='ocrx_word' id='word_1_106' title='bbox 1694 1024 1704 1046; x_wconf 89' lang='lat'>,</span> <span class='ocrx_word' id='word_1_107' title='bbox 1731 992 1912 1047; x_wconf 83' lang='lat' dir='ltr'><strong>foedare</strong></span> 
     </span>
     <span class='ocr_line' id='line_1_13' title="bbox 467 1057 1282 1115; baseline 0.002 -15"><span class='ocrx_word' id='word_1_108' title='bbox 467 1059 621 1101; x_wconf 90' lang='lat' dir='ltr'><strong>omisso</strong></span> <span class='ocrx_word' id='word_1_109' title='bbox 653 1075 730 1115; x_wconf 79' lang='lat' dir='ltr'><strong>que</strong></span> <span class='ocrx_word' id='word_1_110' title='bbox 759 1057 988 1112; x_wconf 80' lang='lat' dir='ltr'><strong>quadratus</strong></span> <span class='ocrx_word' id='word_1_111' title='bbox 1005 1090 1014 1100; x_wconf 92' lang='lat'><strong>.</strong></span> <span class='ocrx_word' id='word_1_112' title='bbox 1280 1100 1282 1102; x_wconf 87' lang='lat'><strong>.</strong></span> 
     </span>
    </p>

    <p class='ocr_par' dir='ltr' id='par_1_5' title="bbox 579 1124 1864 1180">
     <span class='ocr_line' id='line_1_14' title="bbox 579 1124 1864 1180; baseline 0 -13"><span class='ocrx_word' id='word_1_113' title='bbox 579 1125 674 1168; x_wconf 83' lang='lat'><strong>847.</strong></span> <span class='ocrx_word' id='word_1_114' title='bbox 706 1137 951 1166; x_wconf 74' lang='lat' dir='ltr'>osschUM</span> <span class='ocrx_word' id='word_1_115' title='bbox 978 1138 1169 1165; x_wconf 78' lang='lat' dir='ltr'>PARMAT</span> <span class='ocrx_word' id='word_1_116' title='bbox 1192 1156 1202 1167; x_wconf 91' lang='lat'><strong>.</strong></span> <span class='ocrx_word' id='word_1_117' title='bbox 1234 1124 1332 1166; x_wconf 83' lang='lat' dir='ltr'>Itali</span> <span class='ocrx_word' id='word_1_118' title='bbox 1364 1129 1403 1166; x_wconf 92' lang='lat' dir='ltr'><strong>et</strong></span> <span class='ocrx_word' id='word_1_119' title='bbox 1432 1125 1627 1180; x_wconf 80' lang='lat' dir='ltr'>impressi</span> <span class='ocrx_word' id='word_1_120' title='bbox 1655 1139 1864 1167; x_wconf 80' lang='lat' dir='ltr'><strong>PARMAI.</strong></span> 
     </span>
    </p>

    <p class='ocr_par' dir='ltr' id='par_1_6' title="bbox 577 1191 1411 1234">
     <span class='ocr_line' id='line_1_15' title="bbox 577 1191 1411 1234; baseline -0.004 0"><span class='ocrx_word' id='word_1_121' title='bbox 577 1192 671 1234; x_wconf 81' lang='lat'><strong>856.</strong></span> <span class='ocrx_word' id='word_1_122' title='bbox 701 1205 856 1233; x_wconf 74' lang='lat' dir='ltr'>1³0an</span> <span class='ocrx_word' id='word_1_123' title='bbox 886 1205 969 1231; x_wconf 72' lang='lat' dir='ltr'><strong>Esr</strong></span> <span class='ocrx_word' id='word_1_124' title='bbox 993 1223 1003 1234; x_wconf 93' lang='lat'><strong>.</strong></span> <span class='ocrx_word' id='word_1_125' title='bbox 1034 1191 1167 1233; x_wconf 90' lang='lat' dir='ltr'><strong>Iidem</strong></span> <span class='ocrx_word' id='word_1_126' title='bbox 1196 1205 1411 1232; x_wconf 69' lang='lat' dir='ltr'><strong>Pnocm..</strong></span> 
     </span>
    </p>

    <p class='ocr_par' dir='ltr' id='par_1_7' title="bbox 462 1259 1913 2244">
     <span class='ocr_line' id='line_1_16' title="bbox 577 1259 1912 1313; baseline -0.001 -12"><span class='ocrx_word' id='word_1_127' title='bbox 577 1260 672 1302; x_wconf 84' lang='lat'><strong>861.</strong></span> <span class='ocrx_word' id='word_1_128' title='bbox 715 1273 799 1299; x_wconf 79' lang='lat' dir='ltr'><strong>sm)</strong></span> <span class='ocrx_word' id='word_1_129' title='bbox 840 1272 1055 1299; x_wconf 77' lang='lat' dir='ltr'>PLURIMA</span> <span class='ocrx_word' id='word_1_130' title='bbox 1093 1273 1281 1299; x_wconf 80' lang='lat' dir='ltr'>DEBENT</span> <span class='ocrx_word' id='word_1_131' title='bbox 1321 1259 1390 1300; x_wconf 84' lang='lat' dir='ltr'><strong>Ex</strong></span> <span class='ocrx_word' id='word_1_132' title='bbox 1429 1273 1727 1300; x_wconf 77' lang='lat' dir='ltr'>ANIMALIBUS</span> <span class='ocrx_word' id='word_1_133' title='bbox 1755 1291 1764 1313; x_wconf 87' lang='lat'>‚</span> <span class='ocrx_word' id='word_1_134' title='bbox 1796 1272 1912 1305; x_wconf 67' lang='lat' dir='ltr'><strong>Qum</strong></span> 
     </span>
     <span class='ocr_line' id='line_1_17' title="bbox 467 1325 1910 1379; baseline -0.001 -11"><span class='ocrx_word' id='word_1_135' title='bbox 467 1341 584 1368; x_wconf 82' lang='lat' dir='ltr'>SUNT</span> <span class='ocrx_word' id='word_1_136' title='bbox 614 1339 856 1366; x_wconf 67' lang='grc' dir='ltr'>ΕΧΕΒΟΙΤΑ</span> <span class='ocrx_word' id='word_1_137' title='bbox 876 1338 1033 1379; x_wconf 75' lang='lat' dir='ltr'><strong>Moru,</strong></span> <span class='ocrx_word' id='word_1_138' title='bbox 1055 1325 1328 1371; x_wconf 81' lang='lat' dir='ltr'><strong>MULTAQUE</strong></span> <span class='ocrx_word' id='word_1_139' title='bbox 1354 1339 1443 1366; x_wconf 81' lang='lat' dir='ltr'><strong>PER</strong></span> <span class='ocrx_word' id='word_1_140' title='bbox 1469 1340 1692 1368; x_wconf 72' lang='lat' dir='ltr'><strong>sunossmu</strong></span> <span class='ocrx_word' id='word_1_141' title='bbox 1712 1340 1770 1366; x_wconf 71' lang='lat' dir='ltr'><strong>Ex</strong></span> <span class='ocrx_word' id='word_1_142' title='bbox 1790 1340 1910 1367; x_wconf 73' lang='lat' dir='ltr'><strong>Amo</strong></span> 
     </span>
     <span class='ocr_line' id='line_1_18' title="bbox 464 1393 1912 1447; baseline -0.001 -12"><span class='ocrx_word' id='word_1_143' title='bbox 464 1407 641 1435; x_wconf 72' lang='lat' dir='ltr'><strong>PREssA</strong></span> <span class='ocrx_word' id='word_1_144' title='bbox 677 1406 932 1433; x_wconf 74' lang='lat' dir='ltr'>FERUNTUR</span> <span class='ocrx_word' id='word_1_145' title='bbox 958 1425 967 1447; x_wconf 84' lang='lat'>,</span> <span class='ocrx_word' id='word_1_146' title='bbox 998 1393 1173 1434; x_wconf 80' lang='lat' dir='ltr'>MULTA</span> <span class='ocrx_word' id='word_1_147' title='bbox 1211 1407 1301 1433; x_wconf 80' lang='lat' dir='ltr'><strong>PER</strong></span> <span class='ocrx_word' id='word_1_148' title='bbox 1338 1406 1390 1433; x_wconf 88' lang='lat' dir='ltr'><strong>os</strong></span> <span class='ocrx_word' id='word_1_149' title='bbox 1426 1406 1786 1447; x_wconf 76' lang='lat' dir='ltr'>EXHALANTUR,</span> <span class='ocrx_word' id='word_1_150' title='bbox 1818 1407 1912 1441; x_wconf 64' lang='lat' dir='ltr'><strong>cum</strong></span> 
     </span>
     <span class='ocr_line' id='line_1_19' title="bbox 463 1459 1911 1515; baseline 0 -14"><span class='ocrx_word' id='word_1_151' title='bbox 463 1475 712 1502; x_wconf 83' lang='lat' dir='ltr'>LANGUIDA</span> <span class='ocrx_word' id='word_1_152' title='bbox 741 1474 996 1500; x_wconf 78' lang='lat' dir='ltr'>ANHELANT</span> <span class='ocrx_word' id='word_1_153' title='bbox 1019 1491 1028 1500; x_wconf 88' lang='lat'><strong>.</strong></span> <span class='ocrx_word' id='word_1_154' title='bbox 1051 1459 1340 1502; x_wconf 86' lang='lat' dir='ltr'><strong>Wakefieldus</strong></span> <span class='ocrx_word' id='word_1_155' title='bbox 1361 1460 1527 1514; x_wconf 81' lang='lat' dir='ltr'><strong>scripsit</strong></span> <span class='ocrx_word' id='word_1_156' title='bbox 1547 1461 1645 1502; x_wconf 74' lang='lat' dir='ltr'><strong>haec</strong></span> <span class='ocrx_word' id='word_1_157' title='bbox 1665 1461 1766 1515; x_wconf 79' lang='lat' dir='ltr'><strong>quia</strong></span> <span class='ocrx_word' id='word_1_158' title='bbox 1793 1469 1911 1514; x_wconf 74' lang='lat' dir='ltr'><strong>sunt,</strong></span> 
     </span>
     <span class='ocr_line' id='line_1_20' title="bbox 464 1526 1912 1582; baseline -0.002 -12"><span class='ocrx_word' id='word_1_159' title='bbox 464 1541 550 1570; x_wconf 86' lang='lat' dir='ltr'><strong>non</strong></span> <span class='ocrx_word' id='word_1_160' title='bbox 579 1528 681 1570; x_wconf 84' lang='lat' dir='ltr'><strong>satis</strong></span> <span class='ocrx_word' id='word_1_161' title='bbox 713 1527 918 1568; x_wconf 79' lang='lat' dir='ltr'><strong>concinna</strong></span> <span class='ocrx_word' id='word_1_162' title='bbox 948 1526 1137 1568; x_wconf 82' lang='lat' dir='ltr'><strong>oratione</strong></span> <span class='ocrx_word' id='word_1_163' title='bbox 1159 1559 1168 1579; x_wconf 88' lang='lat'>‚</span> <span class='ocrx_word' id='word_1_164' title='bbox 1189 1527 1319 1568; x_wconf 75' lang='lat' dir='ltr'><strong>multa</strong></span> <span class='ocrx_word' id='word_1_165' title='bbox 1344 1542 1517 1582; x_wconf 76' lang='lat' dir='ltr'><strong>corpora</strong></span> <span class='ocrx_word' id='word_1_166' title='bbox 1543 1526 1715 1582; x_wconf 64' lang='lat' dir='ltr'><strong><em>fffluum</em></strong></span> <span class='ocrx_word' id='word_1_167' title='bbox 1744 1542 1796 1568; x_wconf 77' lang='lat' dir='ltr'><strong>ex</strong></span> <span class='ocrx_word' id='word_1_168' title='bbox 1823 1527 1912 1568; x_wconf 77' lang='lat' dir='ltr'><strong>aui-</strong></span> 
     </span>
     <span class='ocr_line' id='line_1_21' title="bbox 463 1592 1911 1649; baseline -0.003 -12"><span class='ocrx_word' id='word_1_169' title='bbox 463 1595 640 1637; x_wconf 80' lang='lat' dir='ltr'><em>malibus</em></span> <span class='ocrx_word' id='word_1_170' title='bbox 660 1627 671 1648; x_wconf 83' lang='grc'>,</span> <span class='ocrx_word' id='word_1_171' title='bbox 695 1595 796 1649; x_wconf 82' lang='lat' dir='ltr'><strong>quia</strong></span> <span class='ocrx_word' id='word_1_172' title='bbox 825 1594 922 1635; x_wconf 77' lang='lat' dir='ltr'><strong>haec</strong></span> <span class='ocrx_word' id='word_1_173' title='bbox 950 1602 1059 1634; x_wconf 72' lang='lat' dir='ltr'><strong>motu</strong></span> <span class='ocrx_word' id='word_1_174' title='bbox 1081 1595 1260 1636; x_wconf 70' lang='lat' dir='ltr'><strong>exercita</strong></span> <span class='ocrx_word' id='word_1_175' title='bbox 1279 1601 1374 1635; x_wconf 74' lang='lat' dir='ltr'><strong>sunt</strong></span> <span class='ocrx_word' id='word_1_176' title='bbox 1394 1602 1430 1635; x_wconf 75' lang='lat' dir='ltr'><strong>et</strong></span> <span class='ocrx_word' id='word_1_177' title='bbox 1449 1592 1578 1634; x_wconf 74' lang='lat' dir='ltr'><strong>multa</strong></span> <span class='ocrx_word' id='word_1_178' title='bbox 1598 1592 1769 1647; x_wconf 65' lang='lat' dir='ltr'><strong>effluunt</strong></span> <span class='ocrx_word' id='word_1_179' title='bbox 1788 1623 1797 1633; x_wconf 92' lang='lat'><strong>.</strong></span> <span class='ocrx_word' id='word_1_180' title='bbox 1825 1605 1911 1634; x_wconf 85' lang='lat' dir='ltr'><strong>ree-</strong></span> 
     </span>
     <span class='ocr_line' id='line_1_22' title="bbox 463 1659 1911 1714; baseline -0.002 -11"><span class='ocrx_word' id='word_1_181' title='bbox 463 1662 545 1703; x_wconf 88' lang='lat' dir='ltr'><strong>tius</strong></span> <span class='ocrx_word' id='word_1_182' title='bbox 562 1660 794 1702; x_wconf 83' lang='lat' dir='ltr'><strong>Brixiensis</strong></span> <span class='ocrx_word' id='word_1_183' title='bbox 807 1659 940 1701; x_wconf 85' lang='lat' dir='ltr'><strong>editor</strong></span> <span class='ocrx_word' id='word_1_184' title='bbox 954 1668 990 1701; x_wconf 73' lang='lat' dir='ltr'><strong>ec</strong></span> <span class='ocrx_word' id='word_1_185' title='bbox 1005 1661 1125 1714; x_wconf 79' lang='lat' dir='ltr'><strong>quia:</strong></span> <span class='ocrx_word' id='word_1_186' title='bbox 1141 1660 1216 1702; x_wconf 89' lang='lat' dir='ltr'><strong>sed</strong></span> <span class='ocrx_word' id='word_1_187' title='bbox 1233 1660 1462 1701; x_wconf 78' lang='lat' dir='ltr'><strong>rectissime</strong></span> <span class='ocrx_word' id='word_1_188' title='bbox 1477 1659 1679 1700; x_wconf 80' lang='lat' dir='ltr'><strong>faciemus</strong></span> <span class='ocrx_word' id='word_1_189' title='bbox 1695 1675 1800 1714; x_wconf 80' lang='lat' dir='ltr'><strong>quae</strong></span> <span class='ocrx_word' id='word_1_190' title='bbox 1812 1659 1911 1714; x_wconf 78' lang='lat' dir='ltr'><strong>quia</strong></span> 
     </span>
     <span class='ocr_line' id='line_1_23' title="bbox 465 1725 1913 1780; baseline -0.001 -11"><span class='ocrx_word' id='word_1_191' title='bbox 465 1732 506 1770; x_wconf 86' lang='lat' dir='ltr'><strong>et</strong></span> <span class='ocrx_word' id='word_1_192' title='bbox 526 1727 716 1769; x_wconf 89' lang='lat' dir='ltr'><strong>ordinem</strong></span> <span class='ocrx_word' id='word_1_193' title='bbox 736 1739 932 1769; x_wconf 89' lang='lat' dir='ltr'><strong>versuum</strong></span> <span class='ocrx_word' id='word_1_194' title='bbox 953 1726 1231 1780; x_wconf 85' lang='lat' dir='ltr'><strong>mutabimus,</strong></span> <span class='ocrx_word' id='word_1_195' title='bbox 1253 1726 1331 1767; x_wconf 84' lang='lat' dir='ltr'><strong>hoe</strong></span> <span class='ocrx_word' id='word_1_196' title='bbox 1351 1725 1476 1767; x_wconf 90' lang='lat' dir='ltr'><strong>modo</strong></span> <span class='ocrx_word' id='word_1_197' title='bbox 1499 1757 1509 1767; x_wconf 93' lang='lat'><strong>.</strong></span> <span class='ocrx_word' id='word_1_198' title='bbox 1532 1739 1659 1770; x_wconf 77' lang='lat' dir='ltr'><strong>QUAE</strong></span> <span class='ocrx_word' id='word_1_199' title='bbox 1689 1726 1790 1780; x_wconf 80' lang='lat' dir='ltr'><strong>quia</strong></span> <span class='ocrx_word' id='word_1_200' title='bbox 1818 1734 1913 1767; x_wconf 73' lang='lat' dir='ltr'><strong>sunt</strong></span> 
     </span>
     <span class='ocr_line' id='line_1_24' title="bbox 465 1791 1912 1848; baseline -0.003 -11"><span class='ocrx_word' id='word_1_201' title='bbox 465 1795 645 1837; x_wconf 71' lang='lat' dir='ltr'><strong>ewercita</strong></span> <span class='ocrx_word' id='word_1_202' title='bbox 678 1802 787 1836; x_wconf 73' lang='lat' dir='ltr'><strong>motu</strong></span> <span class='ocrx_word' id='word_1_203' title='bbox 811 1825 822 1846; x_wconf 87' lang='lat'><em>‚</em></span> <span class='ocrx_word' id='word_1_204' title='bbox 859 1792 1034 1833; x_wconf 76' lang='lat' dir='ltr'>MULTA</span> <span class='ocrx_word' id='word_1_205' title='bbox 1066 1809 1146 1848; x_wconf 74' lang='lat' dir='ltr'><strong>per</strong></span> <span class='ocrx_word' id='word_1_206' title='bbox 1183 1808 1226 1835; x_wconf 82' lang='lat' dir='ltr'><strong>os</strong></span> <span class='ocrx_word' id='word_1_207' title='bbox 1262 1793 1510 1834; x_wconf 68' lang='lat' dir='ltr'><strong>eoehalancur</strong></span> <span class='ocrx_word' id='word_1_208' title='bbox 1535 1824 1547 1845; x_wconf 86' lang='lat'><em>‚</em></span> <span class='ocrx_word' id='word_1_209' title='bbox 1583 1807 1674 1833; x_wconf 82' lang='lat' dir='ltr'><strong>cum</strong></span> <span class='ocrx_word' id='word_1_210' title='bbox 1711 1791 1912 1847; x_wconf 74' lang='lat' dir='ltr'><strong>lanquida</strong></span> 
     </span>
     <span class='ocr_line' id='line_1_25' title="bbox 465 1857 1910 1914; baseline -0.003 -11"><span class='ocrx_word' id='word_1_211' title='bbox 465 1862 685 1914; x_wconf 73' lang='lat' dir='ltr'><strong>anhelant,</strong></span> <span class='ocrx_word' id='word_1_212' title='bbox 707 1860 980 1905; x_wconf 74' lang='lat' dir='ltr'><strong>MULTAQUE</strong></span> <span class='ocrx_word' id='word_1_213' title='bbox 1007 1875 1084 1914; x_wconf 80' lang='lat' dir='ltr'><strong>per</strong></span> <span class='ocrx_word' id='word_1_214' title='bbox 1113 1859 1302 1901; x_wconf 80' lang='lat' dir='ltr'><strong>sudorem</strong></span> <span class='ocrx_word' id='word_1_215' title='bbox 1332 1875 1383 1900; x_wconf 75' lang='lat' dir='ltr'><strong>ex</strong></span> <span class='ocrx_word' id='word_1_216' title='bbox 1410 1859 1491 1900; x_wconf 75' lang='lat' dir='ltr'><strong>alto</strong></span> <span class='ocrx_word' id='word_1_217' title='bbox 1516 1873 1664 1913; x_wconf 75' lang='lat' dir='ltr'><strong>pressa</strong></span> <span class='ocrx_word' id='word_1_218' title='bbox 1679 1857 1884 1912; x_wconf 74' lang='lat' dir='ltr'><strong>feruntur</strong></span> <span class='ocrx_word' id='word_1_219' title='bbox 1901 1889 1910 1899; x_wconf 92' lang='lat'><strong>.</strong></span> 
     </span>
     <span class='ocr_line' id='line_1_26' title="bbox 464 1924 1911 1980; baseline -0.003 -10"><span class='ocrx_word' id='word_1_220' title='bbox 464 1931 647 1970; x_wconf 80' lang='lat' dir='ltr'><strong>ceterum</strong></span> <span class='ocrx_word' id='word_1_221' title='bbox 682 1927 1027 1980; x_wconf 84' lang='lat' dir='ltr'><strong>Havereampus,</strong></span> <span class='ocrx_word' id='word_1_222' title='bbox 1059 1930 1103 1967; x_wconf 91' lang='lat' dir='ltr'><strong>ut</strong></span> <span class='ocrx_word' id='word_1_223' title='bbox 1133 1926 1240 1967; x_wconf 88' lang='lat' dir='ltr'><strong>solet</strong></span> <span class='ocrx_word' id='word_1_224' title='bbox 1271 1938 1322 1967; x_wconf 86' lang='lat' dir='ltr'><strong>ea</strong></span> <span class='ocrx_word' id='word_1_225' title='bbox 1356 1937 1464 1978; x_wconf 87' lang='lat' dir='ltr'><strong>quae</strong></span> <span class='ocrx_word' id='word_1_226' title='bbox 1498 1925 1656 1966; x_wconf 86' lang='lat' dir='ltr'><strong>nullam</strong></span> <span class='ocrx_word' id='word_1_227' title='bbox 1693 1924 1911 1966; x_wconf 83' lang='lat' dir='ltr'><strong>utilitatem</strong></span> 
     </span>
     <span class='ocr_line' id='line_1_27' title="bbox 464 1991 1910 2046; baseline -0.003 -10"><span class='ocrx_word' id='word_1_228' title='bbox 464 1994 618 2037; x_wconf 88' lang='lat' dir='ltr'><strong>habent</strong></span> <span class='ocrx_word' id='word_1_229' title='bbox 647 1993 816 2035; x_wconf 87' lang='lat' dir='ltr'><strong>adferre</strong></span> <span class='ocrx_word' id='word_1_230' title='bbox 838 2025 847 2046; x_wconf 87' lang='lat'>,</span> <span class='ocrx_word' id='word_1_231' title='bbox 869 1993 936 2035; x_wconf 84' lang='lat' dir='ltr'><strong>hie</strong></span> <span class='ocrx_word' id='word_1_232' title='bbox 967 2005 1018 2034; x_wconf 86' lang='lat' dir='ltr'><strong>ex</strong></span> <span class='ocrx_word' id='word_1_233' title='bbox 1049 1991 1254 2045; x_wconf 87' lang='lat' dir='ltr'><strong>quadrato</strong></span> <span class='ocrx_word' id='word_1_234' title='bbox 1285 1991 1446 2034; x_wconf 88' lang='lat' dir='ltr'><strong>notavit</strong></span> <span class='ocrx_word' id='word_1_235' title='bbox 1469 2006 1547 2046; x_wconf 80' lang='lat' dir='ltr'><strong>per</strong></span> <span class='ocrx_word' id='word_1_236' title='bbox 1576 2006 1620 2033; x_wconf 81' lang='lat' dir='ltr'><strong>os</strong></span> <span class='ocrx_word' id='word_1_237' title='bbox 1650 1991 1910 2044; x_wconf 78' lang='lat' dir='ltr'><strong>exaltantur,</strong></span> 
     </span>
     <span class='ocr_line' id='line_1_28' title="bbox 464 2057 1910 2114; baseline -0.003 -11"><span class='ocrx_word' id='word_1_238' title='bbox 464 2066 505 2104; x_wconf 83' lang='lat' dir='ltr'><strong>et</strong></span> <span class='ocrx_word' id='word_1_239' title='bbox 534 2062 578 2102; x_wconf 88' lang='lat' dir='ltr'><strong>in</strong></span> <span class='ocrx_word' id='word_1_240' title='bbox 607 2074 732 2103; x_wconf 84' lang='lat' dir='ltr'><strong>versu</strong></span> <span class='ocrx_word' id='word_1_241' title='bbox 762 2059 953 2114; x_wconf 86' lang='lat' dir='ltr'><strong>proximo</strong></span> <span class='ocrx_word' id='word_1_242' title='bbox 984 2060 1067 2100; x_wconf 80' lang='lat' dir='ltr'><strong>His</strong></span> <span class='ocrx_word' id='word_1_243' title='bbox 1096 2060 1226 2114; x_wconf 69' lang='lat' dir='ltr'><strong>iqitur</strong></span> <span class='ocrx_word' id='word_1_244' title='bbox 1254 2059 1428 2100; x_wconf 75' lang='lat' dir='ltr'><strong>rarescit</strong></span> <span class='ocrx_word' id='word_1_245' title='bbox 1455 2058 1575 2099; x_wconf 80' lang='lat' dir='ltr'><strong>rebus</strong></span> <span class='ocrx_word' id='word_1_246' title='bbox 1605 2073 1753 2112; x_wconf 79' lang='lat' dir='ltr'><strong>corpus</strong></span> <span class='ocrx_word' id='word_1_247' title='bbox 1771 2090 1783 2111; x_wconf 84' lang='lat'><em>‚</em></span> <span class='ocrx_word' id='word_1_248' title='bbox 1811 2057 1910 2111; x_wconf 83' lang='lat' dir='ltr'><strong>ubi,</strong></span> 
     </span>
     <span class='ocr_line' id='line_1_29' title="bbox 463 2123 1912 2181; baseline -0.003 -11"><span class='ocrx_word' id='word_1_249' title='bbox 463 2128 499 2170; x_wconf 86' lang='lat' dir='ltr'><strong>si</strong></span> <span class='ocrx_word' id='word_1_250' title='bbox 529 2128 671 2181; x_wconf 80' lang='lat' dir='ltr'><strong>legere</strong></span> <span class='ocrx_word' id='word_1_251' title='bbox 692 2126 905 2169; x_wconf 80' lang='lat' dir='ltr'><strong>didicisset</strong></span> <span class='ocrx_word' id='word_1_252' title='bbox 926 2157 935 2180; x_wconf 91' lang='lat'>,</span> <span class='ocrx_word' id='word_1_253' title='bbox 961 2125 1107 2168; x_wconf 84' lang='lat' dir='ltr'><strong>videre</strong></span> <span class='ocrx_word' id='word_1_254' title='bbox 1137 2129 1303 2180; x_wconf 86' lang='lat' dir='ltr'><strong>poterat</strong></span> <span class='ocrx_word' id='word_1_255' title='bbox 1331 2124 1548 2166; x_wconf 85' lang='lat' dir='ltr'><strong>librarium</strong></span> <span class='ocrx_word' id='word_1_256' title='bbox 1569 2124 1706 2178; x_wconf 89' lang='lat' dir='ltr'><strong>ipsum</strong></span> <span class='ocrx_word' id='word_1_257' title='bbox 1726 2123 1912 2166; x_wconf 88' lang='lat' dir='ltr'><strong>animad-</strong></span> 
     </span>
     <span class='ocr_line' id='line_1_30' title="bbox 462 2191 1818 2244; baseline -0.003 -7"><span class='ocrx_word' id='word_1_258' title='bbox 462 2207 585 2237; x_wconf 84' lang='lat' dir='ltr'><strong>verso</strong></span> <span class='ocrx_word' id='word_1_259' title='bbox 616 2206 755 2236; x_wconf 87' lang='lat' dir='ltr'><strong>errore</strong></span> <span class='ocrx_word' id='word_1_260' title='bbox 785 2206 929 2235; x_wconf 87' lang='lat' dir='ltr'><strong>verum</strong></span> <span class='ocrx_word' id='word_1_261' title='bbox 960 2192 1147 2234; x_wconf 86' lang='lat' dir='ltr'><strong>ordinem</strong></span> <span class='ocrx_word' id='word_1_262' title='bbox 1177 2192 1441 2244; x_wconf 83' lang='lat' dir='ltr'><strong>restituisse,</strong></span> <span class='ocrx_word' id='word_1_263' title='bbox 1472 2191 1592 2232; x_wconf 83' lang='lat' dir='ltr'><strong>rebus</strong></span> <span class='ocrx_word' id='word_1_264' title='bbox 1620 2192 1818 2233; x_wconf 77' lang='lat' dir='ltr'><strong>rarescit.</strong></span> 
     </span>
    </p>

    <p class='ocr_par' dir='ltr' id='par_1_8' title="bbox 463 2257 1911 2380">
     <span class='ocr_line' id='line_1_31' title="bbox 574 2257 1911 2312; baseline -0.004 -8"><span class='ocrx_word' id='word_1_265' title='bbox 574 2262 669 2303; x_wconf 84' lang='lat'><strong>869.</strong></span> <span class='ocrx_word' id='word_1_266' title='bbox 699 2273 899 2300; x_wconf 79' lang='lat' dir='ltr'>AMOREM</span> <span class='ocrx_word' id='word_1_267' title='bbox 930 2273 1148 2300; x_wconf 60' lang='lat' dir='ltr'><strong>ommim</strong></span> <span class='ocrx_word' id='word_1_268' title='bbox 1170 2291 1179 2301; x_wconf 89' lang='lat'><strong>.</strong></span> <span class='ocrx_word' id='word_1_269' title='bbox 1207 2258 1277 2300; x_wconf 83' lang='lat' dir='ltr'><strong>Sic</strong></span> <span class='ocrx_word' id='word_1_270' title='bbox 1305 2258 1440 2312; x_wconf 86' lang='lat' dir='ltr'><strong>prima</strong></span> <span class='ocrx_word' id='word_1_271' title='bbox 1468 2270 1596 2299; x_wconf 90' lang='lat' dir='ltr'><strong>manu</strong></span> <span class='ocrx_word' id='word_1_272' title='bbox 1625 2257 1862 2311; x_wconf 84' lang='lat' dir='ltr'><strong>oblongus,</strong></span> <span class='ocrx_word' id='word_1_273' title='bbox 1884 2270 1911 2299; x_wconf 90' lang='lat' dir='ltr'><strong>a</strong></span> 
     </span>
     <span class='ocr_line' id='line_1_32' title="bbox 463 2318 1426 2380; baseline -0.004 -11"><span class='ocrx_word' id='word_1_274' title='bbox 463 2318 704 2369; x_wconf 79' lang='lat' dir='ltr'><strong>correctore</strong></span> <span class='ocrx_word' id='word_1_275' title='bbox 727 2326 926 2369; x_wconf 76' lang='lat' dir='ltr'><strong>obduret:</strong></span> <span class='ocrx_word' id='word_1_276' title='bbox 947 2326 1176 2379; x_wconf 89' lang='lat' dir='ltr'><strong>quadratus</strong></span> <span class='ocrx_word' id='word_1_277' title='bbox 1207 2334 1326 2380; x_wconf 71' lang='lat' dir='ltr'><strong>optur</strong></span> <span class='ocrx_word' id='word_1_278' title='bbox 1354 2341 1399 2366; x_wconf 83' lang='lat' dir='ltr'><strong>re</strong></span> <span class='ocrx_word' id='word_1_279' title='bbox 1416 2355 1426 2366; x_wconf 97' lang='lat'><strong>.</strong></span> 
     </span>
    </p>

    <p class='ocr_par' dir='ltr' id='par_1_9' title="bbox 461 2390 1910 2502">
     <span class='ocr_line' id='line_1_33' title="bbox 573 2390 1910 2445; baseline -0.002 -10"><span class='ocrx_word' id='word_1_280' title='bbox 573 2394 667 2435; x_wconf 84' lang='lat'><strong>876.</strong></span> <span class='ocrx_word' id='word_1_281' title='bbox 698 2406 877 2434; x_wconf 84' lang='lat' dir='ltr'>IELUNA</span> <span class='ocrx_word' id='word_1_282' title='bbox 909 2406 1088 2434; x_wconf 66' lang='lat' dir='ltr'><strong>cunno</strong></span> <span class='ocrx_word' id='word_1_283' title='bbox 1112 2424 1121 2434; x_wconf 96' lang='lat'><strong>.</strong></span> <span class='ocrx_word' id='word_1_284' title='bbox 1149 2391 1387 2442; x_wconf 81' lang='lat' dir='ltr'><strong>Quadratus</strong></span> <span class='ocrx_word' id='word_1_285' title='bbox 1418 2391 1583 2433; x_wconf 76' lang='lat' dir='ltr'><strong>teluna:</strong></span> <span class='ocrx_word' id='word_1_286' title='bbox 1602 2390 1797 2445; x_wconf 87' lang='lat' dir='ltr'><strong>impressi</strong></span> <span class='ocrx_word' id='word_1_287' title='bbox 1818 2402 1910 2433; x_wconf 84' lang='lat' dir='ltr'><strong>cum</strong></span> 
     </span>
     <span class='ocr_line' id='line_1_34' title="bbox 461 2459 806 2502; baseline 0.003 -1"><span class='ocrx_word' id='word_1_288' title='bbox 461 2459 579 2502; x_wconf 88' lang='lat' dir='ltr'><strong>Italis</strong></span> <span class='ocrx_word' id='word_1_289' title='bbox 609 2473 779 2501; x_wconf 64' lang='lat' dir='ltr'><strong>mmm</strong></span> <span class='ocrx_word' id='word_1_290' title='bbox 795 2492 806 2502; x_wconf 93' lang='lat'><strong>.</strong></span> 
     </span>
    </p>

    <p class='ocr_par' dir='ltr' id='par_1_10' title="bbox 461 2523 1910 2715">
     <span class='ocr_line' id='line_1_35' title="bbox 573 2523 1910 2571; baseline -0.001 -4"><span class='ocrx_word' id='word_1_291' title='bbox 573 2525 667 2568; x_wconf 83' lang='lat'><strong>877.</strong></span> <span class='ocrx_word' id='word_1_292' title='bbox 699 2540 786 2571; x_wconf 81' lang='lat' dir='ltr'><strong>QUI</strong></span> <span class='ocrx_word' id='word_1_293' title='bbox 813 2539 931 2566; x_wconf 79' lang='lat' dir='ltr'><strong>FLAT</strong></span> <span class='ocrx_word' id='word_1_294' title='bbox 961 2540 1043 2567; x_wconf 84' lang='lat' dir='ltr'><strong>UTI</strong></span> <span class='ocrx_word' id='word_1_295' title='bbox 1072 2539 1246 2566; x_wconf 85' lang='lat' dir='ltr'>PASSUS</span> <span class='ocrx_word' id='word_1_296' title='bbox 1276 2538 1530 2565; x_wconf 73' lang='lat' dir='ltr'><strong>Puormuzr.</strong></span> <span class='ocrx_word' id='word_1_297' title='bbox 1561 2538 1752 2571; x_wconf 82' lang='lat' dir='ltr'><strong>QUEMUS</strong></span> <span class='ocrx_word' id='word_1_298' title='bbox 1775 2556 1784 2565; x_wconf 92' lang='lat'><strong>.</strong></span> <span class='ocrx_word' id='word_1_299' title='bbox 1814 2523 1910 2566; x_wconf 89' lang='lat' dir='ltr'><strong>Cor-</strong></span> 
     </span>
     <span class='ocr_line' id='line_1_36' title="bbox 461 2590 1909 2647; baseline -0.001 -13"><span class='ocrx_word' id='word_1_300' title='bbox 461 2595 597 2634; x_wconf 83' lang='lat' dir='ltr'><strong>reetor</strong></span> <span class='ocrx_word' id='word_1_301' title='bbox 616 2592 837 2647; x_wconf 89' lang='lat' dir='ltr'><strong>quadrati,</strong></span> <span class='ocrx_word' id='word_1_302' title='bbox 855 2593 951 2635; x_wconf 80' lang='lat' dir='ltr'><strong>Itali</strong></span> <span class='ocrx_word' id='word_1_303' title='bbox 969 2625 978 2647; x_wconf 90' lang='lat'>‚</span> <span class='ocrx_word' id='word_1_304' title='bbox 996 2593 1227 2636; x_wconf 83' lang='lat' dir='ltr'><strong>Brixieusis</strong></span> <span class='ocrx_word' id='word_1_305' title='bbox 1249 2592 1404 2646; x_wconf 82' lang='lat' dir='ltr'><strong>editio,</strong></span> <span class='ocrx_word' id='word_1_306' title='bbox 1427 2592 1504 2646; x_wconf 80' lang='lat' dir='ltr'><strong>qui</strong></span> <span class='ocrx_word' id='word_1_307' title='bbox 1518 2604 1628 2632; x_wconf 66' lang='lat' dir='ltr'><strong>mn</strong></span> <span class='ocrx_word' id='word_1_308' title='bbox 1650 2623 1660 2633; x_wconf 96' lang='lat'><strong>.</strong></span> <span class='ocrx_word' id='word_1_309' title='bbox 1681 2590 1909 2646; x_wconf 86' lang='lat' dir='ltr'><strong>quadratus</strong></span> 
     </span>
     <span class='ocr_line' id='line_1_37' title="bbox 461 2659 1379 2715; baseline -0.003 -13"><span class='ocrx_word' id='word_1_310' title='bbox 461 2661 647 2715; x_wconf 80' lang='lat' dir='ltr'><strong>quiemus</strong></span> <span class='ocrx_word' id='word_1_311' title='bbox 663 2675 676 2701; x_wconf 92' lang='lat'><em>:</em></span> <span class='ocrx_word' id='word_1_312' title='bbox 696 2659 794 2701; x_wconf 87' lang='lat' dir='ltr'><strong>Itali</strong></span> <span class='ocrx_word' id='word_1_313' title='bbox 825 2662 866 2701; x_wconf 89' lang='lat' dir='ltr'><strong>et</strong></span> <span class='ocrx_word' id='word_1_314' title='bbox 894 2659 1086 2714; x_wconf 85' lang='lat' dir='ltr'><strong>impressi</strong></span> <span class='ocrx_word' id='word_1_315' title='bbox 1119 2673 1349 2705; x_wconf 79' lang='lat' dir='ltr'><strong>QUEAMUS</strong></span> <span class='ocrx_word' id='word_1_316' title='bbox 1369 2690 1379 2700; x_wconf 93' lang='lat'><strong>.</strong></span> 
     </span>
    </p>

    <p class='ocr_par' dir='ltr' id='par_1_11' title="bbox 459 2724 1909 2982">
     <span class='ocr_line' id='line_1_38' title="bbox 573 2724 1908 2771; baseline -0.002 -3"><span class='ocrx_word' id='word_1_317' title='bbox 573 2726 668 2769; x_wconf 91' lang='grc'><strong>878.</strong></span> <span class='ocrx_word' id='word_1_318' title='bbox 711 2739 941 2771; x_wconf 77' lang='lat' dir='ltr'><strong>VAREQUE</strong></span> <span class='ocrx_word' id='word_1_319' title='bbox 985 2740 1151 2768; x_wconf 80' lang='lat' dir='ltr'>DATUM</span> <span class='ocrx_word' id='word_1_320' title='bbox 1196 2740 1271 2766; x_wconf 69' lang='lat' dir='ltr'><strong>sm*</strong></span> <span class='ocrx_word' id='word_1_321' title='bbox 1314 2738 1511 2766; x_wconf 78' lang='lat' dir='ltr'>MEMBRA</span> <span class='ocrx_word' id='word_1_322' title='bbox 1554 2738 1749 2766; x_wconf 79' lang='lat' dir='ltr'>MOVERE</span> <span class='ocrx_word' id='word_1_323' title='bbox 1779 2756 1790 2767; x_wconf 91' lang='lat'><strong>.</strong></span> <span class='ocrx_word' id='word_1_324' title='bbox 1829 2724 1908 2766; x_wconf 90' lang='lat' dir='ltr'><strong>Im-</strong></span> 
     </span>
     <span class='ocr_line' id='line_1_39' title="bbox 462 2791 1909 2847; baseline -0.003 -13"><span class='ocrx_word' id='word_1_325' title='bbox 462 2793 599 2847; x_wconf 85' lang='lat' dir='ltr'><strong>pressi</strong></span> <span class='ocrx_word' id='word_1_326' title='bbox 629 2807 884 2839; x_wconf 80' lang='lat' dir='ltr'><strong>VARIEQUE</strong></span> <span class='ocrx_word' id='word_1_327' title='bbox 907 2824 917 2834; x_wconf 96' lang='lat'><strong>.</strong></span> <span class='ocrx_word' id='word_1_328' title='bbox 947 2806 1073 2836; x_wconf 86' lang='lat' dir='ltr'><strong>versu</strong></span> <span class='ocrx_word' id='word_1_329' title='bbox 1096 2794 1201 2836; x_wconf 89' lang='grc'><strong>1007</strong></span> <span class='ocrx_word' id='word_1_330' title='bbox 1231 2792 1458 2847; x_wconf 88' lang='lat' dir='ltr'><strong>quadratus</strong></span> <span class='ocrx_word' id='word_1_331' title='bbox 1489 2792 1563 2833; x_wconf 80' lang='lat' dir='ltr'><strong>Ad</strong></span> <span class='ocrx_word' id='word_1_332' title='bbox 1587 2807 1714 2834; x_wconf 81' lang='lat' dir='ltr'><strong>varae</strong></span> <span class='ocrx_word' id='word_1_333' title='bbox 1729 2791 1909 2847; x_wconf 66' lang='lat' dir='ltr'><strong>fuyium</strong></span> 
     </span>
     <span class='ocr_line' id='line_1_40' title="bbox 460 2856 1909 2914; baseline -0.001 -15"><span class='ocrx_word' id='word_1_334' title='bbox 460 2859 644 2901; x_wconf 82' lang='lat' dir='ltr'><strong>volucres</strong></span> <span class='ocrx_word' id='word_1_335' title='bbox 674 2860 874 2914; x_wconf 71' lang='lat' dir='ltr'><strong>exhibet3</strong></span> <span class='ocrx_word' id='word_1_336' title='bbox 903 2860 1015 2913; x_wconf 93' lang='lat' dir='ltr'><strong>quod</strong></span> <span class='ocrx_word' id='word_1_337' title='bbox 1051 2860 1087 2902; x_wconf 86' lang='lat' dir='ltr'><strong>si</strong></span> <span class='ocrx_word' id='word_1_338' title='bbox 1118 2860 1312 2903; x_wconf 80' lang='lat' dir='ltr'><strong>scivisset</strong></span> <span class='ocrx_word' id='word_1_339' title='bbox 1342 2857 1662 2912; x_wconf 84' lang='lat' dir='ltr'><strong>Wakefieldus,</strong></span> <span class='ocrx_word' id='word_1_340' title='bbox 1690 2856 1909 2911; x_wconf 84' lang='lat' dir='ltr'><strong>probasset</strong></span> 
     </span>
     <span class='ocr_line' id='line_1_41' title="bbox 459 2924 1907 2982; baseline -0.001 -16"><span class='ocrx_word' id='word_1_341' title='bbox 459 2928 503 2966; x_wconf 89' lang='lat' dir='ltr'><strong>ut</strong></span> <span class='ocrx_word' id='word_1_342' title='bbox 533 2925 601 2967; x_wconf 84' lang='lat' dir='ltr'><strong>hie</strong></span> <span class='ocrx_word' id='word_1_343' title='bbox 625 2942 722 2969; x_wconf 84' lang='lat' dir='ltr'><strong>vare</strong></span> <span class='ocrx_word' id='word_1_344' title='bbox 742 2927 963 2981; x_wconf 88' lang='lat' dir='ltr'><strong>probavit;</strong></span> <span class='ocrx_word' id='word_1_345' title='bbox 985 2926 1115 2969; x_wconf 82' lang='lat' dir='ltr'><strong>‘bene&#39;</strong></span> <span class='ocrx_word' id='word_1_346' title='bbox 1135 2958 1145 2982; x_wconf 87' lang='lat'>,</span> <span class='ocrx_word' id='word_1_347' title='bbox 1168 2928 1203 2969; x_wconf 85' lang='lat' dir='ltr'><strong>si</strong></span> <span class='ocrx_word' id='word_1_348' title='bbox 1225 2926 1500 2979; x_wconf 84' lang='lat' dir='ltr'><strong>Forbigerum</strong></span> <span class='ocrx_word' id='word_1_349' title='bbox 1521 2924 1713 2967; x_wconf 90' lang='lat' dir='ltr'><strong>audimus</strong></span> <span class='ocrx_word' id='word_1_350' title='bbox 1735 2955 1744 2966; x_wconf 94' lang='lat'><strong>.</strong></span> <span class='ocrx_word' id='word_1_351' title='bbox 1767 2935 1907 2977; x_wconf 86' lang='lat' dir='ltr'><strong>super-</strong></span> 
     </span>
    </p>
   </div>
  </div>
 </body>
</html>
