2040 3328
395 209 478 250 200
783 247 785 249 .
1087 207 1151 248 III

395 319 567 372 domist,
584 318 712 371 v111,6
729 318 879 359 vii-ost.
900 317 1024 358 ceteri
1042 317 1113 370 qui
1128 317 1236 358 hanc
1251 317 1470 359 elisionem
1485 331 1568 360 non
1586 320 1719 361 solam
1736 351 1746 372 ,
1763 317 1838 360 sed

396 398 448 427 ea
462 398 628 439 quoque
645 397 753 437 quae
774 396 903 438 supra
924 383 1245 424 commemoravi
1265 383 1547 439 admiserunt,
1569 389 1614 426 ut
1627 385 1838 438 Vergilius

395 453 521 504 (Aen.
536 451 687 504 111‚629
703 464 758 503 1v,
777 450 876 503 691)
894 481 903 501 ,
928 449 1126 490 Horatius
1141 481 1151 502 ‚
1175 449 1360 491 Catullus
1376 450 1483 503 (mea
1497 460 1554 492 est
1569 451 1634 505 87,
1651 451 1679 492 4
1695 483 1704 505 ,
1722 451 1839 493 ηοιΙιο

397 534 438 560 es
454 518 523 571 34,
539 517 628 570 15),
646 516 889 570 Propertius
905 515 968 570 (in
980 515 1100 556 huius
1117 515 1222 556 libro
1239 529 1265 569 1,
1276 515 1314 568 2,
1325 516 1347 556 7
1366 517 1668 570 Neapolitanus
1677 517 1838 571 tuaest),

397 585 583 637 Seneca,
605 582 821 624 Phaedrus
852 582 897 636 (1,
914 582 980 635 27,
999 582 1069 636 8),
1091 582 1285 623 Lucanus
1315 582 1359 635 (1,
1380 583 1458 624 139
1483 597 1539 638 1x,
1556 584 1636 626 639
1655 598 1696 637 x,
1713 583 1839 638 358),

397 650 524 692 Silius
541 649 647 703 (xm,
664 648 746 690 439
768 662 836 701 xv,
862 648 958 701 151)
975 680 984 702 ,
1008 648 1204 690 Valerius
1220 648 1396 690 Flaccus
1417 649 1494 702 (111,
1508 649 1589 691 555
1608 663 1695 704 vm,
1712 649 1812 705 341)
1829 682 1839 704 ,

396 721 531 758 utrum
563 715 733 758 vocales
754 714 1045 756 coniunxerint
1065 727 1118 755 an
1140 723 1197 755 est
1225 727 1310 756 sua
1323 715 1633 770 truncaverint,
1654 716 1734 758 hac
1753 717 1841 770 qui-

398 783 493 825 dem
514 782 701 835 ratione,
725 781 806 823 nisi
823 780 1077 823 accesserint
1094 781 1208 822 aliae
1225 813 1233 834 ,
1256 781 1368 823 velut
1384 794 1492 835 quae
1513 780 1598 822 dixi
1615 782 1670 824 ad
1689 782 1842 824 librum
1886 791 1891 795 ’

398 863 426 903 1,
446 850 555 903 993,
578 848 633 890 ad
653 862 713 902 111,
730 848 837 902 374,
861 847 915 889 ad
938 861 993 901 ιν,
1014 847 1147 900 1169,
1170 847 1273 889 satis
1309 851 1420 889 certo
1452 847 1535 889 diei
1566 861 1649 890 non
1677 853 1841 903 potest:

398 915 473 957 sed
511 915 583 968 qui
621 923 678 956 est
712 919 808 969 post
841 914 1026 955 iambica
1060 926 1284 966 numquam
1320 914 1382 955 usi
1421 918 1543 967 sunt,
1573 913 1744 970 Cicero,
1772 915 1843 969 qui

399 982 658 1036 scripserunt
679 981 801 1022 Diras
832 984 873 1022 et
893 979 1034 1033 Cirin,
1059 979 1360 1035 Germanicus,
1385 981 1632 1033 epitomator
1657 981 1842 1036 Iliados,
1911 995 1914 998 ⁴

399 1048 657 1100 Columella,
681 1047 865 1100 Statius,
888 1046 1126 1100 Iuvenalis,
1148 1046 1295 1088 horum
1323 1059 1422 1100 pars
1444 1047 1655 1089 dubitasse
1681 1047 1845 1089 videtur

400 1128 454 1156 an
485 1113 586 1155 illud
618 1122 675 1155 est
703 1114 768 1154 sui
797 1117 916 1167 parte
945 1113 1153 1167 privatum
1179 1113 1298 1167 poesi
1329 1126 1413 1154 non
1444 1114 1546 1155 satis
1576 1114 1818 1156 conveniret
1833 1111 1852 1156 .’

400 1187 582 1224 ceterum
621 1180 826 1221 rationem
863 1179 966 1221 artis
1002 1180 1044 1220 in
1080 1179 1303 1234 disyllabis
1337 1180 1529 1222 'iambicis
1564 1180 1728 1234 positae
1762 1180 1847 1234 (est

401 1253 539 1290 autem
576 1247 724 1287 horum
760 1246 1021 1300 synaloephe
1056 1246 1236 1300 synizesi
1271 1246 1445 1288 similior
1481 1259 1611 1303 quarn
1637 1246 1846 1301 ecthlipsi)

400 1326 453 1356 ex
469 1317 587 1368 parte
604 1313 844 1368 perspicere
861 1316 1058 1367 poterunt
1074 1313 1144 1366 qui
1161 1326 1305 1355 versus
1321 1313 1521 1355 Italorum
1537 1317 1846 1366 cognoverunt;

400 1381 444 1422 in
473 1380 623 1434 quibus
653 1383 699 1421 ut
722 1379 898 1432 regulas
920 1378 1090 1421 easdem
1121 1379 1338 1422 observari
1369 1380 1660 1432 ostenderem,
1686 1380 1848 1434 aliquot

400 1446 653 1489 Petrarchae
684 1445 871 1488 carmina
899 1445 1086 1489 subieci.
1107 1447 1183 1487 Ma
1210 1462 1297 1500 me,
1319 1448 1389 1489 che
1428 1450 1512 1488 cosi
1541 1463 1567 1488 a
1596 1446 1737 1488 denti-o
1766 1447 1849 1488 non

401 1513 587 1555 discerno
605 1545 614 1555 .
643 1513 738 1556 Cos}
776 1514 821 1555 in
857 1515 955 1554 ιάιιο
994 1514 1054 1554 mi
1086 1513 1249 1569 spoylia
1266 1544 1276 1555 .
1308 1513 1391 1555 Gon
1422 1513 1464 1554 la
1494 1513 1639 1568 linqua
1663 1521 1850 1568 poscente

402 1580 490 1635 leqb
521 1580 556 1622 il
582 1581 667 1622 εόῑε
682 1612 691 1622 .
715 1580 808 1622 Οοεὶ
827 1580 953 1621 αυέ33’
974 1579 1014 1620 io
1040 1581 1059 1620 i
1069 1580 1324 1635 prim'amzi.
1347 1579 1379 1621 I
1381 1581 1389 1599 '
1419 1596 1491 1622 son
1507 1579 1679 1636 pri'yion
1693 1610 1704 1632 ,
1720 1594 1788 1620 ma
1808 1594 1850 1620 se

393 1647 514 1702 piet&
535 1648 662 1689 anco'r
687 1647 806 1688 serba
821 1677 831 1688 .
854 1645 912 1688 Or
942 1645 1088 1687 dimmi
1098 1678 1109 1699 ,
1130 1662 1172 1687 se
1201 1646 1350 1687 coliii'n
1363 1650 1472 1702 price
1492 1648 1538 1688 vi
1554 1645 1682 1703 quide
1697 1676 1706 1686 .
1728 1645 1850 1688 Βανά

403 1715 531 1756 αηεόν
550 1729 659 1755 meco
676 1746 686 1764 ,
707 1713 779 1755 se’l
798 1712 910 1754 desii·
931 1727 1012 1754 non
1033 1728 1129 1754 erra
1147 1744 1156 1753 .
1179 1712 1272 1755 Cos&
1286 1714 1348 1754 mi
1363 1714 1453 1755 vivo
1469 1746 1479 1766 ,
1501 1730 1521 1756 e
1541 1715 1624 1755 cosi
1642 1713 1810 1768 avvdlye
1829 1729 1850 1755 ε

402 1781 565 1836 spieqa.
582 1781 650 1823 Me
667 1781 755 1836 Zeyb
772 1779 963 1831 inna'nzi,
981 1794 1002 1820 e
1018 1787 1054 1820 ιε
1066 1780 1206 1835 prima
1222 1779 1412 1821 disczblse
1423 1811 1432 1820 .
1453 1780 1516 1822 Tu
1530 1779 1671 1822 vedrd'
1684 1780 1815 1822 Ita'lia
1830 1796 1851 1822 e
1880 1812 1887 1816 .

404 1847 601 1889 Z’onorata
618 1849 711 1889 riva
729 1878 738 1887 .
759 1858 836 1888 nec
851 1857 947 1887 raro
963 1844 1007 1887 in
1023 1845 1101 1887 hoc
1121 1858 1276 1899 genere
1291 1845 1431 1887 hiatus
1448 1845 1680 1888 admittitur
1694 1851 1767 1889 aut
1780 1859 1850 1888 ne-

404 1913 588 1956 cessario
605 1918 677 1955 aut
697 1927 749 1955 ex
768 1916 989 1968 poetarum
1015 1911 1187 1954 arbitrio
1205 1943 1215 1953 .
1245 1913 1480 1955 Verameme
1509 1929 1536 1954 a
1564 1916 1645 1954 cosi
1665 1914 1747 1955 άῖιο
1767 1929 1850 1955 803-

398 1989 508 2036 petto
522 2012 530 2021 .
552 1980 743 2036 Ghefarb
761 1981 808 2022 όν
819 2012 830 2032 ,
847 1980 917 2021 che
932 1994 1005 2020 son
1012 1979 1095 2034 pia
1103 1994 1251 2034 presso
1267 1995 1294 2020 a
1309 1978 1378 2021 dio
1394 1979 1413 2021 ‚9
1428 1979 1647 2022 Pensando
1659 1996 1744 2035 pur
1753 2012 1764 2034 ,
1781 1980 1852 2022 che

403 2050 502 2089 saro
518 2051 559 2089 io
576 2048 594 2089 ‚2
609 2047 791 2102 chefui?
810 2047 917 2088 Pero
934 2045 980 2086 al
992 2048 1075 2086 mio
1086 2061 1218 2101 parer
1232 2062 1314 2088 non
1327 2047 1454 2102 qlifu
1469 2061 1590 2088 onore
1608 2077 1618 2088 .
1643 2046 1749 2088 Vedi
1759 2046 1852 2088 οοῖὰ

402 2130 459 2155 un
490 2114 614 2169 cinqel
632 2114 704 2155 che
724 2113 952 2168 s'appresta
969 2143 978 2152 .
1000 2110 1035 2154 O
1054 2113 1196 2167 siqnor
1216 2113 1296 2154 mio
1311 2145 1322 2166 ‚
1345 2113 1509 2168 quando
1539 2115 1635 2155 sarb
1655 2114 1695 2155 io
1726 2113 1852 2155 licto?
1895 2165 1902 2170 Ι

404 2184 596 2234 superest
622 2184 668 2221 ut
688 2180 754 2222 hic
783 2191 948 2233 quoque
968 2178 1163 2219 Plautum
1184 2179 1403 2221 elisionem
1432 2180 1569 2221 minus
1599 2192 1771 2223 suavem
1791 2180 1852 2221 in-

404 2245 565 2288 terdum
582 2245 740 2287 hiando
758 2246 939 2288 evitasse
956 2245 1093 2286 dicam
1110 2277 1119 2285 .
1136 2245 1179 2286 in
1195 2245 1394 2288 Asinaria
1409 2260 1447 2300 V,
1465 2247 1502 2301 2,
1519 2247 1574 2289 45
1590 2247 1673 2288 Dic
1688 2247 1850 2300 amabo,

404 2313 570 2368 anfetet
585 2314 727 2354 anima
743 2315 837 2354 miae
852 2313 981 2354 uxori
991 2312 1010 2352 2
1024 2311 1102 2364 (Sic
1118 2315 1227 2353 recte
1243 2312 1405 2354 Nonius
1421 2313 1563 2367 p.233,
1581 2314 1622 2366 6)
1639 2321 1829 2355 nauteam
1839 2343 1850 2354 .

404 2380 447 2420 in
464 2379 767 2434 Amphitruone
783 2393 822 2432 v,
845 2379 879 2433 1,
895 2379 951 2421 54
966 2379 1063 2421 Νόη
1082 2387 1212 2420 metuo
1233 2379 1333 2434 quin
1352 2382 1465 2420 me'ae
1485 2381 1614 2421 umori
1630 2380 1736 2421 latae
1756 2395 1851 2435 sup-

396 2447 537 2502 petiae
552 2447 657 2488 sient
673 2477 682 2487 .
699 2446 743 2487 in
758 2445 1037 2488 Bacchidibus
1052 2458 1079 2499 1,
1095 2445 1128 2499 1,
1143 2445 1192 2486 19
1208 2445 1330 2487 Βάαε
1345 2461 1471 2487 unum
1488 2447 1676 2501 expetitis
1689 2446 1852 2500 palum-

405 2513 490 2555 bem
508 2544 516 2553 .
538 2513 695 2555 ibidem
715 2526 775 2567 111,
795 2513 832 2566 1,
853 2513 905 2553 14
938 2513 1028 2554 Teia
1058 2512 1237 2567 infamia
1253 2512 1428 2567 fecisti.
1449 2513 1493 2553 in
1514 2512 1644 2554 Milite
1665 2527 1725 2567 111,
1741 2512 1781 2567 3,
1797 2512 1852 2554 58

404 2579 445 2621 A
462 2582 533 2620 ma
549 2595 677 2621 uxore
691 2580 798 2621 milii
811 2579 952 2621 datum
972 2611 980 2620 .
997 2579 1040 2620 in
1057 2578 1197 2619 Sticho
1214 2593 1240 2632 1,
1254 2579 1292 2629 2,
1306 2579 1358 2621 95
1374 2579 1427 2622 Si
1440 2595 1544 2634 quae
1546 2579 1665 2635 forte
1681 2595 1732 2621 eoe
1745 2579 1854 2621 Asia

404 2647 524 2688 navis
544 2647 638 2687 heri
655 2655 726 2688 aut
745 2645 864 2687 hodie
884 2647 1038 2687 venerit
1055 2677 1065 2687 .
1088 2646 1130 2686 in
1153 2645 1283 2687 Persa
1299 2659 1342 2699 11,
1352 2646 1389 2699 2,
1401 2645 1457 2686 44
1485 2647 1569 2688 Ubi
1584 2646 1661 2687 illa
1682 2646 1854 2687 cilterast

392 2713 590 2768 furtifica
620 2713 771 2754 laeva?
792 2711 908 2755 ddmi
920 2744 930 2754 .
948 2728 1081 2754 eccam
1107 2712 1185 2753 heic
1204 2712 1361 2754 nullam
1384 2712 1532 2754 attuli.
1555 2713 1598 2754 in
1620 2711 1767 2754 eadem
1787 2725 1852 2765 1v,

405 2779 444 2833 3,
464 2779 515 2820 14
535 2780 600 2821 Di
627 2779 721 2821 dent
741 2795 846 2835 quae
877 2779 978 2821 velis
997 2811 1006 2821 .
1029 2779 1100 2821 eho
1120 2794 1175 2820 an
1205 2779 1289 2820 iam
1309 2783 1436 2821 meina
1466 2780 1604 2821 emisti
1617 2778 1853 2820 mulierem?

406 2845 449 2885 in
468 2846 652 2887 Poenulo
674 2860 700 2900 1,
721 2846 756 2901 1,
774 2846 826 2888 88
847 2847 967 2889 Βόηο
997 2847 1160 2901 inqenio
1180 2861 1243 2887 me
1273 2848 1358 2887 esse
1378 2854 1564 2888 ornatam
1581 2877 1590 2886 .
1612 2849 1653 2887 et
1671 2858 1726 2899 lv,
1743 2844 1781 2897 2,
1797 2843 1849 2885 51

415 2913 608 2954 Vo‘lueres
638 2914 716 2955 tibi
740 2921 858 2955 erum
888 2916 981 2956 tilae
1009 2913 1231 2968 hii-quinae
1247 2944 1256 2954 .
