2040 3328
913 223 957 266 II
1620 227 1673 272 75

196 335 309 380 male
331 335 540 378 Marullus
570 337 662 378 nisi
677 345 803 394 utque
823 337 942 380 dolor
964 339 1073 381 absit
1091 355 1287 396 mensque
1302 341 1480 396 fruatur
1501 372 1510 382 .
1534 342 1674 384 Avan-

195 405 279 448 tius
309 403 548 447 rectissime
579 413 625 447 ut
654 419 735 447 cm
766 405 885 448 dolor
914 407 1023 449 absit
1037 423 1052 462 ,-
1082 407 1165 450 nisi
1186 406 1302 462 quod
1323 417 1500 452 naturae
1530 411 1674 466 inepte

197 473 456 517 adscribitur
487 472 603 527 quod
633 477 698 516 est
726 474 934 528 hominis,
966 479 1012 517 ut
1042 474 1083 518 ei
1115 491 1286 532 corpore
1314 478 1526 520 seizmcms
1556 478 1675 522 dolor

195 542 306 585 absit
325 545 367 584 et
386 545 433 583 ut
440 541 629 598 fruatur
648 542 831 584 iucundo
851 559 975 585 sensu
993 542 1163 598 ‚itaque
1185 544 1454 599 probandum
1475 549 1538 588 est
1559 547 1674 600 quod

194 623 223 654 a
242 609 439 654 Bentleio
470 622 614 652 secum
646 611 998 653 communicatum
1021 611 1276 663 Creecfflus,
1306 614 1478 656 nomine
1508 614 1598 657 eius
1629 619 1675 658 ut

194 678 304 722 solet
333 690 592 734 suppresse,
627 676 795 721 ‘forsan
826 679 999 721 rectius'
1033 692 1128 722 esse
1159 680 1288 735 dicit,
1327 697 1431 724 ewra
1462 685 1670 726 ssuoru’

193 756 414 804 metuque:
436 746 579 801 itaque
605 749 704 788 ante
723 759 798 788 eos
815 746 1017 790 Gifanius
1037 779 1046 789 .
1069 747 1145 790 sed
1163 747 1266 790 mihi
1282 748 1448 791 librarii
1469 750 1513 793 in
1533 752 1672 795 medio

195 829 366 872 quoque
395 815 547 857 horum
578 827 778 858 versuum
809 814 1009 858 videntur
1040 816 1084 858 in
1104 833 1125 858 s
1146 816 1290 858 littera
1311 816 1416 859 elisa
1442 831 1671 874 peccasse,

195 888 244 927 ut
269 883 542 927 scribendum
569 882 624 925 sit
649 883 818 923 MENTI'
834 884 1021 940 fruatur
1041 884 1232 927 Iucundo
1252 901 1376 927 sensu
1391 918 1402 940 ,
1424 900 1535 941 non,
1559 887 1673 942 quod

199 957 266 996 est
295 952 469 995 minime
501 952 678 1005 elegans
696 984 705 1006 ,
727 961 859 994 mente
866 952 1054 1009 fruatur
1073 968 1197 995 sensu
1214 987 1222 996 .
1244 953 1360 996 infra
1382 954 1426 996 in
1453 954 1534 997 hoe
1563 955 1672 997 libro

195 1021 280 1065 399
311 1021 448 1063 mellis
479 1021 681 1076 lacteisque
713 1021 897 1077 liquores
922 1020 1112 1063 Iucundo
1143 1037 1267 1064 sensu
1299 1022 1469 1078 linquae
1498 1032 1672 1066 tracten-

192 1098 262 1132 tur
293 1091 340 1132 in
369 1105 439 1132 ore
456 1122 467 1143 ‚
498 1101 586 1130 non
617 1089 765 1145 linqua
783 1120 792 1130 .

305 1157 372 1200 25.
418 1157 703 1200 LAMPADAS
741 1171 1005 1198 IGNIFERAS
1034 1189 1043 1199 .
1082 1157 1154 1200 Sic
1184 1158 1397 1201 Maximus
1428 1159 1671 1202 Victorinus

188 1239 230 1282 p.
255 1226 363 1269 1967
388 1258 397 1267 .
420 1225 536 1281 apud
568 1225 836 1268 Macrobium
867 1226 1036 1268 Saturn.
1067 1226 1176 1268 libro
1207 1241 1264 1281 vr,
1287 1227 1314 1268 2
1343 1227 1443 1268 olim
1473 1227 1671 1282 impressi

187 1293 397 1350 (editione
418 1293 632 1336 Brixiensi
664 1294 766 1336 anni
785 1307 1067 1335 Mccccnxxxv
1095 1298 1216 1350 utor,
1248 1307 1386 1349 neque
1416 1308 1597 1350 usquam
1627 1296 1669 1338 in

187 1361 455 1404 Lucretianis
492 1374 592 1404 curo
623 1374 760 1405 novas
791 1365 950 1405 temere
980 1362 1290 1418 interpolatas)
1322 1363 1570 1420 Lampadas
1605 1365 1668 1406 in-

174 1431 307 1488 feras
322 1463 333 1472 .

274 1494 277 1495 ⁷
301 1498 371 1541 27.
402 1499 507 1541 Nnc
528 1513 696 1541 nouus
713 1513 942 1541 ARGENTO
964 1512 1158 1541 rorem·
1179 1513 1415 1546 AUROQUE
1435 1513 1669 1543 mmmm.

189 1563 319 1624 A⁸pud
350 1567 614 1610 Macrobium
631 1568 814 1626 fulqens
846 1572 887 1611 et
915 1568 1138 1622 rem'dens5
1177 1568 1292 1622 quod.
1322 1567 1528 1610 Marullus
1558 1568 1670 1611 male

188 1636 378 1691 recepit,
401 1636 504 1690 quia
525 1636 651 1679 huius
672 1641 826 1692 poetae
849 1636 1090 1691 elegantiae
1120 1649 1272 1691 parum
1303 1635 1670 1678 accommodatum

189 1703 377 1747 est.sed
408 1705 539 1746 multo
570 1705 711 1747 minus
742 1705 916 1760 probari
948 1709 1092 1760 potest
1108 1704 1286 1762 fulyet:
1317 1718 1415 1747 nam
1447 1705 1669 1747 Lucretius

189 1785 331 1828 neque
354 1772 504 1829 fulgeo
534 1786 718 1827 usquam
749 1772 883 1828 dixit,
915 1773 993 1816 sed
1010 1773 1170 1830 fulqo,
1202 1785 1342 1827 neque
1362 1773 1555 1828 syllabas
1578 1773 1669 1815 bre-

187 1853 266 1884 ves
295 1839 339 1882 in
369 1852 550 1884 caesura
570 1841 808 1897 producere
839 1854 971 1883 ausus
1002 1846 1092 1884 est.
1115 1853 1249 1895 quare
1274 1840 1376 1882 mihi
1397 1841 1487 1883 veri
1509 1841 1669 1883 similli-

186 1922 302 1952 mum
332 1908 503 1952 videtur
534 1923 630 1952 eum
652 1909 878 1965 scripsisse
910 1918 1081 1966 arqento
1111 1923 1361 1950 renonum
1391 1925 1576 1965 auroque
1603 1925 1667 1952 re-

186 1977 304 2022 m‘det
320 2011 330 2020 .
355 1982 539 2020 ceterum
563 1978 758 2034 plerique
781 1977 911 2020 hodie
932 1977 1210 2032 neglegentia
1232 1977 1490 2019 intolerabili
1516 1982 1557 2020 et
1571 1976 1668 2019 huic

187 2050 371 2104 poetae,
394 2046 466 2101 qui
489 2059 637 2089 versus
659 2059 761 2088 suos
793 2045 849 2087 ad
880 2047 1075 2100 regulam
1106 2049 1147 2087 et
1176 2045 1378 2087 amussim
1401 2044 1664 2100 composuit,

186 2127 500 2171 quamcumque
540 2114 755 2156 licentiam
796 2113 1088 2167 incuriamque
1129 2117 1288 2156 temere
1319 2112 1594 2166 adscribunt,
1626 2116 1667 2155 et

186 2187 352 2227 ceteros
383 2183 428 2225 in
458 2182 739 2238 productione
770 2182 991 2237 brevium,
1031 2195 1143 2237 quae
1173 2182 1217 2224 in
1248 2194 1446 2225 versuum
1477 2181 1666 2224 caesuris

182 2252 255 2308 fit,
299 2251 354 2294 ab
393 2264 474 2293 usu
505 2251 755 2306 Vergiliano
794 2250 924 2305 longe
963 2249 1194 2292 abhorrere
1233 2263 1287 2292 ne
1323 2249 1666 2292 animadvertunt

119 2362 122 2364 ,
182 2319 355 2375 quidem
380 2352 390 2361 .
428 2332 528 2362 nam
570 2319 687 2375 quod
717 2322 872 2375 poetae
906 2318 1063 2361 Graeci
1098 2318 1142 2360 in
1172 2322 1263 2361 arte
1295 2317 1409 2360 domi
1439 2321 1542 2360 nata
1571 2317 1664 2360 ausi

183 2392 308 2443 sunt,
339 2392 386 2430 ut
415 2401 548 2444 saepe
578 2401 728 2431 versus
759 2391 999 2443 pangerent
1028 2387 1101 2429 vix
1127 2387 1269 2442 specie
1300 2386 1477 2439 ceteris,
1510 2386 1664 2440 quibus

182 2456 498 2512 interveniunt,
531 2457 723 2511 similes,
759 2453 871 2499 Φίλε
900 2452 1131 2511 κασίγνητε
1150 2489 1160 2507 ,
1193 2451 1395 2498 θάνατόν
1415 2450 1466 2496 νύ
1485 2469 1558 2496 τοι
1589 2450 1663 2509 ὅρ-

181 2521 243 2569 κι’
275 2522 464 2580 ἔταμνον
486 2558 496 2567 .
522 2521 748 2581 Εἶλαπίνη
778 2519 830 2582 ἦε
860 2521 1030 2582 γάμος,·
1058 2523 1160 2568 ἐπεὶ
1190 2520 1270 2567 οὐκ
1302 2523 1456 2581 ἔρανος
1489 2519 1596 2565 τάδε
1625 2518 1660 2578 y’

182 2591 299 2638 ἐστίν
316 2625 326 2636 .
349 2590 506 2651 Νῆσός
525 2589 569 2636 τ’
591 2589 767 2650 Αἴγινα
789 2591 1068 2650 ναυσικλείτη
1087 2589 1127 2636 τ’
1153 2587 1329 2647 Εὔβοια
1347 2626 1356 2642 ,
1380 2592 1459 2634 hoc
1480 2591 1561 2633 nisi
1581 2591 1662 2632 La'-

182 2662 262 2705 tini
281 2663 472 2707 studiose
493 2664 730 2719 vitassent,
753 2676 904 2706 versus
927 2663 1179 2718 peregrinos
1201 2662 1292 2704 suis
1314 2659 1554 2702 hominibus
1575 2671 1659 2700 non

181 2734 378 2787 poterant
398 2731 640 2788 approbare
658 2764 667 2775 .
691 2732 836 2787 itaque
857 2732 1030 2774 vocales
1064 2731 1213 2772 breves
1234 2730 1277 2771 in
1300 2728 1413 2770 exitu
1434 2726 1659 2769 vocabulo-

181 2812 275 2842 rum
291 2801 456 2856 positas
473 2833 484 2856 ,
501 2805 674 2857 praeter
690 2799 797 2842 illud
813 2815 892 2856 que
908 2798 1171 2853 geminatum
1192 2831 1200 2852 ,
1220 2797 1360 2839 Lz‘mz‘n
1368 2810 1475 2851 aque
1493 2795 1658 2836 laurus-

179 2884 259 2925 que
273 2902 285 2924 ,
317 2870 615 2926 Noemonaque
642 2869 949 2925 Prytam'mque
964 2899 976 2920 ,
1010 2878 1092 2921 quo
1120 2865 1280 2919 primus
1302 2862 1421 2904 Maro
1443 2875 1544 2904 usus
1566 2864 1656 2915 est,

177 2937 316 2980 maior
327 2951 429 2994 pars
442 2938 659 2993 abstinuit,
678 2936 838 2978 nullum
850 2939 1021 2990 poetam
1035 2933 1230 2974 Latinum
1243 2930 1499 2986 produxisse
1515 2928 1655 2983 credo,

177 3005 255 3050 sed
277 3019 571 3063 quaecumque
592 3009 738 3049 extant
759 3003 882 3045 huius
904 3001 1103 3044 licentiae
1124 2999 1322 3055 exempla
1342 3012 1368 3041 a
1389 2997 1575 3040 librariis
1596 2997 1655 3041 in-
