2040 3328
893 227 932 270 V
1572 225 1656 268 329

173 350 215 389 et
231 346 366 388 Varro
383 343 602 399 Lucilius;
624 342 746 386 cuius
767 342 874 385 haec
889 346 987 385 sunt
1007 344 1264 398 praecepta,
1282 356 1411 397 porro
1432 340 1506 382 hoc
1521 339 1656 395 ,filiu’

172 415 304 468 Luci,
321 414 489 456 Feceris
505 413 527 455 i
536 412 669 455 solum
679 445 690 466 ,
707 420 752 454 ut
770 411 943 455 Corneli
955 410 1236 467 Cornificique
1246 442 1257 463 ‚
1275 410 1376 452 item
1392 409 1466 452 isi
1464 408 1571 466 faoi
1574 410 1582 425 '
1594 422 1656 450 so-

173 483 259 525 lum
275 515 285 533 ‚
302 481 474 538 Pupilli
485 514 496 534 ‚
510 481 642 537 pueri
652 513 664 534 ‚
682 480 848 533 Lucili,
866 480 940 522 hoo
956 477 1156 534 uniu'fiet
1172 510 1182 520 .
1199 490 1333 532 quare
1346 490 1436 520 non
1452 475 1658 520 debemus

172 549 350 596 credere
378 548 590 591 Lucilium
625 547 704 590 hos
734 547 958 602 genetivos
993 548 1014 590 i
1046 546 1204 602 duplici
1241 545 1453 590 finiendos
1484 557 1657 601 praece-

171 619 317 675 pisse,
339 617 535 673 quamvis
564 615 801 660 Caesellius
832 614 1000 659 Vindex
1028 613 1244 670 quendam
1275 615 1369 658 eius
1399 613 1658 658 versiculum

172 687 235 730 ita
263 685 535 742 interpretari
566 684 765 727 videatur
794 683 911 740 apud
943 682 1190 726 Putschium
1221 697 1263 739 p.
1280 683 1425 738 2318,
1456 695 1583 738 quem
1613 682 1658 724 in

171 754 431 798 contrariam
460 756 627 810 partem
646 755 759 795 recte
786 752 1003 808 accipiunt
1023 751 1145 794 Beda
1173 766 1215 808 p.
1231 751 1344 794 2373
1375 755 1417 794 et
1437 750 1658 794 Charisius

171 838 214 879 p.
231 823 288 866 60
309 855 319 864 .
353 820 430 865 sed
461 821 506 864 in
536 820 720 864 Charisii
760 821 910 864 codice
942 820 1044 877 quid
1075 820 1158 875 sit,
1180 833 1267 863 non
1303 833 1330 863 a
1360 819 1658 862 Lindemanno

172 890 423 934 discendum
459 894 554 945 est,
583 889 660 933 sed
700 901 753 931 ex
783 889 834 931 H.
867 889 999 932 Keilii
1031 890 1077 932 in
1107 889 1315 932 Catonem
1350 892 1393 932 et
1421 888 1660 931 Varronem

172 957 546 1003 observationibus
575 971 617 1014 p.
637 958 692 1002 96
716 990 727 1001 .
757 958 904 1013 itaque
934 958 1259 1014 grammaticum
1280 957 1389 1005 haec
1418 956 1472 1000 de
1494 956 1659 1000 Lucilio

171 1026 399 1083 scripsisse
429 1030 588 1070 certum
618 1030 710 1082 est,
733 1027 976 1084 Numquam
1008 1027 1118 1070 enim
1145 1027 1221 1070 hoc
1250 1027 1461 1070 intulisset
1475 1059 1486 1079 ‚
1507 1026 1597 1068 nisi
1623 1033 1660 1068 et

171 1096 424 1139 Numerium
435 1112 519 1152 per
534 1096 556 1138 i
571 1096 696 1139 huius
712 1096 899 1139 Numeri
901 1095 1159 1151 faciendum
1176 1095 1389 1139 crederet:
1410 1094 1565 1137 Lucilii
1587 1107 1659 1137 au-

171 1169 257 1208 tem
286 1176 459 1207 versum
489 1162 546 1207 ad
578 1163 690 1207 hunc
719 1163 811 1207 fere
832 1163 1006 1207 modum
1037 1177 1133 1206 cum
1162 1168 1307 1208 cetera
1337 1163 1531 1207 oratione
1563 1176 1659 1206 con-

172 1235 360 1278 iunctum
391 1231 525 1276 fuisse
561 1233 785 1289 suspicor,
818 1231 1062 1290 ‘[memento]
1095 1232 1312 1277 Servandi
1336 1233 1554 1286 Nummi,
1583 1248 1658 1274 uu-

170 1319 331 1346 merum
359 1311 405 1344 uc
433 1301 632 1345 servemu’
663 1301 940 1358 modumque,
963 1301 1163 1354 [Dicimu’
1179 1317 1192 1343 .·
1215 1301 1331 1358 quod
1358 1303 1401 1345 si
1422 1302 1508 1344 alio
1532 1309 1660 1358 pacto

170 1387 318 1415 nomen
328 1378 580 1428 paterentur
604 1370 757 1413 Versus
773 1403 784 1424 ,
807 1369 1012 1413 dixissem
1033 1369 1300 1413 ‘servandum
1318 1380 1400 1414 tute
1419 1368 1658 1426 mementol]

171 1444 358 1484 ceterum
389 1442 607 1482 extremae
634 1438 908 1493 ignorantiae
946 1443 1012 1482 est
1036 1456 1227 1497 puyuam
1257 1440 1467 1496 Pompilii
1492 1438 1659 1481 Lucilio

171 1508 419 1563 adfingere,
442 1520 554 1562 quae
575 1506 754 1550 debetur
774 1507 965 1551 librariis
988 1508 1120 1550 Nonii
1141 1522 1183 1563 p.
1202 1507 1299 1563 255,
1322 1508 1399 1563 15,
1424 1521 1518 1550 cum
1541 1520 1661 1563 aper-

172 1581 262 1620 tum
277 1577 332 1620 sit
346 1579 517 1632 poetam
533 1576 758 1631 scripsisse
774 1576 990 1633 Percrepa
1007 1592 1198 1633 puyuam
1215 1577 1383 1634 Popilli
1394 1610 1403 1631 ‚
1413 1576 1542 1634 facia
1560 1575 1660 1619 Cor-

172 1646 263 1690 neli
287 1661 391 1689 cane
407 1661 421 1687 .·
442 1657 542 1687 nam
564 1644 618 1686 M.
642 1644 851 1700 Popillius
872 1645 1044 1688 Laenas
1074 1645 1240 1700 proelio
1267 1645 1405 1688 victus
1438 1649 1502 1688 est
1523 1658 1551 1688 a
1572 1645 1659 1688 Nu-

171 1714 376 1758 mantinis
392 1726 506 1756 anno
526 1713 582 1756 ab
599 1713 704 1756 urbe
726 1713 899 1756 condita
915 1713 998 1756 616
1016 1746 1026 1769 ,
1050 1713 1208 1756 bellum
1225 1713 1456 1757 Africanus
1479 1714 1662 1757 confecit

172 1783 253 1826 621
272 1815 283 1837 ,
306 1786 348 1825 et
375 1781 590 1838 pertinent
618 1782 676 1825 ad
706 1781 891 1826 eundem
917 1782 1058 1825 locum
1089 1782 1132 1824 hi
1163 1795 1338 1838 versus,
1371 1784 1423 1826 Ue
1444 1784 1661 1826 Romanus

164 1851 353 1909 populus
363 1852 497 1894 victus
505 1852 552 1894 vi
564 1860 601 1894 et
615 1860 839 1908 superatus
846 1851 1030 1908 proeliis
1039 1851 1174 1908 Saepe
1190 1860 1249 1894 est
1260 1852 1403 1894 multis
1417 1886 1428 1906 ,
1445 1852 1549 1895 bello
1564 1867 1661 1894 vero

171 1936 402 1976 numquam
415 1952 428 1974 ,
448 1920 492 1963 in
528 1936 610 1976 quo
642 1928 739 1963 suut
765 1921 906 1962 omnia
924 1953 934 1971 ,
956 1919 1144 1974 itemque
1174 1919 1243 1975 hi,
1269 1920 1424 1963 Contra
1439 1920 1662 1977 flaqitium

172 1996 339 2031 nostrae
359 2005 405 2031 re
431 1987 568 2043 (apud
590 1987 777 2031 Nonium
797 2001 839 2043 p.
860 1987 953 2043 186,
971 1988 1028 2031 30
1048 1988 1229 2044 nescire)
1258 1989 1363 2032 bello
1383 1990 1501 2032 vinci
1518 2006 1546 2031 a
1567 1989 1660 2031 bar-

173 2055 275 2099 baro
289 2089 301 2110 ,
331 2056 522 2099 Viriatho
538 2089 549 2110 ,
571 2056 817 2099 Hannibale
834 2088 843 2097 .
866 2055 1051 2111 denique
1072 2056 1279 2099 Italorum
1310 2057 1522 2100 sermonis
1543 2057 1588 2099 in
1615 2070 1662 2099 re

174 2137 269 2167 cum
289 2123 356 2167 his
377 2124 590 2179 genetivis
618 2125 970 2168 coniunctissima
990 2125 1143 2168 similis
1174 2125 1388 2181 quaedam
1410 2124 1662 2169 vicissitudo

172 2191 556 2249 praetermittenda
585 2205 672 2236 non
702 2193 781 2237 fuit
798 2226 808 2236 .
831 2193 983 2236 horum
1013 2194 1126 2237 enim
1164 2195 1358 2250 plerique
1388 2194 1543 2249 hodie,
1567 2208 1662 2237 cum

172 2260 360 2304 studium
388 2261 547 2317 plurali
583 2275 759 2306 numero
793 2262 1002 2317 efferunt,
1024 2263 1086 2305 ita
1122 2263 1317 2306 locuntur
1353 2268 1398 2306 ut
1435 2276 1484 2307 se
1513 2277 1662 2307 verum

173 2342 324 2373 sonum
344 2343 431 2372 non
453 2343 735 2386 expressuros
756 2335 930 2387 putent,
954 2331 1035 2374 nisi
1058 2335 1133 2374 aut
1153 2331 1271 2391 stuclj
1288 2337 1361 2376 aut
1377 2331 1514 2375 studii
1530 2332 1662 2388 scrip-

173 2397 336 2442 serint:
358 2402 508 2442 contra
546 2402 714 2443 veteres
750 2400 1015 2455 scripserunt
1050 2400 1192 2454 studi,
1216 2414 1355 2457 neque
1385 2400 1584 2445 videntur
1614 2401 1662 2443 il-

171 2466 259 2509 lum
289 2467 562 2523 pinguiorem
593 2480 746 2510 sonum
782 2467 986 2511 audisse.
1010 2472 1123 2511 certe
1153 2469 1389 2513 Petrarcha
1419 2470 1463 2512 in
1494 2472 1661 2513 sonetto

177 2535 257 2578 166
287 2534 370 2578 hoc
399 2536 589 2580 medium
619 2536 804 2579 collocat
833 2536 944 2580 inter
971 2537 1061 2580 alia
1090 2551 1203 2592 quae
1234 2538 1428 2582 vocalem
1460 2543 1662 2582 extenua-

174 2606 262 2645 tam
284 2601 469 2659 habent,
491 2604 641 2648 chiudi
655 2604 757 2660 (hoc
778 2608 843 2648 est
862 2604 1050 2660 claudis)
1069 2606 1190 2649 studi
1201 2607 1330 2650 crudi
1346 2607 1524 2665 iynudi-
1546 2607 1663 2650 idem

174 2670 219 2712 in
250 2671 468 2726 triumpho
498 2673 647 2716 mortis
677 2688 705 2729 1,
723 2673 778 2716 62
807 2673 934 2730 paria
962 2675 1084 2729 ponit
1114 2683 1158 2717 tu
1184 2675 1335 2732 9uidi,
1358 2677 1394 2718 ti
1406 2676 1522 2732 fidi,
1543 2675 1667 2718 molti

161 2738 353 2795 fastidi,
374 2743 421 2781 ut
451 2740 658 2784 hodierno
689 2754 807 2784 more
823 2742 992 2800 fastidj
1018 2742 1102 2786 dici
1139 2755 1227 2785 non
1258 2742 1442 2786 debeat.
1466 2743 1663 2786 similiter

175 2807 342 2850 Dantes
372 2807 416 2850 in
434 2807 646 2851 Paradiso
678 2822 735 2864 vr,
752 2809 805 2852 47
837 2811 950 2853 Deci
975 2827 996 2853 e
1022 2811 1156 2865 Fabi,
1178 2811 1343 2865 Arabi,
1364 2820 1408 2854 tu
1440 2812 1531 2854 Zabi
1541 2845 1551 2866 ,
1574 2825 1661 2854 non

174 2875 292 2932 Fabj.
333 2875 447 2919 idem
480 2875 668 2933 tripudi,
690 2890 778 2919 non
815 2878 1002 2935 tripuqu,
1025 2879 1071 2920 in
1108 2878 1261 2921 eadem
1299 2879 1502 2922 carminis
1537 2883 1662 2935 parte

173 2944 639 3000 xxv111‚124,scilicet
676 2946 945 2988 coniunctum
986 2959 1077 2989 cum
1121 2947 1387 2990 tenuioribus
1423 2947 1589 2990 viv-cudi
1620 2952 1662 2991 et

176 3011 296 3055 ludi.
1563 3017 1567 3022 ’
