2040 3328
868 258 935 301 III
1561 259 1611 302 17
1615 260 1641 303 9

163 372 408 425 Quadratus
437 372 624 414 minanti
648 372 803 414 omittit
825 387 834 414 :
866 372 982 415 idem
1012 372 1058 414 in
1087 384 1216 414 versu
1246 371 1370 414 tertio
1402 371 1615 415 discedere
1630 404 1641 416 .

163 443 375 484 corrector
403 439 581 494 oblongi
619 443 661 482 et
698 440 796 483 Itali
826 439 1042 496 Serpentis
1071 439 1211 483 cauda
1240 472 1251 484 .
1283 440 1494 483 Avantius
1525 439 1644 482 dedit

161 507 342 551 caudam
361 523 374 550 .·
403 507 505 550 inde
536 508 637 550 Pius
667 508 869 551 minantis
898 508 1112 564 Serpentis
1143 507 1325 550 caudam
1347 540 1357 550 .
1386 508 1466 551 hoc
1496 521 1642 563 quam-

162 588 291 631 quam
320 576 442 618 multi
472 576 736 632 probarunt,
769 580 917 632 aperte
947 575 1102 618 falsum
1138 580 1230 618 est:
1265 589 1367 619 nam
1396 580 1530 620 totam
1561 590 1643 620 ser·

161 648 332 700 pentem
362 644 542 700 discidi,
580 659 666 688 non
701 648 864 687 tantum
900 642 1109 700 caudam,
1142 657 1166 687 e
1194 645 1403 700 proximis
1433 650 1640 701 apparet,

161 712 235 756 ubi
265 716 332 755 est
359 713 506 769 Ipsam
536 730 660 770 seque
689 722 802 756 retro
829 721 992 769 partem
1019 721 1159 769 petere
1188 728 1258 755 ore
1281 715 1472 770 priorem
1493 747 1503 756 .
1529 718 1644 758 recte

162 781 297 836 igitur
325 780 535 824 Marullus
567 781 739 837 scripsit
768 780 1068 822 SERPENTEM
1098 813 1108 824 .
1140 784 1229 823 tum
1258 781 1374 824 idem
1405 781 1554 839 linqua
1583 784 1643 826 vi-

161 849 306 892 brante
320 850 524 893 minacem
535 875 579 881 —-
596 859 633 893 et
648 849 809 892 caudae
814 865 996 907 procero
1011 864 1183 906 corpore
1198 865 1212 891 .·
1225 850 1357 906 paulo
1374 851 1615 906 elegantius
1633 885 1642 908 ,

160 917 248 960 nisi
285 918 402 972 quod
437 918 652 975 Serpentis
691 918 873 974 retinet,
911 917 1206 960 Wakefieldus
1245 919 1394 974 linqua
1428 921 1643 975 vibrante,

161 987 346 1028 minanti
360 1011 415 1016 —
437 986 576 1029 cauda
612 995 649 1030 et
673 1002 848 1044 procero
889 1001 1061 1042 corpore
1092 1017 1102 1027 .
1134 986 1244 1028 alter
1281 986 1390 1029 duas
1430 989 1644 1044 serpentis

162 1059 308 1110 partes
329 1053 459 1110 facit,
482 1055 591 1097 alter
611 1058 698 1098 tres
723 1089 733 1099 .
755 1054 890 1096 nihilo
912 1054 1053 1096 minus
1079 1053 1116 1096 is
1145 1054 1218 1109 qui
1239 1059 1326 1097 tres
1347 1054 1476 1112 facit,
1497 1057 1644 1100 nescio

162 1122 379 1177 quomodo
410 1131 633 1179 utrumque
662 1123 868 1180 serpentis
883 1155 894 1176 ‚
916 1122 962 1164 id
983 1126 1074 1177 est,
1096 1126 1142 1165 ut
1167 1123 1250 1178 ipsi
1272 1123 1441 1167 videtur
1456 1158 1468 1179 ,
1489 1129 1645 1167 utram-

163 1203 248 1245 que
277 1191 489 1246 serpentis
519 1195 685 1246 partem
717 1190 871 1233 discidi
901 1190 1021 1233 vult:
1051 1190 1304 1245 prudentius
1335 1192 1371 1234 is
1404 1193 1477 1247 qui
1509 1193 1642 1248 duaS,

162 1263 406 1315 serpentem
425 1261 634 1316 utrimque
659 1258 704 1301 in
731 1259 887 1300 multas
918 1262 1061 1314 partes
1084 1259 1281 1314 discidit,
1303 1260 1400 1315 vel,
1422 1274 1550 1316 quem
1571 1261 1644 1304 ad-

163 1326 336 1370 modum
378 1327 470 1382 ipse
506 1340 592 1369 non
628 1331 743 1370 recte
781 1327 979 1382 scripsit,
1017 1326 1256 1371 discindit.
1288 1327 1366 1371 sed
1395 1342 1535 1384 neque
1564 1329 1646 1372 hoc

162 1396 373 1452 utrimque
403 1395 510 1438 satis
540 1394 747 1450 ponderis
777 1395 932 1451 habet,
966 1399 1008 1438 et
1043 1395 1157 1438 iners
1195 1399 1324 1451 atque
1362 1397 1552 1453 ineptum
1584 1398 1645 1441 di-

164 1463 291 1506 cendi
322 1475 459 1518 genus
490 1462 572 1506 hoc
602 1468 693 1520 est,
726 1477 810 1519 quo
841 1476 895 1506 ex
924 1476 1104 1519 procera
1136 1465 1275 1507 cauda
1303 1463 1350 1507 fit
1378 1481 1530 1522 corpus
1546 1482 1644 1523 pro-

163 1547 305 1574 cerum
326 1531 488 1575 caudae
505 1564 515 1574 .
538 1536 698 1587 quanto
715 1532 871 1574 rectius
888 1536 981 1574 erat
996 1531 1103 1574 illud
1120 1533 1282 1576 caudae
1296 1566 1307 1587 ‚
1330 1547 1384 1576 ex
1405 1547 1489 1589 quo
1511 1535 1646 1579 caude

162 1599 324 1643 factum
354 1613 449 1643 esse
479 1604 623 1656 patet,
647 1600 846 1644 diiunctis
867 1600 1020 1643 litteris
1042 1601 1187 1654 legere
1218 1601 1359 1644 cauda
1389 1603 1444 1645 e!
1473 1603 1648 1659 scripsit

163 1673 293 1725 poeta
322 1669 471 1725 linqua
499 1670 691 1712 vibrante
720 1683 930 1710 nuciam-1
950 1668 1189 1725 Serpentem
1221 1683 1389 1711 CAUDA
1418 1684 1444 1711 Ε
1471 1687 1647 1728 procero

163 1752 336 1794 corpore
366 1751 625 1783 urmmoun
643 1771 652 1780 .
675 1750 776 1779 nam
806 1738 1016 1794 utrimque
1036 1737 1208 1779 Marulli
1237 1750 1344 1780 sane
1374 1739 1646 1793 probandum

163 1809 256 1848 est:
278 1804 492 1859 utrimque
523 1818 546 1847 e
574 1819 752 1861 procero
785 1818 990 1860 corpore,
1012 1805 1058 1847 id
1090 1809 1154 1848 est
1184 1817 1237 1847 ex
1267 1810 1448 1861 utraque
1477 1809 1647 1863 proceri

164 1874 358 1930 corporis
388 1877 537 1928 parte,
560 1873 711 1928 lingua
731 1874 901 1928 vibrat,
924 1874 1052 1916 micat
1082 1872 1221 1915 cauda
1243 1906 1252 1914 .
1273 1875 1425 1929 micat,
1448 1875 1645 1931 inquam,

163 1955 249 1984 non
269 1942 457 1983 minatur
474 1957 487 1982 .·
507 1940 588 1982 hoc
609 1942 721 1983 enim
742 1942 893 1996 lingua
908 1941 1041 1983 multo
1059 1942 1197 1995 magis
1216 1941 1318 1984 facit
1333 1956 1462 1996 quam
1479 1945 1619 1987 cauda
1635 1977 1645 1997 ,

164 2009 359 2052 micandi
383 2013 526 2051 autem
556 2009 732 2053 verbum
762 2009 937 2063 linguae
968 2014 1011 2052 et
1040 2009 1207 2052 caudae
1242 2011 1456 2065 serpentis
1486 2013 1648 2067 pariter

165 2077 364 2120 convenit
385 2110 394 2120 .

279 2144 377 2188 662.
407 2145 561 2187 IPSAM
592 2159 816 2192 anUERn
847 2159 1008 2187 Rssrno
1033 2178 1042 2189 .
1063 2146 1267 2202 Impressi
1299 2159 1392 2189 cum
1417 2148 1538 2191 Italis
1570 2163 1647 2190 sn-

166 2227 266 2260 QUE
296 2222 407 2256 retro
430 2246 439 2255 .

279 2282 376 2326 663.
407 2282 666 2325 Vonsmus
696 2297 951 2338 ARDENTI,
980 2297 1042 2324 UT
1073 2296 1239 2325 Monsn
1270 2297 1465 2325 PREMAT
1497 2317 1507 2341 ,
1535 2300 1649 2327 rcTA

164 2364 363 2392 DOLORE
395 2383 405 2392 .
436 2352 504 2394 Ita
540 2351 647 2394 haec
676 2351 969 2395 Wakefieldus
1008 2351 1231 2406 distinxit,
1272 2365 1353 2406 ego
1391 2366 1528 2408 neque
1566 2354 1651 2397 dis-

166 2419 299 2462 tincta
328 2432 466 2474 neque
497 2419 747 2463 indistincta
776 2421 980 2475 intellego
1004 2435 1013 2462 :
1042 2433 1204 2474 quaero
1236 2422 1376 2475 enim,
1409 2421 1512 2475 quid
1542 2423 1651 2465 illud

167 2487 223 2530 sit
251 2487 368 2542 quod
391 2497 616 2544 prematur
639 2521 647 2529 .
670 2488 943 2530 scribendum
975 2494 1038 2531 est
1067 2502 1335 2544 DOLOREM,
1368 2489 1455 2545 ita,
1487 2500 1533 2533 ut
1561 2492 1650 2534 vul—

166 2557 283 2598 neris
313 2555 497 2598 dolorem
523 2565 690 2612 premat
719 2556 892 2599 ardenti
915 2573 1059 2600 morsu
1078 2590 1088 2600 .
1304 2592 1307 2593 γ

281 2623 378 2666 665.
418 2624 729 2666 Pani-mnne
766 2639 948 2666 Annus
984 2639 1170 2667 ANIMAS
1204 2658 1213 2667 .
1252 2625 1477 2680 Oblongus
1512 2628 1652 2682 prima

169 2702 300 2732 manu
331 2691 576 2734 Particulas
602 2725 612 2734 .
644 2692 836 2736 eiusdem
866 2696 1078 2736 corrector
1107 2706 1258 2737 vocem
1286 2695 1399 2737 male
1429 2695 1652 2749 repetitam

170 2757 330 2801 delevit
351 2791 361 2800 .

284 2826 382 2869 674.
419 2841 582 2868 TANro
620 2842 778 2870 ornan
814 2843 1017 2870 Amms'r
1042 2862 1051 2871 .
1081 2831 1176 2873 680.
1209 2843 1386 2871 SOLITA
1414 2839 1651 2874 Ammis'r.

169 2893 380 2938 Marullus
411 2904 624 2952 tantopere
653 2910 740 2937 ΕΜ·
771 2898 932 2951 animi,
964 2902 1007 2940 et
1035 2899 1160 2940 solita
1187 2911 1276 2938 EST
1307 2899 1446 2941 anirm‘
1462 2932 1472 2942 .

284 2963 382 3005 676.
406 2977 458 3003 ID
479 2977 539 3004 AB
559 2978 686 3005 miro
707 2978 794 3005 IAM
815 2979 1031 3007 Loncms
1051 2980 1210 3007 ERRAT
1236 2999 1246 3008 .
1268 2965 1486 3010 Charisius
1512 2981 1554 3024 p.
1575 2968 1654 3012 183

169 3034 212 3073 et
228 3031 394 3073 Nonius
412 3045 452 3086 p.
470 3031 567 3087 515,
592 3032 642 3075 15
667 3049 694 3075 a
711 3032 788 3076 Zeto
805 3034 892 3076 iam
909 3034 1087 3092 Zonyiter
1101 3068 1110 3078 .
1127 3035 1225 3077 hinc
1240 3034 1403 3090 primus
1420 3035 1655 3079 Lambinus

1299 3103 1389 3145 12*
