2040 3328
897 261 963 304 111
1491 230 1494 231 ⁷
1590 263 1670 305 193

193 375 340 417 risium
370 387 411 429 p.
437 373 517 414 114
533 406 543 426 ,
566 373 665 416 item
696 374 739 415 in
761 374 944 418 Hercule
970 375 1077 418 1095
1098 374 1289 431 Seneca,
1314 385 1510 432 quattuor
1528 376 1671 418 littera

191 459 221 484 u
241 445 314 484 aut
342 442 648 496 praetermissa
678 446 753 484 aut
772 443 817 484 in
840 447 1143 486 consonantem
1165 443 1318 487 durata
1336 476 1345 486 .
1368 457 1507 499 neque
1528 448 1670 487 tamen

191 510 280 552 ullo
296 509 424 552 modo
439 509 643 553 credibile
663 514 728 553 est
740 510 1042 554 Germanicum
1057 511 1286 555 Caesarem
1300 513 1344 556 in
1355 513 1489 555 Arato
1507 511 1670 554 dixisse

192 577 374 620 Graecia
386 594 668 635 praecurram
685 579 826 635 potius
842 595 968 635 quam
985 580 1203 637 trz'anqula
1218 581 1358 624 dicam
1376 614 1385 636 ,
1408 580 1522 636 quod
1541 580 1580 623 ei
1597 580 1670 622 ad—

190 645 354 700 fingunt
374 646 544 689 codices
561 648 772 691 Prisciani
793 662 834 704 p.
854 647 963 690 1358
982 662 991 690 :
1012 648 1280 691 verissimum
1297 649 1425 692 fuerit
1444 666 1520 691 cur
1543 648 1670 691 divite

105 744 108 747 >
192 714 340 772 linqua
361 714 527 757 Graeca
538 733 700 773 parum
721 733 861 759 curem
875 749 886 770 ,
906 717 1128 772 potiusque
1150 717 1367 774 tri‘auyula
1389 717 1526 759 dicam
1545 750 1554 759 ,
1577 716 1668 759 Sul-

190 782 306 838 picia
320 795 491 838 quoque
507 783 730 838 indignum
747 783 941 838 estquod
958 783 1115 837 legitur
1134 783 1176 824 in
1195 784 1328 827 satira
1345 785 1437 827 eius
1458 817 1467 840 ,
1490 787 1578 828 Nec
1595 787 1669 827 tri-

191 860 321 894 metro
351 852 489 893 iambo
519 868 592 894 uec
624 854 703 908 qui
719 850 830 908 pede
838 851 1014 907 fractus
1043 851 1213 907 eodem,·
1233 865 1344 906 quae
1375 852 1478 894 mihi
1499 853 1669 896 videtur

189 919 416 975 scripsisse
445 920 534 962 Neo
565 921 774 974 trimetro,
796 935 869 962 nec
899 920 978 975 qui
989 920 1167 975 fractus
1197 920 1305 977 pede
1342 922 1508 963 iambus
1530 921 1670 964 eodem

190 987 373 1031 Fortiter
393 988 530 1030 irasci
545 986 697 1030 didicit
718 987 820 1030 duce
842 987 1102 1030 Clazomenio
1120 1020 1129 1030 .
1151 989 1350 1031 scaenica
1371 989 1544 1031 licentia
1561 1023 1570 1044 ,
1592 1002 1670 1045 per

192 1055 531 1111 diphthongum,
553 1055 636 1099 nisi
658 1054 813 1110 fallor,
836 1055 1025 1098 Lucilius
1056 1056 1172 1112 apud
1193 1057 1379 1099 Nonium
1409 1071 1451 1112 p.
1471 1058 1535 1112 19,
1562 1058 1582 1099 1
1615 1057 1670 1100 Iu

191 1133 306 1167 terra
313 1123 410 1180 fuit
437 1123 653 1180 Zucffuqus
668 1151 679 1178 9
702 1127 743 1165 et
763 1137 805 1178 p.
822 1123 890 1178 26,
911 1123 939 1166 5
963 1123 1219 1180 Conpernem
1245 1134 1319 1167 aut
1338 1142 1488 1168 varam
1494 1126 1643 1182 fuisse
1656 1160 1667 1182 ‚

189 1191 305 1234 idem
335 1190 450 1247 apud
472 1190 720 1234 Ciceronem
743 1191 797 1234 de
816 1190 972 1234 finibus
993 1206 1020 1245 1,
1043 1193 1070 1235 9
1091 1193 1293 1235 Malui-eti
1308 1193 1400 1236 dici
1415 1198 1457 1236 et
1483 1194 1540 1237 Id
1558 1195 1672 1251 quod

189 1259 384 1301 maluisti
396 1291 406 1300 .
427 1258 493 1301 his
510 1260 638 1314 paulo
655 1259 902 1301 laudatiora
922 1263 1019 1301 sunt
1035 1273 1147 1315 quae
1163 1261 1208 1302 in
1224 1278 1264 1303 m
1285 1261 1469 1304 litteram
1487 1266 1667 1320 exeunt:

188 1340 329 1382 neque
359 1339 413 1370 ea
441 1326 497 1369 ad
518 1326 599 1369 hoc
629 1339 764 1381 genus
792 1328 1033 1382 pertinent,
1057 1328 1094 1370 si
1125 1342 1271 1372 verum
1303 1334 1369 1372 est
1398 1329 1512 1384 quod
1534 1330 1590 1373 ad
1620 1331 1668 1372 li-

181 1396 309 1439 brum
330 1409 374 1449 11,
397 1395 495 1438 991·
511 1394 599 1436 dixi
617 1427 627 1450 ,
648 1395 691 1436 in
722 1395 788 1437 his
819 1408 914 1438 esse
936 1395 1150 1451 syllabam
1181 1400 1336 1438 natura
1364 1397 1541 1452 longam
1560 1431 1569 1442 .
1592 1399 1669 1442 ita-

189 1477 270 1519 que
291 1464 432 1506 avium
454 1462 620 1505 duabus
635 1463 792 1524 *longis
814 1463 993 1519 syllabis
1017 1464 1178 1506 Ennius
1202 1463 1309 1506 dixit
1327 1498 1337 1519 ,
1359 1465 1515 1508 Avium
1542 1483 1667 1523 prae-

181 1532 375 1590 petibus,
397 1531 513 1588 apud
535 1531 783 1574 Ciceronem
806 1531 860 1575 de
882 1531 1150 1575 divinatione
1170 1547 1198 1588 1,
1225 1533 1304 1576 108
1322 1565 1332 1587 ,
1356 1533 1457 1576 item
1474 1534 1667 1578 Catullus

188 1600 382 1643 similiter
399 1600 636 1644 Camerium
649 1601 759 1643 mihi
765 1601 974 1657 pessimae
987 1598 1156 1657 puellae
1170 1634 1181 1655 ,
1201 1605 1242 1643 et
1257 1601 1459 1645 Horatius
1484 1603 1563 1645 Vos
1580 1603 1669 1645 lene

188 1669 408 1712 consilium
425 1678 462 1712 et
478 1668 591 1712 datis
612 1678 648 1712 et
664 1668 761 1712 dato
775 1665 925 1724 ‚stHirzc
941 1685 1058 1712 omne
1065 1670 1333 1725 principium
1349 1670 1429 1712 huc
1444 1670 1559 1726 refer
1581 1672 1667 1714 eaei-

188 1745 274 1779 tum
290 1769 300 1779 .
321 1736 366 1779 in
395 1735 462 1779 his
483 1737 505 1780 z·
520 1737 706 1780 litteram
735 1737 1021 1793 pinguescere
1050 1737 1324 1792 perspicuum
1346 1742 1437 1780 est.
1459 1751 1593 1793 quare
1623 1739 1667 1781 in

187 1804 366 1851 Graccis
386 1804 511 1848 huius
532 1804 648 1848 modi
679 1804 785 1847 nihil
816 1804 1078 1848 admittitur:
1102 1818 1200 1847 nam
1222 1806 1497 1848 Pharsaliam
1523 1814 1669 1850 coeunt

188 1871 357 1916 Catullo
387 1873 583 1929 imperite
613 1887 699 1916 non
731 1873 840 1916 nulli
870 1872 1215 1928 adscripserunt:
1237 1874 1314 1916 sed
1346 1874 1390 1916 in
1410 1874 1576 1917 Latinis
1603 1891 1668 1918 co-

187 1941 360 1983 nubium
380 1941 603 1984 Lucretius
633 1955 673 1997 v,
699 1942 808 1984 1013
839 1945 881 1984 et
912 1941 1106 1984 Catullus
1128 1941 1195 1996 62,
1217 1942 1271 1984 57
1305 1942 1505 1985 dixerunt
1531 1943 1666 1985 tribus

187 2008 369 2064 syllabis
389 2042 399 2065 ,
423 2008 605 2053 Ovidius
627 2019 664 2052 et
679 2011 814 2066 spissi
825 2010 962 2052 litoris
978 2009 1154 2051 Antium
1171 2010 1574 2066 metamorphoseon
1595 2024 1666 2067 xv,

189 2077 283 2132 718,
315 2077 534 2120 Iuvenalis
555 2078 688 2120 satira
708 2091 765 2133 vl,
788 2077 843 2120 82
874 2078 1068 2120 comitata
1089 2086 1148 2120 est
1166 2078 1313 2135 Eppia
1334 2078 1497 2121 ludium
1511 2111 1523 2133 ,
1546 2079 1668 2121 Luci·
1718 2129 1724 2134 ,

187 2144 272 2187 lius
303 2144 410 2188 Inde
435 2146 763 2188 Dicaearchium
783 2145 969 2201 populos
996 2145 1234 2202 Delumque
1262 2147 1463 2189 minorem
1481 2179 1489 2188 .
1512 2146 1593 2189 hoc
1623 2147 1667 2189 in

187 2212 309 2255 Pauli
326 2212 544 2256 codicibus
560 2227 602 2269 p.
624 2214 704 2256 122
720 2214 925 2269 scriptum
944 2218 1008 2255 est
1024 2213 1328 2257 dz'cz'archicum
1345 2230 1358 2256 :
1378 2228 1525 2258 veram
1541 2228 1668 2270 gene-

187 2280 264 2323 tivi
287 2280 468 2324 formam
490 2281 749 2325 confirmabo
771 2281 828 2324 ad
848 2281 1004 2323 librum
1025 2295 1065 2334 V,
1084 2281 1137 2324 85
1156 2314 1165 2323 .
1186 2282 1444 2326 Dz'carcheos
1464 2282 1572 2325 Silio
1595 2287 1668 2325 aut

186 2347 323 2391 Statio
343 2349 515 2405 placere
535 2351 701 2406 potuit,
723 2362 810 2392 non
830 2348 997 2391 Lucilio
1018 2363 1027 2391 :
1050 2349 1381 2393 Dicaearcheum
1398 2384 1409 2406 ,
1432 2350 1547 2405 quod
1563 2351 1669 2393 Mul-

186 2416 301 2460 lcrus
333 2416 459 2473 fecit,
482 2418 682 2460 Latinum
705 2431 799 2461 esse
819 2430 931 2472 nego
951 2450 960 2472 ,
983 2429 1122 2473 neque
1150 2417 1272 2460 deum
1293 2419 1665 2476 monosyllabum,

187 2484 303 2539 quod
334 2485 406 2528 ille
436 2499 464 2528 a
494 2499 542 2528 se
578 2486 832 2542 saepissime
864 2485 1138 2529 observatum
1169 2487 1341 2542 scribit,
1366 2491 1488 2530 extra
1517 2501 1668 2531 versus

186 2553 410 2596 scaenicos
446 2554 673 2609 quisquam
708 2553 842 2596 dixit.
864 2558 1101 2610 posuerunt
1135 2558 1277 2596 tamen
1314 2556 1492 2598 balteum
1529 2560 1571 2597 et
1608 2556 1668 2598 at-

187 2635 308 2662 veum
335 2634 414 2676 per
443 2621 742 2677 diphthongon
781 2621 1002 2677 disyllaba
1033 2622 1286 2677 epitomator
1318 2623 1482 2665 Iliados
1513 2624 1596 2666 632
1627 2627 1669 2666 et

186 2686 350 2730 Statius·
379 2688 626 2732 Thebaidos
655 2704 696 2745 v,
724 2691 772 2745 1,
796 2689 873 2733 sed
903 2690 1013 2745 soli,
1035 2702 1174 2744 neque
1212 2690 1274 2733 ita
1304 2691 1531 2748 quisquam
1565 2691 1667 2733 The-

187 2771 302 2797 seum
333 2759 406 2798 aut
425 2756 635 2813 Orpheum
666 2757 803 2813 dixit,
826 2758 869 2799 in
901 2758 1056 2813 quibus
1088 2774 1109 2801 e
1139 2759 1303 2800 vocalis
1326 2758 1494 2801 Graeca
1525 2771 1617 2800 cum
1639 2775 1668 2800 u

189 2822 348 2865 Latina
377 2836 463 2865 non
493 2825 578 2866 coit
598 2857 607 2867 .

303 2891 399 2934 919.
450 2905 708 2938 VITAMQUE
757 2906 1013 2950 Rnoumn'r
1030 2924 1040 2934 .
1108 2894 1237 2935 Recte
1288 2893 1534 2948 Naugerius
1585 2909 1668 2935 nn-

187 2973 362 3004 Qmmr
379 2991 388 3002 .

300 3027 396 3071 922.
427 3027 530 3069 Nnc
567 3042 881 3070 Dnsmnunm
919 3043 1102 3070 NOSTRI
1137 3043 1227 3070 NOS
1263 3043 1437 3070 Amen*
1473 3045 1638 3074 ULLUM
1657 3064 1666 3073 .

1315 3098 1366 3140 13
