2040 3328
913 258 980 301 111
1604 238 1687 302 209

207 378 292 422 493
312 377 394 421 597
418 375 500 419 631
532 374 645 417 Med.
667 374 751 416 984
772 373 856 417 994
885 373 1008 416 Herc.
1035 373 1145 417 1062
1168 373 1277 417 1089
1306 372 1413 415 1421
1445 372 1554 415 1616
1579 372 1686 415 1681

211 447 322 489 1760
339 445 446 488 1911
468 444 574 487 1977
593 444 698 500 petit
714 443 827 499 perit
847 443 933 484 abit
953 441 1045 484 adit
1058 441 1169 484 redit
1189 442 1296 496 obit,
1319 440 1519 494 idemque
1541 439 1584 480 in
1605 452 1689 481 me-

209 514 292 557 diis
312 512 510 556 versibus
532 527 712 568 quonam
740 511 826 552 abit
851 511 1026 568 teyimen
1047 509 1171 552 Herc.
1195 509 1274 552 fur.
1300 509 1407 552 1151
1426 542 1436 564 ,
1468 525 1562 551 cum
1574 508 1691 564 perit

208 583 338 625 nescit
354 582 509 635 Agam.
531 580 638 634 113,
662 584 703 622 et
734 578 891 622 similia
911 578 956 620 in
976 577 1159 620 Hercule
1180 579 1315 621 altero
1337 577 1445 620 1865
1472 577 1576 619 1867
1597 611 1606 620 .
1629 575 1691 619 Si-

209 650 292 694 lius
307 650 352 692 in
367 663 429 704 111,
441 649 524 692 228
541 648 716 692 Saevior
730 649 763 690 it
779 648 965 689 trucibus
981 679 991 700 ‚
1010 661 1066 701 ιν,
1084 646 1170 688 344
1185 647 1316 688 Ensis
1331 647 1413 688 obit
1430 645 1691 701 laudemque,

208 733 267 773 xi,
280 719 334 763 78
349 733 630 774 numquamne
643 732 721 773 per
736 732 861 758 aures
877 715 918 757 It
931 715 1122 757 vestras?
1138 715 1262 757 huius
1278 713 1396 756 modi
1408 713 1515 756 nihil
1532 712 1694 755 audent

211 786 446 842 Vergilius,
466 785 664 839 Ovidius,
683 783 876 837 Gratius,
895 783 1193 838 Germanicus,
1212 783 1428 837 Lucanus,
1446 782 1691 835 Petronius,

211 854 401 910 Statius,
424 854 633 896 Martialis
650 887 660 907 ,
684 852 903 895 Iuvenalis
922 884 931 894 .
954 850 1030 894 sed
1062 851 1172 894 dixit
1193 853 1303 909 petit
1322 850 1528 893 Euandri
1544 850 1693 904 Vergi-

211 923 293 966 lius
310 923 416 966 Aen.
434 924 547 976 1x,9,
566 921 744 965 Ovidius
760 921 867 963 trist.
885 935 912 975 1,
925 920 988 975 10,
999 920 1053 963 25
1069 920 1425 976 Dardaniamque
1437 919 1541 975 petit
1556 927 1694 961 aucto-

210 995 275 1036 ris
289 1025 300 1047 ,
323 992 533 1034 fastorum
553 1006 580 1046 1,
599 991 679 1034 109
699 990 898 1033 Flamma
924 990 1031 1045 petit
1050 989 1182 1031 altum
1197 1023 1208 1044 ,
1229 993 1400 1031 metam.
1423 1002 1462 1042 v,
1479 987 1566 1030 460
1596 987 1694 1029 late-

213 1062 413 1117 bramque
428 1061 534 1117 petit
554 1067 779 1116 aptumque
799 1058 955 1111 colori,
977 1057 1176 1100 Lucanus
1196 1058 1320 1100 Tecta
1335 1058 1441 1114 petit
1461 1065 1534 1098 aut
1555 1069 1594 1110 V,
1611 1054 1697 1097 522

215 1134 256 1172 et
286 1129 444 1172 similia
470 1143 528 1183 lx,
546 1127 602 1170 32
622 1142 663 1182 x,
680 1126 737 1169 64
754 1159 762 1167 .
785 1139 913 1181 porro
936 1125 1117 1169 Ovidius
1147 1126 1192 1167 in
1215 1140 1303 1181 vl11,
1321 1125 1404 1168 349
1426 1125 1618 1181 Lonyius
1638 1124 1696 1178 it,

214 1207 359 1241 auctor
371 1231 382 1252 ,
400 1201 442 1240 et
457 1195 675 1250 Vergilius
691 1194 797 1236 Aen.
814 1209 871 1249 1x,
888 1194 972 1236 418
989 1195 1103 1236 Dum
1121 1193 1335 1250 trepidant
1347 1226 1359 1247 ,
1376 1194 1409 1236 it
1423 1194 1545 1235 hasta
1560 1193 1675 1248 Taqo
1685 1225 1696 1246 ‚

213 1266 283 1309 cui
304 1264 447 1309 versui
464 1264 708 1318 Wagnerus
731 1263 942 1306 Creticum
965 1262 1108 1304 intulit
1129 1266 1276 1304 contra
1297 1260 1607 1317 exemplarium
1628 1272 1698 1302 ve-

214 1338 352 1378 terum
368 1332 661 1375 auctoritatem
680 1364 689 1382 ‚
709 1331 991 1374 Germanicus
1011 1331 1091 1373 128
1108 1332 1229 1373 cuius
1246 1331 1332 1372 abit
1347 1347 1449 1372 usus
1465 1363 1476 1383 ,
1498 1330 1698 1371 Lucanus

216 1407 317 1446 ante
337 1401 511 1446 vocales
542 1399 634 1442 adit
653 1414 710 1454 lx,
729 1399 809 1441 347
829 1432 838 1454 ,
863 1400 950 1441 abit
979 1413 1052 1454 vn,
1072 1399 1125 1442 75
1157 1413 1247 1452 vm,
1263 1398 1344 1441 321
1377 1399 1557 1454 (Nomen
1588 1397 1699 1450 abit,

217 1480 292 1514 aut
319 1470 431 1514 unde
460 1467 605 1524 redi),
624 1469 737 1524 perit
757 1468 830 1510 hoc
862 1468 941 1523 (sic
971 1472 1084 1510 recte
1106 1466 1328 1522 Heinsius)
1359 1481 1449 1522 v111,
1467 1467 1520 1509 86
1536 1465 1621 1507 422
1641 1478 1699 1518 1x,

219 1540 301 1583 129
319 1573 329 1593 ,
357 1540 440 1582 obit
467 1552 525 1591 rx,
547 1538 654 1590 190,
686 1537 911 1578 Petronius
937 1536 1016 1578 128
1048 1536 1158 1579 redit
1187 1538 1381 1589 animus,
1411 1534 1570 1577 Statius
1602 1537 1701 1575 ante

215 1607 390 1652 vocales
412 1607 522 1649 subit
540 1606 622 1648 obit
642 1606 722 1647 coit
737 1606 850 1662 perit
869 1607 950 1647 init
967 1605 1069 1647 Silv.
1087 1619 1114 1659 1,
1133 1605 1171 1660 6,
1189 1606 1244 1648 93
1265 1619 1322 1659 1v,
1339 1604 1379 1660 3,
1400 1603 1483 1646 130
1502 1617 1542 1657 V,
1563 1602 1598 1656 1,
1617 1601 1700 1644 258

217 1675 351 1718 Theb.
368 1690 413 1731 11,
430 1674 516 1716 474
531 1689 591 1729 111,
602 1674 685 1717 209
701 1674 787 1716 544
802 1688 891 1729 vm,
909 1667 994 1717 332
1011 1690 1051 1725 x,
1074 1673 1155 1716 150
1164 1673 1248 1716 323
1264 1687 1320 1727 XI,
1342 1672 1424 1714 124
1441 1672 1545 1714 Ach.
1558 1686 1584 1726 1,
1602 1670 1700 1724 458,

218 1744 428 1786 Martialis
445 1744 532 1786 abit
541 1743 701 1785 Helene
716 1757 743 1798 1,
758 1743 813 1785 62
830 1776 839 1797 ,
857 1743 1075 1785 Iuvenalis
1092 1742 1202 1785 redit
1218 1743 1304 1784 abit
1320 1742 1403 1784 obit
1410 1742 1526 1798 perit
1542 1754 1602 1793 111,
1622 1739 1703 1780 174

218 1827 274 1868 νι,
295 1812 375 1855 128
392 1811 475 1855 295
491 1811 575 1865 559
605 1825 646 1866 x,
668 1812 747 1854 118
766 1844 775 1852 .
798 1824 892 1853 cum
922 1811 1063 1866 prima
1082 1811 1215 1864 longa
1236 1813 1325 1865 est,
1349 1809 1459 1851 solet
1479 1807 1568 1850 fere
1590 1816 1703 1849 tran-

218 1882 291 1924 siit
321 1885 363 1923 et
393 1881 496 1923 eoez'it
516 1879 672 1934 scribi,
695 1879 771 1922 sed
804 1879 942 1934 falso,
967 1892 1062 1921 cum
1084 1879 1275 1922 Creticus
1305 1890 1381 1933 pes
1403 1875 1478 1919 fiat
1506 1888 1583 1931 pro
1607 1875 1704 1917 dac-

219 1949 310 2006 tylo
340 1950 412 1992 vel
451 1951 719 2003 anapaesto:
753 1947 862 1990 dixit
891 1947 1109 2001 Vergilius
1142 1947 1247 1989 Exit
1276 1945 1336 1988 ad
1364 1945 1524 1987 caelum
1554 1957 1702 1998 georg.

219 2018 334 2073 11,81
359 2051 369 2073 ,
401 2018 507 2060 Exit
537 2017 830 2072 oppositasque
859 2015 966 2058 Aen.
998 2029 1042 2070 11,
1061 2015 1172 2066 497,
1205 2015 1346 2056 Aerea
1377 2029 1496 2070 quem
1527 2012 1706 2054 oblicum

219 2095 313 2129 rota
343 2087 496 2128 transit
526 2094 599 2127 aut
625 2086 775 2141 yravis
805 2085 890 2126 ictu
920 2098 960 2138 v,
978 2083 1089 2138 274,
1116 2083 1290 2125 Transit
1318 2083 1520 2124 inteaetum
1549 2079 1704 2134 (Tran—

221 2156 299 2198 siet
318 2154 556 2208 Mediceus)
587 2168 627 2206 Χ,
647 2152 755 2206 785,
788 2151 960 2194 Transit
990 2161 1027 2194 et
1052 2167 1248 2208 parmam
1281 2150 1393 2205 817,
1417 2149 1591 2192 Gratius
1626 2148 1706 2190 139

222 2223 328 2266 Exit
357 2224 483 2279 inque
512 2223 635 2278 ipsa,
658 2220 820 2263 Statius
855 2221 1029 2262 Transit
1058 2221 1182 2262 hasta
1213 2219 1317 2262 duos
1347 2217 1480 2260 Theb.
1503 2232 1577 2271 ΧΠ,
1597 2217 1706 2270 750,

224 2291 411 2346 denique
429 2290 636 2332 Martialis
654 2304 696 2344 11,
715 2289 771 2331 64
791 2290 943 2330 transit
960 2297 997 2331 et
1012 2289 1206 2331 Nestoris
1224 2297 1342 2330 aetas
1363 2319 1373 2329 .
1395 2287 1483 2328 iam
1504 2298 1607 2328 vero
1625 2285 1708 2326 Lu-

224 2360 380 2402 cretius
403 2358 596 2414 (tandem
614 2357 726 2400 enim
744 2356 800 2399 ad
818 2356 929 2399 hunc
945 2356 1201 2399 veniendum
1221 2359 1302 2407 est)
1321 2368 1415 2397 cum
1434 2354 1590 2396 dixerit
1607 2354 1711 2395 Ater

223 2429 304 2470 init
324 2428 463 2470 oculos
484 2430 526 2469 et
542 2427 686 2482 prima
697 2427 811 2482 perit
831 2426 997 2482 alioque
1018 2439 1073 2478 1v,
1092 2425 1176 2468 314
1193 2425 1272 2467 771
1292 2457 1302 2479 ,
1326 2422 1530 2466 credibile
1546 2435 1630 2464 non
1648 2426 1713 2464 est

226 2509 322 2538 eum
353 2495 513 2537 dixisse
544 2495 626 2538 obit
654 2493 854 2548 decurso,
876 2494 959 2536 nisi
991 2493 1102 2536 hunc
1123 2507 1253 2536 unum
1284 2506 1337 2535 ex
1358 2490 1553 2534 omnibus
1584 2491 1712 2533 licen-

225 2564 330 2606 tiam
362 2564 619 2606 comicorum
648 2563 855 2604 imitatum
888 2574 984 2605 esse
1015 2562 1333 2604 existimamus.
1355 2573 1455 2602 nam
1485 2559 1712 2601 Terentius

228 2643 335 2673 sane
366 2635 408 2673 et
428 2636 528 2673 ante
548 2630 722 2673 vocales
755 2629 820 2671 his
842 2629 990 2672 formis
1015 2643 1118 2672 usus
1151 2635 1214 2672 est
1235 2634 1276 2672 et
1307 2633 1406 2672 ante
1427 2631 1712 2670 consonantes

227 2695 395 2741 litteras
413 2729 422 2739 .
443 2698 488 2740 in
504 2698 676 2753 Hecyra
695 2713 755 2752 111,
773 2698 812 2752 2,
834 2697 885 2738 12
905 2698 1016 2739 Hem
1034 2700 1134 2741 isto'e
1156 2699 1276 2741 verbo
1298 2699 1466 2739 animus
1485 2694 1718 2752 mihiredit

230 2775 267 2809 et
296 2772 402 2808 cura
431 2782 483 2808 esc
512 2766 635 2808 eorde
666 2768 866 2808 eoecessit.
890 2767 933 2807 in
960 2765 1217 2808 Phormione
1238 2779 1294 2819 1V,
1312 2765 1352 2818 4,
1371 2764 1425 2806 25
1457 2763 1575 2805 Intro
1605 2767 1640 2805 it
1669 2763 1715 2805 in

230 2834 350 2877 aedis
380 2843 470 2876 ater
506 2834 670 2876 alienus
706 2835 824 2875 canis
842 2867 851 2876 .
874 2835 917 2876 in
948 2834 1154 2876 Eunucho
1186 2848 1245 2888 111,
1263 2833 1303 2886 5,
1320 2832 1376 2874 45
1407 2832 1474 2886 It,
1498 2831 1602 2872 Za'vit
1618 2863 1629 2884 ,
1651 2819 1721 2887 re·-

232 2902 314 2945 diit
328 2935 339 2956 ,
363 2901 513 2944 deinde
534 2918 623 2943 eam
641 2934 650 2942 .
674 2916 713 2956 v,
731 2902 770 2956 2,
787 2902 843 2944 53
870 2902 1089 2944 Nutricem
1110 2900 1364 2942 adeersitum
1386 2900 1418 2940 it
1434 2931 1444 2952 ,
1467 2915 1576 2955 quae
1596 2898 1715 2940 illam

231 2971 340 3013 aluit
365 2970 588 3027 parvolam
607 3001 616 3010 .
638 2969 738 3011 item
771 2969 816 3011 in
847 2983 996 3012 versus
1028 2969 1110 3011 fine
1141 2969 1226 3011 abit
1257 2968 1300 3009 in
1322 2966 1532 3022 Adelphis
1553 2981 1594 3022 V,
1610 2966 1649 3020 2,
1668 2966 1715 3020 7,

232 3038 336 3081 adeo
356 3054 423 3080 res
440 3037 550 3080 redit
566 3038 610 3080 in
628 3036 884 3080 Phormione
902 3053 927 3093 1,
946 3038 984 3093 2,
1002 3038 1029 3080 5
1047 3072 1054 3081 .
1079 3037 1123 3079 in
1142 3037 1292 3079 Plauto
1315 3036 1441 3078 nobis
1465 3035 1595 3077 otium
1618 3035 1720 3076 facit

1354 3104 1406 3145 14
