2040 3328
446 232 523 275 156
1137 234 1202 275 III

441 344 642 387 Varronis
680 345 732 387 de
770 345 916 399 lingua
954 346 1107 387 Latina
1136 344 1243 387 libro
1275 359 1317 384 1x
1347 359 1387 399 p.
1408 345 1519 401 4753
1557 347 1627 389 ubi
1658 347 1762 390 haec
1793 352 1890 390 sunt

442 413 572 455 verba
593 446 602 467 ,
629 414 724 455 Non
754 414 813 454 εἰσ
842 429 892 455 ex
912 414 1000 455 vz'ro
1022 422 1058 454 et
1078 412 1247 454 muliere
1267 413 1397 454 omnis
1417 414 1567 456 similis
1579 423 1732 470 partus
1748 447 1757 467 ‚
1780 414 1892 470 quod

436 481 567 535 pueri
582 489 617 521 et
631 480 832 535 puellae?
854 480 956 534 quid
978 479 1089 533 quod
1110 492 1162 521 ne
1183 479 1226 519 in
1246 493 1289 518 V1
1304 478 1474 532 quidem
1494 494 1533 534 p.
1551 482 1633 524 219
1653 481 1758 523 haec
1777 485 1889 523 recte

442 547 736 588 intellexerunt
757 579 766 600 ,
793 547 929 597 Quare
949 547 992 588 si
1007 547 1249 602 etymoloyos
1274 547 1488 602 principia
1508 549 1722 590 verborum
1743 556 1888 603 postu-

443 614 495 655 Zet
515 614 627 655 mille
648 613 697 654 de
718 614 866 669 quibus
887 614 993 655 ratio
1014 615 1064 654 ab
1084 630 1126 655 se
1146 629 1225 655 non
1246 621 1446 668 poscatur
1460 645 1471 666 ,
1506 622 1542 655 et
1570 615 1733 669 reliqiia
1763 623 1888 657 osten-

443 680 515 722 dat
545 680 656 736 quod
684 679 780 735 (hoc
812 684 875 722 est
905 681 1017 736 quot)
1046 697 1128 722 non
1149 680 1362 736 postulat,
1403 688 1535 720 tamen
1571 680 1774 723 inmanem
1803 698 1888 724 ver-

442 748 585 789 borum
615 747 807 803 empedz'at
835 764 1047 790 numerum
1070 779 1079 788 .
1098 748 1142 788 in
1163 746 1270 788 libro
1290 761 1366 788 vim
1386 759 1426 800 p.
1443 745 1526 788 450
1546 750 1591 787 ut
1611 747 1825 790 Madvicus
1845 749 1889 790 in

443 814 655 868 opusculis
677 815 820 857 alteris
842 829 880 869 p.
898 815 977 856 237
1011 814 1052 855 id
1081 812 1192 867 quod
1219 813 1486 855 manifestum
1514 816 1577 854 est
1598 825 1682 854 non
1702 813 1888 868 videret,

443 881 711 934 neglegentia
742 895 791 923 ac
820 882 1054 923 temeritate
1085 880 1291 922 editorum
1322 879 1514 922 effectum
1544 883 1632 922 est:
1657 880 1702 922 in
1722 881 1890 922 Floren-

443 948 529 989 tino
561 948 671 990 enim
702 948 845 990 codice
875 949 1073 1002 scriptum
1105 951 1167 989 est
1201 947 1275 989 secl
1309 963 1357 989 ea
1394 963 1498 1002 quae
1528 946 1663 1001 dicta,
1695 946 1754 988 ad
1780 947 1890 989 iudi-

442 1015 620 1057 candum
649 1017 751 1056 satis
779 1025 874 1057 szmt
890 1048 900 1068 ,
922 1015 1033 1070 quod
1050 1014 1266 1068 (librarius
1287 1015 1421 1068 primo
1443 1014 1668 1068 scripserat
1689 1029 1862 1068 quorum
1878 1046 1889 1067 ,

443 1082 519 1124 sed
550 1095 695 1124 verum
726 1086 788 1124 cst
819 1081 932 1136 quot)
971 1082 1190 1137 analoyias
1219 1082 1263 1122 in
1293 1081 1507 1122 collatione
1534 1081 1746 1122 verborum
1775 1081 1897 1136 sequi

444 1165 523 1190 non
561 1149 803 1202 debeamus,
840 1149 902 1190 illi
938 1152 1078 1190 autem
1113 1147 1319 1189 dederunt
1354 1163 1435 1189 non
1469 1146 1656 1188 debemus
1677 1177 1686 1188 .
1723 1159 1891 1189 versum

443 1216 678 1270 proximum
711 1216 838 1257 habet
866 1216 1029 1257 Nonius
1059 1229 1100 1269 p.
1126 1214 1217 1268 184,
1239 1215 1287 1255 11
1309 1246 1317 1254 .

555 1283 649 1325 319.
681 1282 832 1324 ILLUD
863 1297 910 1322 m
939 1297 1015 1322 ms
1045 1296 1199 1322 REBUS
1230 1294 1377 1322 vmno
1407 1294 1632 1322 FORMARE
1652 1294 1890 1322 Pornssn.

442 1350 638 1404 Impressi
671 1354 831 1392 veteres
862 1363 1079 1390 FIRMARE
1108 1381 1117 1390 .
1143 1353 1228 1390 tum
1258 1348 1495 1391 necessario
1535 1347 1799 1390 scribendum
1830 1351 1892 1390 est

443 1431 654 1471 vunzon,
685 1429 810 1470 quam
831 1417 969 1460 Faber
999 1415 1260 1471 quarundam
1290 1415 1518 1457 editionum
1545 1415 1766 1456 lectionem
1798 1427 1892 1457 esse

444 1484 571 1538 dicit,
597 1497 773 1538 eamque
803 1497 849 1526 se
870 1483 1139 1526 revocavisse
1157 1498 1165 1524 :
1189 1495 1268 1536 ego
1290 1483 1332 1523 in
1354 1482 1472 1523 nulla
1491 1481 1674 1536 priorum
1695 1481 1862 1523 invenio
1881 1513 1890 1522 .

442 1551 535 1593 vide
562 1551 817 1593 Veronensis
847 1564 938 1593 cum
971 1563 1151 1605 sequace
1171 1550 1358 1592 Veneta:
1389 1548 1505 1590 video
1526 1547 1783 1603 Brixiensis,
1806 1548 1892 1590 Ma-

443 1618 598 1672 rullus,
637 1619 868 1672 Avantius,
908 1619 1034 1672 Pius,
1078 1617 1333 1671 Ascensius,
1375 1615 1642 1670 Naugerius,
1686 1615 1891 1657 Hem-icus

443 1686 555 1728 Petri
587 1699 697 1727 anno
732 1686 865 1739 1531,
898 1685 1113 1740 Gryphius
1143 1683 1403 1737 heredesque
1433 1682 1521 1725 eius
1552 1695 1591 1724 a.
1625 1681 1732 1724 1548
1757 1682 1889 1736 1558,

443 1753 702 1807 Lambinus,
745 1752 969 1806 Gifanius,
1008 1752 1195 1806 Pareus,
1235 1751 1445 1803 Nar-dius,
1487 1753 1528 1790 et
1572 1753 1667 1803 post
1707 1749 1890 1791 Fabrum

443 1821 585 1875 Fayus
605 1852 614 1861 .

556 1888 651 1929 321.
682 1901 774 1933 QUE
804 1900 1018 1932 NIQUEAT
1048 1899 1198 1927 RATio
1228 1898 1512 1926 DEPELLERE
1541 1897 1714 1925 uoo'rxs
1741 1915 1751 1926 .
1783 1883 1891 1934 Qua-

445 1955 589 1997 dratus
621 1971 698 2010 que
727 1955 911 2010 z’niqueat
941 1958 982 1996 et
1010 1963 1144 1996 noctes
1174 1985 1182 1994 .
1214 1956 1423 1994 corrector
1459 1951 1630 2004 oblongi
1670 1966 1775 2006 quae
1810 1964 1892 1990 nn-

445 2036 608 2069 QUEAT
630 2054 639 2063 .
667 2026 751 2063 tum
773 2021 976 2062 Marullus
1006 2021 1148 2075 inepte
1179 2020 1381 2075 depellere
1410 2018 1557 2072 dictis,
1587 2017 1715 2072 paulo
1744 2017 1892 2059 melius

444 2090 672 2132 Lambinus
703 2088 860 2130 doctis:
891 2087 966 2130 sed
997 2087 1219 2142 perspicue
1249 2099 1394 2128 verum
1425 2090 1488 2128 est
1517 2098 1656 2126 NOBIS
1678 2115 1687 2125 .

557 2157 650 2199 330.
683 2156 987 2197 EXTRAHERE
1017 2169 1110 2196 AUT
1140 2167 1319 2195 FACILE
1349 2166 1435 2193 EST
1467 2184 1477 2195 .
1506 2152 1555 2194 In
1584 2154 1762 2205 utroque
1791 2151 1893 2192 Vos·

445 2225 565 2267 siano
599 2224 753 2266 factum
783 2237 912 2264 HAUT
935 2254 944 2263 .
974 2222 1034 2264 ita
1064 2221 1294 2276 quadratus
1325 2229 1396 2262 aut
1424 2233 1468 2274 11,
1491 2218 1569 2261 747
1593 2218 1675 2261 750
1703 2231 1762 2271 111,
1787 2217 1894 2260 1069

443 2305 483 2345 v,
505 2290 614 2345 552,
646 2290 758 2332 idem
787 2289 874 2332 aad
901 2304 960 2344 111,
983 2289 1066 2332 330
1085 2289 1168 2331 682
1189 2288 1271 2331 840
1288 2320 1298 2330 .

557 2358 652 2400 332.
692 2357 843 2399 INTER
883 2370 935 2397 SE
976 2370 1215 2397 CONSORTI
1253 2368 1398 2395 muna*
1432 2364 1679 2394 PRAEDITA
1718 2364 1892 2391 VITAE.

444 2425 649 2467 Marullus
666 2439 824 2466 ἝωΝΤ
856 2437 1097 2466 CONSORTI
1119 2421 1315 2478 praedica
1345 2433 1459 2460 vrrA
1491 2451 1500 2461 .
1530 2417 1670 2473 possis
1707 2431 1792 2459 non
1821 2417 1893 2458 mi-

445 2505 547 2534 nore
580 2505 671 2534 cum
702 2492 843 2546 specie
874 2491 963 2533 veri
993 2491 1108 2532 Inter
1137 2505 1179 2531 se
1208 2489 1390 2530 consorti
1414 2487 1549 2542 efflant
1560 2484 1760 2541 praedita
1783 2485 1894 2526 vita.

445 2564 558 2602 certe
589 2561 722 2615 efflant
742 2558 817 2600 hic
845 2562 971 2612 poeta
1000 2556 1218 2610 scripsisse
1248 2554 1413 2596 videtur
1442 2554 1485 2594 in
1515 2552 1623 2594 libro
1654 2551 1810 2607 v1,761
1829 2583 1839 2592 .

558 2627 652 2669 335.
696 2639 844 2666 mrim
871 2638 960 2665 Eos
983 2655 991 2665 .
1013 2624 1127 2665 Inter
1148 2634 1299 2676 corpus
1320 2624 1361 2663 et
1380 2619 1564 2662 animum
1586 2652 1596 2662 .
1618 2623 1661 2661 at
1680 2617 1895 2660 Lucretius

444 2694 486 2735 in
522 2693 642 2735 huius
685 2692 796 2734 modi
832 2691 1036 2733 relatione
1075 2693 1222 2731 neutro
1254 2700 1410 2741 genere
1439 2687 1591 2740 utitur,
1622 2699 1707 2727 non
1735 2697 1895 2727 mascu-

443 2762 530 2803 lino
551 2793 559 2802 .
592 2773 692 2813 ergo
714 2757 980 2801 scribendum
1003 2761 1064 2799 est
1084 2758 1191 2798 inter
1211 2769 1297 2796 EAS
1319 2787 1328 2809 ,
1357 2754 1455 2808 quia
1484 2753 1590 2795 dixit
1611 2753 1805 2809 Corporis
1834 2761 1894 2794 at-

446 2844 523 2883 que
553 2828 689 2870 animi
707 2834 887 2882 potestas
909 2857 918 2866 .

557 2894 651 2935 346.
683 2893 940 2934 MATERNIS
971 2905 1127 2932 ETIAM
1156 2902 1374 2931 MEMBms
1402 2901 1637 2933 ALVOQUE
1671 2899 1894 2927 REPOSTO

447 2961 718 3002 D1sc11>mm
756 2972 983 3004 NEQUEAT
1020 2972 1154 2999 Fmizr
1176 2989 1184 2998 .
1212 2958 1276 2999 De
1306 2957 1398 2998 alvo
1427 2963 1584 3011 reposto
1614 2954 1704 2996 sive
1734 2961 1896 3010 reposta
