2040 3328
455 235 534 277 102
1155 236 1196 277 ΙΙ

452 345 756 400 Oudendorpio
787 346 842 387 ad
874 346 1030 387 Lucani
1061 345 1212 386 librum
1241 359 1280 398 X,
1301 345 1381 387 491
1413 347 1583 400 probari
1620 347 1722 390 dicit
1749 348 1891 390 Forbi-

452 425 552 465 ger,
575 412 838 454 mendacium
860 412 959 454 dicit
977 427 985 453 :
1005 412 1078 453 ille
1099 412 1210 453 enim
1231 411 1460 454 rectissime
1476 413 1698 466 legendum
1715 415 1893 457 coniecit

452 491 610 518 TACTA
640 479 772 520 colore
789 510 797 519 .

562 545 657 586 502.
691 546 864 585 AUREA
893 558 1133 585 PAVONUM
1162 558 1342 584 ium-,NT
1362 559 1544 586 IMBUTA
1564 560 1755 589 LEPORE
1776 548 1891 590 SAE-

453 624 542 651 CLA
571 625 630 651 No
643 624 705 651 VA
734 625 904 651 RERUM
925 625 944 651 S
959 625 1190 652 UPERATA
1212 624 1400 652 COLORE
1419 626 1659 654 IACERENT
1676 645 1685 654 .
1707 614 1894 665 Quadra·

452 682 517 719 tus
549 687 747 733 superata
777 679 944 719 colora.
967 678 1215 720 Franciscus
1246 678 1428 720 Medices
1457 692 1660 720 monum
1689 681 1824 736 lepore
1853 685 1894 723 et

451 758 583 785 Novo
614 760 752 786 rerum
782 745 913 786 colore
930 777 940 797 ,
960 744 1167 798 probante
1197 749 1238 786 et
1267 745 1392 787 valde
1420 745 1619 788 laudante
1649 747 1771 788 Petro
1802 748 1894 790 Vic-

452 811 585 863 torio,
618 815 658 852 et
678 811 873 864 quidem,
903 816 948 852 ut
967 815 1078 852 recte
1098 811 1356 865 Lambinus,
1387 811 1578 853 ‘ammian
1609 813 1654 854 z‘n
1682 815 1796 868 epist.
1828 814 1892 856 19.

453 879 521 920 lib.
547 877 597 920 15
616 879 645 919 :'
680 877 907 931 Forbiger,
929 882 974 919 ut
1002 878 1140 932 potius
1170 878 1276 919 bene
1298 878 1453 932 scripta
1471 891 1603 934 prave
1623 879 1896 934 descripsisse

453 958 579 1000 quam
609 946 701 999 ipse
732 944 891 998 aliquid
923 944 1188 986 examinasse
1218 950 1488 999 argueretur,
1511 946 1615 988 haec
1643 945 1794 988 ficticia
1822 959 1894 1001 po-

452 1012 561 1064 suit,
593 1010 602 1026 ‘
621 1011 824 1051 Victorius
852 1011 986 1066 Epist.
1007 1024 1075 1063 XV,
1097 1012 1146 1052 19
1164 1011 1193 1052 .'
1232 1011 1307 1052 sed
1338 1012 1566 1054 Lambinus
1605 1026 1696 1054 cum
1737 1012 1895 1067 optima

452 1076 746 1119 emendatione
777 1077 979 1119 orationis
1009 1077 1180 1119 vincula
1210 1078 1300 1119 tolli
1330 1077 1518 1132 videret,
1551 1084 1648 1120 ante
1677 1081 1821 1121 Aurea
1850 1079 1894 1120 iu

451 1144 534 1185 fine
564 1156 714 1185 versus
745 1143 911 1198 scripsit
942 1153 978 1185 et
993 1160 1007 1198 ,-
1050 1157 1132 1197 quo
1162 1145 1255 1198 ipso
1286 1144 1391 1185 nihil
1421 1145 1559 1187 effecit
1586 1145 1667 1187 nisi
1696 1149 1742 1186 ut
1769 1149 1896 1200 poeta

451 1209 685 1252 barbaricis
715 1209 902 1251 vestibus
933 1216 973 1252 et
993 1223 1204 1264 purpurae
1235 1211 1495 1265 ineptissime
1525 1225 1655 1254 aurea
1683 1225 1896 1266 pavonum

452 1278 594 1319 saecla
623 1276 866 1318 adiunxisse
895 1276 1133 1319 videretur.
1155 1277 1234 1318 hoc
1263 1281 1374 1319 certe
1404 1278 1637 1320 evitaverat
1665 1279 1894 1333 Marullus,

452 1357 543 1385 cum
574 1356 656 1385 non
687 1343 791 1385 satis
821 1343 955 1398 perite
982 1343 1180 1385 scriberet
1199 1344 1291 1385 Iam
1312 1346 1391 1386 tibi
1531 1361 1742 1400 pavonum
1761 1345 1898 1387 rident

451 1412 608 1452 imbuta
639 1411 773 1466 lepore
788 1426 802 1464 5
822 1409 973 1452 Sedulo
1004 1426 1110 1465 quae
1137 1426 1276 1452 rerum
1304 1420 1501 1467 superata
1530 1412 1660 1454 colore
1690 1413 1896 1453 iacerent.

454 1479 603 1520 Petrus
633 1478 898 1518 Burmannus
927 1476 982 1518 ad
1004 1477 1244 1518 Petronium
1263 1477 1318 1520 55
1347 1491 1388 1532 p.
1410 1478 1491 1521 355
1520 1479 1665 1520 Aurea
1689 1493 1896 1534 pavonum

452 1546 611 1587 ridenti
635 1545 791 1586 imbuta
822 1545 957 1598 lepore
987 1544 1122 1599 Pepla
1142 1576 1151 1585 .
1179 1544 1255 1586 sed
1281 1536 1333 1586 ne
1354 1545 1432 1586 hoc
1453 1545 1622 1598 quidem
1643 1544 1740 1586 ferri
1761 1548 1898 1599 potest

453 1612 535 1654 nisi
566 1612 640 1653 illo
662 1610 936 1652 Lambiniano
968 1618 1004 1652 et
1033 1610 1244 1664 admisso,
1276 1611 1389 1664 quod
1414 1612 1459 1652 in
1479 1624 1675 1654 versuum
1703 1611 1896 1654 hexame-

452 1683 611 1720 trorum
640 1677 722 1718 fine
751 1689 908 1731 ponere
938 1677 1040 1718 solis
1070 1677 1178 1718 inter
1207 1681 1355 1731 poetas
1386 1678 1564 1720 satiricis
1591 1679 1688 1720 licet
1709 1711 1717 1719 .
1741 1682 1895 1734 quanto

452 1746 604 1786 rectius
636 1748 726 1786 erat
755 1743 859 1784 haec
890 1744 1032 1784 omnia
1061 1756 1151 1785 cum
1172 1743 1349 1786 Marullo
1371 1745 1425 1786 ad
1455 1758 1682 1799 purpuram
1711 1745 1895 1797 referre,

451 1811 527 1854 sed
545 1811 623 1852 hoc
637 1810 784 1864 modo,
802 1811 963 1859 Aurea,
977 1826 1185 1865 pavonum
1200 1811 1358 1852 ridenti
1368 1826 1470 1852 1M1T
1480 1825 1571 1852 A'rA
1587 1812 1721 1867 lepore
1736 1811 1894 1853 Saecla.

451 1878 557 1920 haec
587 1878 696 1918 enim
726 1877 864 1919 locum
894 1876 1050 1918 habent
1079 1877 1122 1917 in
1151 1890 1337 1931 purpura
1357 1878 1486 1932 Tyrio
1508 1878 1635 1919 colori
1666 1878 1811 1931 simili,
1843 1877 1896 1919 de

451 1957 532 1998 quo
572 1945 734 1986 Plinius
769 1945 813 1986 in
847 1944 953 1997 libro
984 1944 1190 1985 naturalis
1228 1945 1428 1987 historiae
1464 1959 1519 1998 xx,
1541 1945 1607 1998 38,
1629 1944 1683 1986 62
1711 1945 1830 1986 Laus
1859 1945 1901 1986 ei

451 2028 610 2054 summa
625 2028 638 2053 .·
667 2013 712 2054 i‘n
738 2012 869 2054 colore
888 2012 1109 2066 san-quinis
1128 2013 1306 2053 concreti
1321 2013 1536 2068 niqricans
1557 2011 1752 2067 adspectu
1770 2010 1896 2053 idem-

452 2095 529 2134 que
559 2087 748 2134 suspectu
777 2077 988 2133 refulqens
1010 2107 1020 2117 .
1057 2093 1186 2118 aurea
1218 2082 1356 2120 autem
1385 2092 1597 2134 purpura,
1627 2077 1671 2120 id
1701 2082 1765 2120 est
1792 2090 1895 2120 auro

451 2149 600 2187 ornata
620 2146 710 2187 sive
731 2158 833 2186 auro
854 2144 994 2198 picta,
1026 2143 1201 2197 iterum,
1233 2145 1313 2187 nisi
1344 2146 1495 2199 fallor,
1525 2145 1716 2187 Lucretio
1747 2144 1896 2187 dicitur

450 2211 494 2252 in
524 2225 652 2254 versu
682 2212 804 2253 huius
833 2211 929 2252 libri
957 2211 1065 2252 829.
1095 2211 1140 2251 in
1170 2225 1214 2261 v,
1239 2212 1344 2253 1428
1375 2213 1496 2254 vestis
1524 2213 1747 2266 Purpurea
1774 2219 1895 2266 atque

450 2293 554 2320 auro
583 2272 796 2334 siqui-§que
824 2278 1057 2333 inqentibus
1086 2287 1184 2332 apta
1201 2309 1211 2319 .

560 2345 655 2387 504.
686 2346 752 2386 ΕΤ
784 2358 1101 2386 CONTEMPTUS
1132 2358 1266 2385 cnon
1297 2358 1512 2399 siuYRNr..
1534 2344 1742 2387 Antonius
1772 2344 1894 2387 Marii

450 2414 491 2452 et
506 2411 737 2453 Brixiensis
758 2411 886 2453 editio
909 2425 1040 2452 onon
1056 2443 1065 2452 .
1083 2411 1290 2465 oblongus
1311 2413 1462 2453 smzbne
1475 2443 1486 2464 ‚
1507 2414 1652 2452 neuter
1672 2427 1866 2467 zmyrnae
1883 2443 1892 2453 .

449 2493 620 2519 smurna
641 2482 704 2520 est
724 2479 766 2519 in
788 2479 815 2519 l.
835 2478 887 2519 16
915 2480 940 2529 ξ
958 2479 1041 2519 7D.
1065 2477 1117 2519 de
1138 2478 1349 2532 publican.
1370 2491 1512 2532 xxxiX,
1529 2478 1581 2518 4.
1606 2478 1679 2519 alii
1700 2477 1895 2520 dixerunt

449 2560 635 2586 murram
652 2560 665 2585 :
705 2545 766 2586 ita
813 2545 923 2586 enim
966 2544 1216 2586 vocabulum
1256 2544 1455 2598 scriptum
1492 2544 1691 2586 exhibent
1729 2545 1894 2587 codices

449 2610 586 2652 Plauti
606 2643 615 2663 ,
639 2611 840 2653 Varronis
861 2611 934 2665 (de
954 2611 1101 2664 lingua
1121 2611 1274 2652 Latina
1293 2625 1335 2651 vl
1355 2624 1395 2664 p.
1414 2610 1539 2664 264),
1569 2611 1736 2653 Horatii
1753 2644 1764 2662 ,
1796 2610 1894 2653 Ver-

449 2678 566 2730 gilii,
598 2678 828 2732 Propertii,
860 2677 1014 2730 Plinii,
1047 2678 1277 2732 Martialis,
1315 2690 1449 2730 neque
1488 2678 1615 2718 aliam
1646 2679 1894 2732 scripturam

448 2743 689 2786 Priscianus
719 2747 926 2786 noverat.
948 2744 991 2784 in
1021 2744 1335 2797 euangeliorum
1358 2744 1600 2785 Latinorum
1631 2743 1774 2786 codice
1803 2757 1894 2786 sae—

449 2811 532 2851 culi
553 2811 654 2852 noni
675 2823 757 2852 uno
778 2827 962 2867 myrram
984 2810 1114 2852 semel
1134 2810 1277 2852 inveni
1295 2842 1305 2864 ,
1328 2810 1371 2852 in
1392 2810 1694 2864 antiquioribus
1715 2810 1892 2852 alterum

449 2880 688 2919 constanter
719 2878 918 2931 scriptum
935 2907 945 2917 .
967 2886 1178 2919 mum-atae
1199 2877 1384 2932 potionis
1414 2877 1457 2918 in
1488 2877 1710 2933 duodecim
1739 2877 1892 2920 tabulis

448 2943 701 2985 mentionem
733 2943 863 2986 fuisse
883 2943 1017 2984 Varro
1048 2943 1165 2985 testis
1196 2947 1259 2985 est
1288 2942 1399 2998 apud
1421 2943 1590 2985 Festum
1620 2943 1786 2999 p.158:
1816 2943 1891 2986 sed
