2040 3328
989 198 1049 240 IV
1679 203 1735 245 24
1744 206 1767 247 7

393 312 487 355 607.
527 311 664 353 ERGO
700 325 997 354 nmmum-un
1032 326 1162 355 LocA
1199 328 1445 371 vocmus,
1478 329 1659 357 AnnrrA
1690 331 1771 358 RE-

280 393 373 421 rno
405 379 577 423 Ouum
608 394 740 427 QUAE
772 394 962 422 CIRCUM
1001 395 1234 424 FUERUNT
1263 416 1272 425 .
1303 384 1493 427 Fuerunt
1522 384 1625 439 quia
1654 386 1772 428 caret

278 461 405 492 sensu
423 480 433 503 ,
455 447 658 492 Marullus
681 449 852 505 scripsit
859 450 1033 506 fuerim
1052 483 1062 505 ,
1084 451 1200 505 quod
1221 455 1286 494 est
1307 451 1398 494 fere
1416 462 1537 495 erunt
1555 454 1625 497 vel
1646 463 1743 496 sunt
1757 487 1768 508 ‚

277 516 347 561 vel
375 516 517 573 potius
548 533 635 560 esse
661 527 837 574 possunt
857 548 867 559 .
896 517 973 560 sed
1003 517 1084 561 hoe
1114 535 1221 575 quae
1238 519 1413 575 fuerint
1445 520 1549 563 mihi
1581 522 1697 565 iners
1728 526 1771 565 et

276 585 501 628 molestum
522 585 716 629 videtur.
738 586 890 629 melius
912 589 978 629 cst
996 590 1041 628 ut
1062 585 1117 629 de
1147 587 1314 629 vocibus
1344 587 1451 632 haec
1475 589 1741 646 accipiantur
1758 624 1768 642 ‚

276 653 421 697 abdita
450 663 561 697 retro
591 654 744 698 Omnia
773 670 881 711 quae
911 655 1069 697 circum
1098 668 1346 697 FERIUNT.

391 723 487 766 609.
527 737 604 764 V1s
640 738 887 766 szscms
915 757 924 766 .
957 722 1161 779 Impressi
1193 737 1294 765 vus
1324 757 1333 766 .
1365 725 1443 768 sed
1480 725 1667 782 imperiti
1705 731 1770 769 est

275 791 462 835 scribere
493 791 664 835 directis
683 826 695 847 ,
718 791 990 836 Wakefieldo
1021 791 1114 835 solo
1146 790 1324 846 dignum
1354 792 1405 836 de
1435 795 1561 836 rectis
1581 826 1591 835 .
1624 794 1768 851 derzzqe

275 861 431 917 derzjqit
455 860 654 904 derexero
685 853 1203 916 derexerac'dereotaeque
1233 860 1452 904 Medieeus
1484 861 1666 916 Vergilii
1700 875 1767 904 eo-

275 928 360 972 dex
391 929 594 984 sexiens,
621 942 700 972 nee
731 929 905 985 saepius
936 927 1051 972 idem
1082 928 1220 986 diri-qe
1244 929 1417 986 dz'rzjqz’ce
1438 929 1626 986 diri-qere
1657 929 1766 973 dire-

274 998 339 1041 xit
368 997 554 1040 direxti.

390 1065 486 1109 610.
524 1080 744 1108 cunnum:
780 1080 914 1108 NEMO
951 1066 1116 1109 SAEPE
1155 1079 1315 1108 SUPRA
1354 1080 1500 1108 POTIS
1538 1081 1627 1108 Esr
1659 1099 1668 1122 ,
1706 1081 1766 1109 AT

275 1148 429 1176 vocss
459 1148 709 1176 Accu‘mu:
739 1148 904 1176 nxrRA
932 1165 941 1175 .
973 1134 1182 1177 Marullus
1212 1135 1329 1178 nullo
1361 1148 1489 1178 sensu
1521 1135 1574 1178 Se
1604 1151 1764 1192 supra,

275 1215 412 1258 neque
433 1202 589 1246 suffieit
609 1203 765 1260 Saepta
785 1219 919 1260 supra
940 1202 1202 1246 Wakefieldi
1221 1236 1230 1246 .
1252 1207 1382 1260 poeta
1398 1203 1502 1247 alibi
1513 1220 1598 1261 per
1618 1213 1765 1260 saepta

275 1271 409 1327 dixit,
431 1271 566 1314 semel
594 1272 704 1314 inter
723 1280 870 1328 saepta
886 1287 899 1313 :
918 1271 986 1314 hic
1017 1271 1186 1315 videtur
1216 1272 1440 1328 scripsisse
1461 1271 1663 1314 SAEPEM
1694 1287 1765 1313 m-

231 1359 236 1365 ·
275 1353 366 1380 ΤΚΛ
387 1372 397 1395 ,
420 1339 522 1394 quia
551 1339 810 1395 sequebatur
841 1348 963 1383 extra
992 1344 1033 1383 et
1063 1340 1175 1383 male
1204 1339 1388 1383 sonabat
1418 1339 1576 1397 Saepta
1606 1341 1721 1382 intra
1739 1371 1749 1382 .

388 1407 485 1451 612.
521 1422 625 1450 DUM
663 1421 878 1449 TRANsnr
915 1422 1106 1450 CLAUSA
1129 1441 1139 1452 .
1169 1409 1351 1451 Versum
1381 1408 1427 1451 in
1456 1407 1540 1451 fine
1570 1407 1765 1450 mutilum

273 1475 474 1532 supplere
504 1476 631 1520 facile
651 1468 879 1533 possumus
905 1489 958 1519 ex
988 1477 1098 1520 libro
1119 1491 1146 1532 1,
1164 1476 1275 1532 354,
1300 1476 1374 1519 ubi
1396 1480 1461 1520 est
1480 1477 1598 1519 Inter
1616 1485 1762 1532 saepta

272 1554 411 1588 meant
435 1561 552 1588 voces
573 1554 610 1588 ec
629 1545 779 1588 clausa
808 1559 1054 1588 DOMORUM
1082 1544 1398 1588 Transvolitam
1420 1578 1429 1587 .
1451 1545 1638 1600 pessime
1662 1544 1761 1587 Itali

272 1614 421 1656 clausa
449 1613 677 1668 (Marullus
708 1614 916 1668 claustra)
945 1615 1112 1657 viarum
1129 1646 1139 1656 .

386 1681 482 1725 615.
514 1681 620 1724 Hoc
652 1695 738 1728 Qm
769 1695 1010 1724 SENTIMUS
1042 1696 1234 1736 sucmu,
1262 1695 1448 1723 LINGUA
1477 1695 1645 1728 ATQUE
1675 1696 1762 1723 PA-

270 1763 435 1792 LATUM
465 1751 763 1793 Pnuscumm
783 1764 983 1792 HABENT
1010 1766 1057 1792 m
1085 1766 1137 1793 sn
1164 1763 1400 1792 rumorus
1420 1765 1543 1792 nus
1573 1764 1759 1792 orsas.

269 1819 362 1862 Hoc
392 1818 671 1862 falsissimum
693 1822 758 1862 est
779 1823 821 1862 et
841 1823 990 1875 aperte
1010 1823 1223 1875 repugnat
1252 1818 1396 1862 versui
1427 1818 1538 1874 522,
1562 1818 1760 1873 quamvis

269 1887 423 1944 probet
452 1887 748 1931 Wakefieldus
779 1900 875 1930 cum
913 1887 1080 1930 familia
1115 1900 1196 1930 sua
1223 1920 1232 1929 .
1263 1886 1507 1930 laudandus
1539 1900 1642 1942 ergo
1674 1888 1761 1930 Ma-

270 1957 404 1999 rullus
427 1989 437 2012 ,
462 1956 534 2012 qui
564 1955 737 2012 scripsit
766 1957 870 1999 Nnc
901 1957 998 2012 quis
1027 1957 1227 1999 sentimus
1251 1988 1260 1998 .
1290 1968 1389 1997 nam
1419 1971 1492 1997 neo
1514 1956 1761 2012 plusculum

270 2028 336 2068 est
365 2037 444 2068 nec
472 2023 645 2066 minimo
677 2025 773 2079 plus
795 2056 805 2067 .
827 2025 964 2067 Varro
996 2024 1050 2067 de
1080 2037 1127 2067 re
1156 2024 1318 2067 rustica
1346 2037 1390 2078 11,
1410 2023 1447 2078 7,
1469 2023 1522 2066 10
1543 2023 1646 2066 Cum
1667 2038 1759 2065 con-

269 2101 465 2150 ceperunt
485 2109 615 2150 equae
629 2126 641 2147 ,
662 2092 889 2135 videndum
909 2109 960 2135 ne
982 2093 1167 2135 laborent
1182 2092 1425 2149 plusculum
1447 2123 1456 2133 .
1486 2091 1593 2133 nihil
1618 2095 1761 2134 tamen

270 2173 427 2204 causae
462 2165 528 2204 est
562 2173 637 2203 cur
674 2162 770 2217 quis
805 2161 948 2216 potius
988 2159 1201 2204 scribatur
1236 2172 1365 2214 quam
1402 2160 1481 2215 qui
1502 2175 1515 2200 :
1545 2172 1684 2214 neque
1715 2160 1760 2202 in

269 2229 354 2272 fine
391 2228 599 2271 Marullus
637 2228 786 2272 debuit
821 2229 1009 2272 scribere
1038 2230 1143 2286 plus
1173 2229 1325 2285 operaz'
1347 2261 1358 2282 ,
1391 2227 1468 2270 sed
1500 2227 1606 2284 plus
1638 2241 1759 2268 OPE-

267 2311 431 2340 RAsvr:
458 2330 468 2341 .
507 2297 719 2340 Antonius
755 2297 880 2340 Marii
917 2298 1019 2353 plus
1055 2313 1208 2354 operae
1245 2295 1352 2353 quid
1376 2329 1387 2350 ‚
1420 2295 1521 2338 olim
1562 2296 1759 2352 impressi

264 2367 367 2424 plus
396 2382 599 2424 opereque
618 2399 630 2421 ,
662 2366 898 2409 Lambinus
919 2366 1107 2423 plusque
1137 2365 1319 2421 oper-ai.-

381 2435 477 2479 619.
509 2435 680 2481 S1Qn1s
711 2449 871 2477 roan:
901 2448 1038 2476 MANU
1066 2446 1295 2476 PREMERE
1321 2446 1380 2474 Ac
1409 2446 1615 2474 schm:
1645 2447 1759 2475 cor,-

267 2517 345 2544 1²11
369 2536 378 2545 .
406 2502 651 2555 Quadratus
678 2519 896 2560 praemere
927 2519 976 2546 ac
1006 2503 1143 2545 εἴσαγε
1165 2534 1175 2544 .
1203 2501 1416 2544 Antonius
1443 2502 1571 2544 Marii
1602 2506 1644 2544 et
1672 2502 1760 2544 Ma-

267 2570 402 2613 rullus
432 2588 482 2614 ao
511 2573 671 2615 siccare
700 2572 855 2628 recepit
879 2587 892 2614 :
923 2570 1136 2614 Avantius
1173 2571 1306 2612 multo
1345 2570 1498 2613 melius
1529 2571 1759 2613 eoesz‘ooare-

268 2655 347 2695 que
377 2640 509 2694 coepit
524 2672 536 2694 ,
558 2644 600 2682 et
629 2639 767 2695 potuit
796 2639 973 2695 propius
1004 2638 1062 2682 ad
1092 2639 1256 2682 litteras
1287 2638 1586 2694 adsz'coareque
1601 2671 1612 2693 ,
1635 2651 1759 2680 voca-

267 2707 367 2750 bulo
407 2719 435 2749 a
472 2707 711 2750 Columella
747 2707 1015 2761 frequentato
1049 2739 1057 2748 .
1099 2706 1371 2749 Wakefieldo
1415 2709 1559 2748 tamen
1603 2706 1756 2748 ‘tutius’

266 2775 438 2818 videtur
469 2776 601 2831 coepit
630 2775 817 2818 scribere
848 2787 978 2829 quam
1005 2774 1169 2829 aliquid
1190 2778 1397 2830 temptare
1419 2789 1428 2829 ;
1450 2773 1671 2828 ‘quamvis'
1696 2774 1759 2816 in-

267 2843 359 2898 quit
389 2842 489 2885 ‘non
520 2842 661 2884 adhuc
690 2843 736 2884 in
767 2842 1009 2897 exemplum
1040 2842 1263 2897 quidpiam
1292 2874 1301 2896 ,
1334 2855 1423 2885 rem
1454 2842 1664 2898 propius,
1696 2843 1757 2885 uti

264 2911 394 2955 valde
431 2909 638 2954 vellemus
667 2943 678 2965 ,
710 2910 926 2964 attingens
954 2943 964 2966 ,
996 2909 1274 2953 inciderimus
1305 2910 1328 2951 .'
1370 2909 1474 2952 mihi
1512 2910 1756 2966 exemplum

265 2979 391 3022 huius
429 2978 607 3034 perfecti
637 2982 808 3034 praesto
842 2982 906 3020 est
937 3011 946 3034 ‚
983 2978 1062 3021 sed
1091 3011 1100 3033 ‚
1140 2982 1185 3021 ut
1214 2978 1316 3021 mihi
1347 2978 1516 3021 videtur
1544 3011 1554 3034 ,
1595 2979 1757 3022 fallax.
