2040 3328
898 247 933 286 V
1573 243 1655 285 283

174 364 284 406 mali
294 363 448 420 fuerat
477 363 625 404 nobis.
654 366 699 404 at
729 362 808 403 hoc
828 359 955 402 modo
986 363 1132 402 manet
1161 359 1238 414 id,
1261 371 1398 412 neque
1419 358 1654 412 refutatur,

175 430 290 487 quod
327 430 393 473 his
430 429 597 472 duobus
633 429 829 473 versibus
860 429 1099 472 continetur
1121 460 1131 470 .
1161 427 1307 481 itaque
1344 425 1387 468 hi
1423 428 1522 468 ante
1556 425 1655 467 illos

173 498 360 556 ponendi
382 501 507 554 sunt,
529 498 572 540 in
594 497 747 553 quibus
770 500 835 540 est
854 498 929 539 oui
943 497 1008 539 m'l
1027 495 1182 539 accidie
1202 496 1327 552 aeqri
1336 528 1348 550 ,
1371 511 1464 537 cum
1480 493 1657 550 pulchre

173 567 339 625 deyeret
367 583 509 610 aevom
525 599 535 608 .

291 636 384 679 182.
416 649 550 676 mvxs
581 649 710 677 mmm
742 647 827 675 Esr
849 665 859 675 .
890 633 969 675 Est
989 631 1241 675 deleverunt
1261 631 1385 686 Itali,
1408 645 1492 673 non
1515 634 1630 673 recte
1646 662 1655 671 .

173 717 320 749 verum
351 707 417 747 est
445 718 523 745 ms
554 703 664 746 unde
694 712 752 746 est
771 736 782 758 ,
809 701 926 757 quod
954 701 1277 756 Havercampus
1309 699 1419 742 falso
1451 698 1659 742 adscribit

173 773 396 816 Vossianis
413 805 422 814 .

291 841 384 884 185.
417 855 562 882 mrnn
582 854 635 882 sn
658 873 668 882 .
690 838 929 881 Brixiensis
946 837 1076 881 editio
1095 842 1136 882 et
1156 837 1362 880 Marullus
1384 838 1493 880 inter
1513 850 1628 877 snsr:
1646 869 1655 877 .

291 910 384 952 186.
415 923 567 951 Dnmr
604 921 814 951 SPECIEM
850 921 1047 949 NATURA
1084 920 1301 948 CREANDI
1330 938 1339 948 .
1378 906 1507 948 Recte
1545 905 1656 958 Bap-

172 980 274 1022 tista
305 979 404 1021 Pius
433 977 643 1021 ‘Emenda
673 977 952 1018 srncmnu?

292 1047 384 1091 187.
420 1060 732 1088 MULTIMODIS
770 1060 951 1088 mum-18
984 1077 993 1087 .
1030 1044 1153 1086 Infra
1196 1057 1327 1087 versu
1363 1043 1450 1086 424
1494 1055 1656 1084 Mum-A

172 1116 308 1160 modis
324 1149 334 1158 .

291 1185 383 1228 191.
414 1198 618 1226 Possum
640 1217 649 1226 .
680 1183 853 1227 Rectius
884 1182 1000 1225 infra
1029 1182 1113 1225 428
1143 1197 1386 1224 POSSENT.

291 1254 384 1297 193.
415 1267 462 1293 m
498 1266 637 1293 TALIS
674 1266 867 1293 VENERE
904 1265 1126 1293 MAESTUS
1155 1284 1164 1293 .
1197 1251 1404 1293 Marullus
1435 1264 1656 1293 MEATUS.

290 1321 382 1365 195.
415 1320 557 1372 Qnon
594 1335 683 1362 IAM
719 1335 882 1362 RERUM
921 1334 1142 1362 IGNOREM
1171 1353 1180 1362 .
1213 1319 1421 1362 Marullus
1458 1320 1582 1372 Quod
1615 1334 1659 1361 sl

172 1392 259 1433 iam
280 1422 291 1433 .
324 1390 370 1432 in
399 1403 444 1444 11,
468 1389 547 1432 177
579 1390 692 1432 Nam
723 1391 916 1446 quamvis
933 1423 942 1432 .

286 1459 383 1502 201.
415 1459 539 1501 Imm
560 1472 754 1499 AVIDAM
773 1473 972 1500 PARTEM
995 1491 1004 1500 .
1027 1459 1268 1514 Bequnum
1290 1461 1332 1501 et
1353 1459 1520 1515 larqum
1541 1458 1659 1501 dixe-

172 1531 272 1570 runt
301 1531 468 1570 veteres
500 1526 722 1582 copiosum
746 1559 755 1581 ,
787 1528 901 1582 quod
938 1528 1124 1581 benigne
1162 1531 1204 1570 et
1241 1527 1364 1581 large
1400 1526 1657 1582 praebetur,

173 1596 276 1653 item
295 1596 528 1652 malzjqnum
549 1599 592 1638 et
608 1611 793 1652 parcum
813 1596 1042 1652 exiguum,
1065 1595 1179 1650 quod
1208 1595 1437 1651 praebetur
1458 1608 1587 1650 parce
1609 1608 1660 1637 ac

172 1664 360 1718 maligne
377 1696 388 1706 .
410 1677 463 1706 ex
485 1676 568 1718 quo
591 1676 750 1717 genere
772 1664 949 1721 Zaryicer
966 1665 1139 1721 auferre
1159 1676 1330 1719 quoque
1353 1668 1394 1706 et
1414 1662 1574 1706 distare
1596 1667 1660 1706 est

171 1732 287 1788 apud
317 1731 562 1774 Lucretium
592 1732 637 1774 in
662 1746 717 1788 vl,
737 1732 820 1775 622
841 1733 948 1776 1113
969 1748 978 1774 :
1000 1733 1100 1775 item
1133 1733 1311 1790 Zaryz'ter
1331 1732 1504 1788 auferre
1524 1732 1658 1774 Hora—

171 1802 257 1844 tius
287 1814 529 1843 sermonum
549 1815 577 1855 1,
593 1800 633 1855 4,
654 1800 761 1856 132,
785 1801 962 1858 largyz'ter
982 1801 1227 1857 discrepare
1249 1801 1467 1844 Vitruvius
1488 1816 1544 1856 vl,
1564 1802 1600 1855 1,
1618 1803 1656 1854 8,

171 1871 337 1926 laryius
366 1885 394 1912 a
420 1870 568 1925 prisca
594 1869 889 1912 consuetudine
918 1885 1079 1913 movere
1100 1870 1237 1912 Varro
1259 1870 1313 1912 de
1333 1870 1486 1924 lingua
1505 1870 1661 1911 Latina

170 1953 196 1980 x
221 1952 264 1993 p.
279 1937 365 1981 583
386 1970 396 1979 .
429 1937 602 1980 avidum
622 1950 724 1980 vero
748 1941 790 1980 et
811 1954 988 1980 avarum
1010 1941 1051 1980 et
1071 1937 1262 1981 invidum
1282 1939 1354 1993 qui
1377 1939 1576 1981 similiter
1597 1937 1659 1980 di-

171 2007 283 2049 xerit
303 2005 518 2048 neminem
538 2006 710 2061 reperio
733 2020 742 2048 :
770 2019 911 2060 neque
932 1997 986 2049 ea
1014 2019 1207 2062 parvane
1228 2020 1283 2049 an
1306 2020 1467 2061 magna
1487 2007 1573 2049 sint
1600 2007 1659 2048 in-

171 2074 320 2129 tellegi
349 2078 522 2130 potest,
551 2074 654 2128 quia
684 2074 899 2117 hominem
929 2075 1102 2117 avidum
1133 2092 1312 2118 avarum
1342 2075 1532 2118 invidum
1565 2089 1660 2117 cum

173 2143 470 2200 appellamus,
492 2155 588 2184 eum
618 2156 706 2184 non
736 2143 908 2186 dantem
929 2143 1251 2187 auferentemve
1273 2144 1372 2187 aliis
1395 2144 1659 2199 cogitamus,

171 2213 251 2255 hoc
281 2215 346 2255 est
375 2225 462 2254 non
491 2214 720 2267 agentem,
742 2212 821 2254 sed
851 2211 897 2254 id
927 2212 1182 2255 sentientem
1213 2216 1259 2254 ut
1289 2212 1370 2254 sibi
1393 2213 1509 2268 quod
1531 2218 1660 2256 aveat

170 2281 269 2324 aliis
291 2280 483 2324 invideat
505 2313 514 2322 .
548 2292 678 2335 quam
709 2280 762 2323 ob
794 2293 884 2323 rem
915 2280 1022 2324 haec
1042 2281 1256 2324 vocabula
1276 2294 1445 2337 semper
1466 2281 1522 2324 ad
1544 2295 1658 2324 men-

169 2353 255 2392 tem
286 2349 526 2404 pertinent,
550 2361 635 2391 non
666 2348 723 2391 ad
754 2362 843 2392 rem
875 2362 986 2404 quae
1017 2350 1159 2404 agitur
1189 2355 1232 2392 et
1262 2350 1442 2392 efficitur
1464 2383 1474 2392 .
1497 2351 1659 2394 Statius

170 2417 375 2460 silvarum
392 2432 436 2472 11,
449 2416 578 2472 2,151
595 2417 795 2473 avidique
810 2419 997 2460 animum
1014 2418 1240 2475 dispendia
1257 2428 1447 2475 torquent
1462 2420 1658 2471 Fenomk,

170 2498 330 2529 avarae
350 2486 628 2528 fenerationis
652 2517 662 2527 .
693 2486 894 2528 Lucanus
914 2487 959 2528 in
981 2501 1025 2542 11,
1045 2488 1096 2529 71
1123 2488 1178 2530 de
1200 2488 1335 2530 Mario
1357 2488 1519 2545 διαέρια
1541 2489 1665 2531 avidi

170 2555 411 2597 texere-soli
438 2555 644 2611 laxaeque
670 2554 854 2610 paludes
874 2555 1120 2611 Depositum
1137 2589 1148 2610 ,
1171 2557 1359 2599 Fortuna
1375 2589 1386 2611 ,
1409 2566 1525 2599 tuum
1547 2590 1556 2599 .
1585 2557 1656 2599 ubi

170 2626 283 2664 recte
303 2622 521 2665 Bentleius
541 2622 656 2665 ‘mihi
687 2635 790 2665 vero
821 2623 964 2678 placet
994 2624 1138 2678 avidi,
1161 2626 1230 2667 vel
1258 2625 1552 2668 translationis
1574 2626 1658 2668 vir-

170 2693 260 2732 tute
281 2722 291 2744 ,
329 2690 453 2744 quasi
492 2691 631 2733 solum
670 2691 726 2733 sit
766 2690 992 2734 hauriendi
1031 2697 1073 2734 et
1112 2692 1374 2735 absorbendi
1406 2694 1607 2749 cupidum
1633 2695 1655 2735 .'

171 2758 394 2800 Lueretius
414 2758 458 2799 in
475 2772 531 2812 vl,
547 2759 656 2801 1236
673 2758 796 2800 avidi
808 2762 1003 2816 contaqz'a
1017 2761 1169 2814 morbi,
1188 2761 1232 2802 in
1250 2776 1276 2815 1,
1292 2762 1398 2804 1031
1418 2762 1554 2818 Zaryz‘s
1570 2763 1657 2804 avi-

171 2825 270 2868 dum
290 2842 406 2868 mare
413 2826 612 2881 fluminis
631 2825 760 2868 undis
774 2827 987 2882 Inteyrent
1005 2844 1148 2870 amnes
1167 2861 1175 2870 .
1199 2828 1464 2871 Claudianus
1485 2830 1530 2871 in
1546 2830 1657 2872 Rufi-

170 2907 271 2935 num
293 2908 320 2948 1,
341 2893 423 2936 164
443 2893 660 2936 Illecebris
681 2896 849 2950 eapitur
869 2896 1128 2951 nimiumque
1153 2897 1287 2938 elatus
1308 2913 1437 2939 avaro
1459 2898 1658 2941 Pascitur

169 2962 325 3003 intuitu
342 2993 352 3003 .
374 2960 489 3003 idem
510 2961 563 3004 de
584 2966 709 3017 raptu
725 2962 1014 3018 Proserpinae
1029 2978 1074 3019 11,
1090 2964 1174 3007 336
1194 2965 1292 3007 Non
1309 2982 1423 3021 aqua
1442 2966 1656 3009 Tantaleis

170 3028 418 3072 subducitur
439 3029 586 3073 invida
606 3030 739 3073 labris
761 3063 769 3071 .
791 3030 1027 3074 secundum
1057 3031 1164 3075 haec
1185 3033 1381 3089 exempla
1402 3033 1532 3076 avida
1542 3051 1655 3094 pars
