2040 3328
426 235 478 276 78
1127 236 1169 278 II

425 346 552 388 editio
575 346 756 387 Ornatas
777 347 905 387 armis
926 347 985 386 ita
1007 354 1163 387 statuas
1184 355 1415 402 stantesque
1437 350 1670 390 animatas.-
1702 349 1754 390 de
1782 349 1870 391 Bri-

424 412 560 454 xiensi
593 416 633 452 et
662 413 891 454 Veronensi
923 411 1027 452 nihil
1057 413 1158 454 certi
1190 412 1329 454 dicere
1358 426 1528 467 possum
1557 419 1727 469 propter
1757 417 1871 458 stoli-

425 479 520 520 dam
546 479 869 531 Glasguensium
892 482 932 520 et
952 478 1173 531 Forbigeri
1193 478 1504 532 neglegentiam
1523 513 1531 523 .
1549 481 1623 523 sed
1654 482 1695 523 hi
1724 495 1870 524 versus

425 550 508 587 tam
538 546 580 586 in
613 545 797 597 oblongo
829 557 953 597 quam
983 545 1026 586 in
1057 545 1223 586 schedis
1255 546 1419 588 rubrica
1442 547 1584 601 scripti
1606 552 1700 590 sunt
1719 548 1869 590 litteris

423 611 687 664 uncialibus,
719 624 745 652 a
770 610 964 664 quadrati
996 612 1167 653 librario
1199 612 1343 653 omissi
1375 613 1647 667 complurium
1676 628 1870 657 versuum

423 679 560 732 spatio
590 691 725 719 vacuo
755 678 927 731 relict03
959 678 1071 731 quod
1102 679 1237 732 ipsum
1269 679 1459 722 similiter
1488 680 1530 720 in
1558 684 1752 734 quattuor
1779 694 1870 724 ver-

423 746 537 787 sibus
568 745 662 786 libri
694 744 806 786 tertii
838 744 994 786 factum
1025 758 1117 787 esse
1147 746 1440 788 demonstrabo
1472 746 1527 788 ad
1555 747 1644 788 eius
1665 747 1760 789 libri
1780 761 1870 791 ver-

423 825 514 853 sum
546 812 626 853 759
660 845 668 854 .
700 811 743 852 in
774 811 852 853 hoc
883 815 1020 853 autem
1053 812 1159 853 libro
1190 812 1373 854 secundo
1403 826 1551 855 versus
1579 813 1689 867 508,
1721 814 1871 857 Cedere

423 880 545 932 item,
583 879 627 919 in
663 877 846 930 oblongo
886 878 1022 919 rubris
1061 883 1101 919 et
1129 879 1364 921 uncialibus
1394 879 1542 920 litteris
1573 879 1750 934 scriptus
1781 885 1869 935 est,

426 958 602 998 eumque
623 944 853 997 quadratus
873 946 1191 999 praetermittit,
1214 945 1287 987 sed
1311 958 1401 987 cum
1423 945 1587 988 duobus
1607 947 1703 989 aliis
1725 947 1869 1001 (Nam-

422 1028 502 1067 que
519 1011 617 1051 attis
637 1035 682 1039 —
704 1019 939 1052 emoreretur
954 1043 964 1063 ,
988 1011 1136 1052 Omnia
1159 1013 1236 1067 sic)
1259 1016 1300 1054 et
1320 1013 1410 1053 sine
1431 1012 1522 1065 ullo,
1537 1012 1756 1056 interstitio
1775 1028 1784 1055 :
1807 1026 1869 1057 ce·

424 1083 536 1119 teros
558 1077 599 1117 in
621 1076 804 1129 oblongo
826 1076 974 1118 eodem
995 1077 1119 1119 modo
1139 1079 1316 1132 scriptos
1343 1079 1570 1132 quadratus
1597 1079 1723 1122 habet
1741 1081 1869 1136 scrip-

423 1149 516 1186 tura
536 1156 619 1184 non
642 1143 798 1196 insigni
817 1176 824 1184 .
847 1144 875 1184 ii
898 1148 994 1185 sunt
1014 1144 1055 1185 hi
1074 1177 1082 1198 ,
1106 1145 1159 1187 94
1179 1146 1379 1186 Pluribus
1400 1145 1597 1198 ostendit,
1623 1147 1706 1189 502
1728 1149 1870 1189 Aurea

418 1226 625 1267 pavonum
643 1243 653 1262 ,
686 1211 768 1251 710
795 1210 961 1253 Scilicet
981 1211 1029 1252 ‘ld
1041 1243 1052 1264 ,
1084 1211 1165 1252 809
1191 1211 1306 1253 Scire
1329 1213 1445 1265 lieet,
1477 1212 1555 1253 887
1579 1213 1700 1263 Quod
1715 1223 1868 1267 movet,

421 1279 502 1320 909
524 1278 612 1319 Aut
628 1285 854 1332 nequeant,
879 1277 961 1318 962
982 1278 1206 1333 Quaquuo
1221 1311 1231 1331 ,
1258 1278 1364 1320 1012
1383 1279 1521 1321 Rebus
1532 1287 1572 1332 et
1585 1311 1596 1332 ,
1621 1279 1727 1322 1023
1746 1281 1869 1322 Nunc

422 1346 632 1396 animum,
667 1343 774 1384 1112
803 1344 913 1384 Nam
944 1360 1021 1385 sua
1050 1346 1224 1399 cuique:
1255 1345 1421 1387 rubrica
1451 1350 1513 1388 est
1542 1346 1586 1387 in
1616 1345 1797 1399 oblongo
1826 1346 1868 1388 in

420 1425 545 1455 versu
567 1411 647 1452 608
665 1443 674 1464 ,
704 1411 790 1460 Quo
811 1426 931 1464 nunc,
953 1411 1028 1452 sed
1049 1412 1214 1454 litterae
1236 1417 1447 1454 currentes
1465 1444 1473 1452 .
1500 1413 1623 1467 paria
1643 1412 1708 1454 his
1729 1412 1868 1454 obser-

421 1479 518 1522 vavi
549 1479 591 1519 in
626 1477 924 1518 commentario
954 1478 1048 1519 libri
1078 1479 1227 1532 primi,
1258 1479 1311 1521 de
1337 1493 1461 1521 versu
1493 1480 1541 1520 11
1573 1483 1614 1521 et
1641 1478 1722 1519 411
1740 1509 1751 1522 .
1773 1492 1868 1521 enu-

421 1546 579 1590 meravi
601 1548 741 1586 autem
763 1544 958 1599 singula,
989 1545 1088 1598 quia
1109 1558 1278 1587 causam
1299 1547 1359 1587 rei
1380 1546 1626 1599 intellegere
1646 1558 1731 1587 non
1750 1545 1868 1600 potui

420 1616 538 1667 (nam
569 1612 701 1666 siquis
733 1624 805 1653 eos
836 1624 982 1653 versus
1013 1612 1057 1653 in
1088 1613 1340 1667 exemplaris
1370 1613 1587 1667 archetypi
1607 1612 1868 1665 marginibus

421 1681 599 1735 scriptos
631 1679 760 1721 fuisse
790 1679 990 1733 coniciet,
1021 1679 1222 1733 errabit),
1243 1684 1295 1724 ¹et
1315 1684 1360 1721 ut
1379 1684 1568 1734 apertum
1591 1678 1774 1721 facerem
1794 1692 1867 1722 eos

423 1746 606 1790 absurde
637 1746 802 1799 egisse,
823 1746 894 1799 qui
924 1758 1070 1787 versus
1101 1746 1229 1788 minio
1251 1747 1428 1801 scriptos
1448 1750 1618 1800 propter
1637 1746 1774 1800 ipsum
1794 1746 1867 1787 mi-

419 1816 534 1857 nium
555 1814 802 1855 auctoritate
823 1825 966 1854 carere
994 1817 1034 1854 et
1058 1813 1425 1868 interpolatoribus
1446 1812 1748 1855 adscribendos
1773 1825 1867 1855 esse

422 1881 630 1924 dixerint.
653 1880 794 1934 itaque
824 1879 900 1921 hos
932 1879 985 1921 de
1014 1880 1164 1933 quibus
1195 1881 1362 1934 agimus
1391 1893 1538 1923 versus
1567 1879 1663 1921 libri
1693 1879 1867 1922 secundi

422 1949 505 1991 duo
542 1948 745 1990 Marullus
781 1947 962 2001 pessimo
1006 1947 1179 1989 consilio
1218 1948 1365 2002 eiecit,
1413 1959 1591 2001 eumque
1627 1946 1868 2002 turpissime

422 2019 589 2072 praeter
619 2014 844 2056 Avantium
875 2014 1075 2068 Piumque
1113 2027 1257 2057 omnes
1294 2013 1424 2057 secuti
1455 2017 1581 2055 sunt.
1616 2012 1867 2056 emendandi

423 2096 524 2126 vero
545 2081 751 2123 rationem
770 2084 898 2135 poeta
918 2081 1007 2135 ipse
1029 2081 1236 2135 ostendit,
1264 2094 1356 2123 cum
1377 2093 1508 2135 prope
1530 2079 1703 2134 eadem,
1732 2085 1778 2123 ut
1803 2093 1868 2123 so-

419 2151 498 2205 let,
522 2151 672 2191 iterum
702 2148 809 2189 dixit
837 2147 881 2189 in
910 2148 1016 2190 libro
1047 2163 1086 2202 v,
1111 2149 1242 2203 1228,
1273 2148 1614 2203 Induperatorem
1634 2148 1781 2190 classis
1800 2164 1868 2190 eu-

414 2235 492 2275 per
522 2231 705 2272 aequora
733 2215 860 2256 verrit
890 2214 989 2257 Cum
1018 2215 1174 2257 validis
1196 2217 1360 2271 pariter
1389 2214 1615 2269 Zeyz'onibus
1643 2222 1764 2269 atque
1793 2214 1870 2256 ele·

415 2286 613 2342 phantz's.
636 2291 689 2324 ex
710 2282 858 2336 quibus
880 2286 1057 2336 apparet
1087 2282 1190 2324 haec
1219 2283 1278 2324 ita
1308 2280 1491 2335 legenda
1520 2293 1638 2333 esse,
1659 2279 1869 2324 Subsidz'is

418 2353 684 2408 maym'sQUE
705 2363 1007 2389 ELEPHANTIS
1029 2349 1333 2402 constabilitas,
1356 2348 1535 2390 Ornatas
1556 2348 1686 2388 armis
1700 2379 1712 2400 ,
1734 2359 1868 2387 vAL1-

418 2433 527 2472 DAS,
550 2431 862 2462 PARITERQUE
893 2418 1099 2458 animatas
1117 2448 1127 2459 .
1157 2416 1200 2457 in
1228 2428 1353 2457 versu
1372 2414 1510 2468 priore
1531 2426 1670 2468 neque
1689 2413 1872 2469 Epicuri

419 2498 557 2539 neque
579 2485 772 2540 epz‘euron
795 2483 993 2525 subsidiis
1014 2484 1130 2526 locus
1151 2495 1244 2524 esse
1265 2485 1427 2536 potest:
1458 2481 1593 2523 altera
1623 2481 1733 2523 enim
1753 2480 1870 2523 nulla

421 2559 543 2606 sunt,
573 2551 708 2593 altera
726 2554 852 2605 poeta
873 2563 1001 2592 sanus
1021 2552 1223 2592 sociorum
1253 2548 1455 2603 dixisset,
1487 2560 1622 2602 neque
1648 2547 1692 2589 in
1713 2548 1868 2590 Tuscu-

419 2620 529 2662 lanis
545 2633 585 2674 v,
602 2618 680 2659 116
698 2617 842 2659 Cicero
860 2617 920 2658 ita
937 2617 1076 2659 dicere
1092 2617 1226 2671 potuit
1242 2616 1427 2671 epicurei
1443 2616 1576 2657 nostri
1585 2647 1596 2668 ,
1614 2626 1868 2668 quamquam

421 2687 508 2730 scio
539 2686 796 2742 epibatarum
816 2684 1064 2726 vocabulum
1096 2685 1138 2724 in
1167 2697 1246 2725 usu
1267 2683 1511 2724 Latinorum
1534 2681 1665 2723 fuisse
1687 2712 1697 2722 .
1718 2680 1795 2723 sed
1825 2684 1867 2722 et

420 2754 653 2809 elephantos
683 2755 723 2794 et
751 2751 795 2792 in
825 2751 957 2792 altero
986 2763 1111 2792 versu
1146 2749 1310 2792 validas
1339 2749 1528 2802 legiones
1558 2748 1664 2790 libel·
1699 2747 1868 2801 quintus

420 2825 505 2862 tam
536 2822 681 2874 aperte
711 2817 974 2860 commendat
1002 2821 1048 2858 ut
1078 2817 1259 2859 dubitari
1281 2817 1353 2859 vix
1372 2815 1532 2871 possit.
1555 2827 1630 2858 eae
1651 2818 1789 2857 autem
1812 2814 1868 2855 le-

420 2877 568 2940 giones
599 2886 726 2927 armis
757 2889 931 2927 ornatae
961 2897 1104 2927 omnes
1140 2885 1248 2926 inter
1277 2897 1323 2926 se
1343 2885 1511 2939 pariter
1540 2883 1746 2924 animatae
1775 2892 1868 2923 esse

421 2953 600 3007 debent,
622 2956 668 2993 ut
687 2952 795 3006 sint,
814 2965 936 3006 quem
958 2951 1186 2994 admodum
1206 2951 1381 2992 Plautus
1402 2949 1502 2992 dicit
1522 2950 1566 2991 in
1586 2947 1869 2990 Bacchidibus
