<?xml version="1.0" encoding="UTF-8"?>
<!DOCTYPE html PUBLIC "-//W3C//DTD XHTML 1.0 Transitional//EN"
    "http://www.w3.org/TR/xhtml1/DTD/xhtml1-transitional.dtd">
<html xmlns="http://www.w3.org/1999/xhtml" xml:lang="en" lang="en">
 <head>
  <title>
</title>
<meta http-equiv="Content-Type" content="text/html;charset=utf-8" />
  <meta name='ocr-system' content='tesseract 3.04.00' />
  <meta name='ocr-capabilities' content='ocr_page ocr_carea ocr_par ocr_line ocrx_word'/>
</head>
<body>
  <div class='ocr_page' id='page_1' title='image "./intlucretiicarid00lachuoft_0008.png"; bbox 0 0 2040 3328; ppageno 0'>
   <div class='ocr_carea' id='block_1_1' title="bbox 327 211 1150 255">
    <p class='ocr_par' dir='ltr' id='par_1_1' title="bbox 327 211 1150 255">
     <span class='ocr_line' id='line_1_1' title="bbox 327 211 1150 255; baseline 0.005 -4"><span class='ocrx_word' id='word_1_1' title='bbox 327 211 355 251; x_wconf 88' lang='grc'><strong>4</strong></span> <span class='ocrx_word' id='word_1_2' title='bbox 953 227 1150 255; x_wconf 63' lang='lat' dir='ltr'>immansio</span> 
     </span>
    </p>
   </div>
   <div class='ocr_carea' id='block_1_2' title="bbox 325 323 1777 2983">
    <p class='ocr_par' dir='ltr' id='par_1_2' title="bbox 326 323 1776 2447">
     <span class='ocr_line' id='line_1_2' title="bbox 417 323 1772 382; baseline 0.006 -18"><span class='ocrx_word' id='word_1_3' title='bbox 417 323 533 365; x_wconf 90' lang='lat' dir='ltr'>Haec</span> <span class='ocrx_word' id='word_1_4' title='bbox 554 324 694 366; x_wconf 88' lang='lat' dir='ltr'>omnia</span> <span class='ocrx_word' id='word_1_5' title='bbox 713 325 773 365; x_wconf 90' lang='lat' dir='ltr'>ita</span> <span class='ocrx_word' id='word_1_6' title='bbox 793 328 838 365; x_wconf 92' lang='lat' dir='ltr'>ut</span> <span class='ocrx_word' id='word_1_7' title='bbox 858 324 945 366; x_wconf 93' lang='lat' dir='ltr'>dixi</span> <span class='ocrx_word' id='word_1_8' title='bbox 968 325 1098 367; x_wconf 89' lang='lat' dir='ltr'>fuisse</span> <span class='ocrx_word' id='word_1_9' title='bbox 1118 325 1334 379; x_wconf 81' lang='lat' dir='ltr'>intelleget</span> <span class='ocrx_word' id='word_1_10' title='bbox 1354 327 1604 382; x_wconf 84' lang='lat' dir='ltr'>quicumque</span> <span class='ocrx_word' id='word_1_11' title='bbox 1625 328 1772 372; x_wconf 90' lang='lat' dir='ltr'>horum</span> 
     </span>
     <span class='ocr_line' id='line_1_3' title="bbox 329 391 1772 449; baseline 0.006 -19"><span class='ocrx_word' id='word_1_12' title='bbox 329 391 719 431; x_wconf 77' lang='lat' dir='ltr'>commentariorum</span> <span class='ocrx_word' id='word_1_13' title='bbox 749 391 933 444; x_wconf 84' lang='lat' dir='ltr'>aliquam</span> <span class='ocrx_word' id='word_1_14' title='bbox 956 396 1118 445; x_wconf 87' lang='lat' dir='ltr'>partem</span> <span class='ocrx_word' id='word_1_15' title='bbox 1142 395 1485 445; x_wconf 87' lang='lat' dir='ltr'>pertractaverit.</span> <span class='ocrx_word' id='word_1_16' title='bbox 1507 409 1680 449; x_wconf 90' lang='lat' dir='ltr'>quarum</span> <span class='ocrx_word' id='word_1_17' title='bbox 1710 411 1772 439; x_wconf 89' lang='lat' dir='ltr'>re-</span> 
     </span>
     <span class='ocr_line' id='line_1_4' title="bbox 329 452 1772 514; baseline 0.006 -18"><span class='ocrx_word' id='word_1_18' title='bbox 329 470 420 497; x_wconf 91' lang='lat' dir='ltr'>rum</span> <span class='ocrx_word' id='word_1_19' title='bbox 451 458 635 498; x_wconf 88' lang='lat' dir='ltr'>maxima</span> <span class='ocrx_word' id='word_1_20' title='bbox 664 470 763 511; x_wconf 90' lang='lat' dir='ltr'>pars</span> <span class='ocrx_word' id='word_1_21' title='bbox 794 471 816 499; x_wconf 92' lang='lat' dir='ltr'>e</span> <span class='ocrx_word' id='word_1_22' title='bbox 848 459 979 511; x_wconf 88' lang='lat' dir='ltr'>copiis</span> <span class='ocrx_word' id='word_1_23' title='bbox 1010 458 1063 499; x_wconf 90' lang='lat' dir='ltr'>ab</span> <span class='ocrx_word' id='word_1_24' title='bbox 1094 458 1385 514; x_wconf 88' lang='lat' dir='ltr'>Havercampo</span> <span class='ocrx_word' id='word_1_25' title='bbox 1423 465 1464 502; x_wconf 84' lang='lat' dir='ltr'>et</span> <span class='ocrx_word' id='word_1_26' title='bbox 1497 452 1644 504; x_wconf 82' lang='lat' dir='ltr'>ceteris</span> <span class='ocrx_word' id='word_1_27' title='bbox 1682 476 1772 505; x_wconf 89' lang='lat' dir='ltr'>cum</span> 
     </span>
     <span class='ocr_line' id='line_1_5' title="bbox 327 523 1772 571; baseline 0.006 -8"><span class='ocrx_word' id='word_1_28' title='bbox 327 536 489 564; x_wconf 88' lang='lat' dir='ltr'>summa</span> <span class='ocrx_word' id='word_1_29' title='bbox 509 523 652 564; x_wconf 89' lang='lat' dir='ltr'>iudicii</span> <span class='ocrx_word' id='word_1_30' title='bbox 674 524 955 566; x_wconf 80' lang='lat' dir='ltr'>imbecillitate</span> <span class='ocrx_word' id='word_1_31' title='bbox 972 525 1133 567; x_wconf 90' lang='lat' dir='ltr'>collatis</span> <span class='ocrx_word' id='word_1_32' title='bbox 1151 539 1242 567; x_wconf 89' lang='lat' dir='ltr'>cum</span> <span class='ocrx_word' id='word_1_33' title='bbox 1258 526 1357 567; x_wconf 87' lang='lat' dir='ltr'>mihi</span> <span class='ocrx_word' id='word_1_34' title='bbox 1374 540 1448 569; x_wconf 87' lang='lat' dir='ltr'>sex</span> <span class='ocrx_word' id='word_1_35' title='bbox 1465 527 1552 570; x_wconf 88' lang='lat' dir='ltr'>fere</span> <span class='ocrx_word' id='word_1_36' title='bbox 1567 530 1772 571; x_wconf 89' lang='lat' dir='ltr'>mensium</span> 
     </span>
     <span class='ocr_line' id='line_1_6' title="bbox 329 590 1772 649; baseline 0.004 -19"><span class='ocrx_word' id='word_1_37' title='bbox 329 604 404 631; x_wconf 89' lang='lat' dir='ltr'>usu</span> <span class='ocrx_word' id='word_1_38' title='bbox 427 590 705 643; x_wconf 83' lang='lat' dir='ltr'>constitisset,</span> <span class='ocrx_word' id='word_1_39' title='bbox 738 594 876 632; x_wconf 89' lang='lat' dir='ltr'>cetera</span> <span class='ocrx_word' id='word_1_40' title='bbox 900 592 1085 645; x_wconf 84' lang='lat' dir='ltr'>(praeter</span> <span class='ocrx_word' id='word_1_41' title='bbox 1105 605 1320 634; x_wconf 88' lang='lat' dir='ltr'>numerum</span> <span class='ocrx_word' id='word_1_42' title='bbox 1341 594 1616 648; x_wconf 88' lang='lat' dir='ltr'>paginarum,</span> <span class='ocrx_word' id='word_1_43' title='bbox 1650 609 1772 649; x_wconf 89' lang='lat' dir='ltr'>quem</span> 
     </span>
     <span class='ocr_line' id='line_1_7' title="bbox 329 656 1774 714; baseline 0.005 -17"><span class='ocrx_word' id='word_1_44' title='bbox 329 670 463 711; x_wconf 83' lang='lat' dir='ltr'>nuper</span> <span class='ocrx_word' id='word_1_45' title='bbox 484 656 687 709; x_wconf 83' lang='lat' dir='ltr'>subduxi)</span> <span class='ocrx_word' id='word_1_46' title='bbox 718 669 766 698; x_wconf 91' lang='lat' dir='ltr'>eo</span> <span class='ocrx_word' id='word_1_47' title='bbox 789 658 881 711; x_wconf 88' lang='lat' dir='ltr'>ipso</span> <span class='ocrx_word' id='word_1_48' title='bbox 902 671 1038 712; x_wconf 88' lang='lat' dir='ltr'>paene</span> <span class='ocrx_word' id='word_1_49' title='bbox 1058 663 1265 701; x_wconf 90' lang='lat' dir='ltr'>momento</span> <span class='ocrx_word' id='word_1_50' title='bbox 1286 664 1510 714; x_wconf 90' lang='lat' dir='ltr'>patuerunt</span> <span class='ocrx_word' id='word_1_51' title='bbox 1537 675 1620 714; x_wconf 91' lang='lat' dir='ltr'>quo</span> <span class='ocrx_word' id='word_1_52' title='bbox 1650 675 1774 704; x_wconf 89' lang='lat' dir='ltr'>mem-</span> 
     </span>
     <span class='ocr_line' id='line_1_8' title="bbox 330 723 1773 783; baseline 0.004 -19"><span class='ocrx_word' id='word_1_53' title='bbox 330 724 487 765; x_wconf 85' lang='lat' dir='ltr'>branae</span> <span class='ocrx_word' id='word_1_54' title='bbox 517 723 750 765; x_wconf 87' lang='lat' dir='ltr'>Vossianae</span> <span class='ocrx_word' id='word_1_55' title='bbox 781 737 807 765; x_wconf 88' lang='lat' dir='ltr'>a</span> <span class='ocrx_word' id='word_1_56' title='bbox 837 739 901 767; x_wconf 91' lang='lat' dir='ltr'>me</span> <span class='ocrx_word' id='word_1_57' title='bbox 933 727 1068 767; x_wconf 84' lang='lat' dir='ltr'>excuti</span> <span class='ocrx_word' id='word_1_58' title='bbox 1101 730 1273 780; x_wconf 83' lang='lat' dir='ltr'>coeptae</span> <span class='ocrx_word' id='word_1_59' title='bbox 1305 731 1425 779; x_wconf 88' lang='lat' dir='ltr'>sunt,</span> <span class='ocrx_word' id='word_1_60' title='bbox 1466 741 1608 770; x_wconf 91' lang='lat' dir='ltr'>mense</span> <span class='ocrx_word' id='word_1_61' title='bbox 1638 729 1773 783; x_wconf 90' lang='lat' dir='ltr'>Aprili</span> 
     </span>
     <span class='ocr_line' id='line_1_9' title="bbox 327 791 1774 845; baseline 0.003 -14"><span class='ocrx_word' id='word_1_62' title='bbox 327 791 426 831; x_wconf 86' lang='lat' dir='ltr'>anni</span> <span class='ocrx_word' id='word_1_63' title='bbox 463 804 725 844; x_wconf 65' lang='lat' dir='ltr'>moccexnw,</span> <span class='ocrx_word' id='word_1_64' title='bbox 763 803 855 832; x_wconf 89' lang='lat' dir='ltr'>cum</span> <span class='ocrx_word' id='word_1_65' title='bbox 893 793 1049 845; x_wconf 85' lang='lat' dir='ltr'>insigni</span> <span class='ocrx_word' id='word_1_66' title='bbox 1088 792 1380 834; x_wconf 81' lang='lat' dir='ltr'>benevolentia</span> <span class='ocrx_word' id='word_1_67' title='bbox 1415 806 1464 834; x_wconf 88' lang='lat' dir='ltr'>ac</span> <span class='ocrx_word' id='word_1_68' title='bbox 1502 794 1647 837; x_wconf 87' lang='lat' dir='ltr'>favore</span> <span class='ocrx_word' id='word_1_69' title='bbox 1682 796 1774 836; x_wconf 90' lang='lat' dir='ltr'>illu-</span> 
     </span>
     <span class='ocr_line' id='line_1_10' title="bbox 328 857 1774 916; baseline 0.003 -18"><span class='ocrx_word' id='word_1_70' title='bbox 328 858 473 898; x_wconf 90' lang='lat' dir='ltr'>strium</span> <span class='ocrx_word' id='word_1_71' title='bbox 501 857 745 900; x_wconf 87' lang='lat' dir='ltr'>academiae</span> <span class='ocrx_word' id='word_1_72' title='bbox 773 859 994 901; x_wconf 91' lang='lat' dir='ltr'>Leidensis</span> <span class='ocrx_word' id='word_1_73' title='bbox 1023 863 1284 914; x_wconf 89' lang='lat' dir='ltr'>curatorum,</span> <span class='ocrx_word' id='word_1_74' title='bbox 1312 873 1417 912; x_wconf 90' lang='lat' dir='ltr'>quos</span> <span class='ocrx_word' id='word_1_75' title='bbox 1446 861 1588 902; x_wconf 89' lang='lat' dir='ltr'>Iacobi</span> <span class='ocrx_word' id='word_1_76' title='bbox 1611 862 1745 904; x_wconf 84' lang='lat' dir='ltr'>Geelii</span> <span class='ocrx_word' id='word_1_77' title='bbox 1763 894 1774 916; x_wconf 90' lang='lat'>,</span> 
     </span>
     <span class='ocr_line' id='line_1_11' title="bbox 328 924 1772 982; baseline 0.004 -18"><span class='ocrx_word' id='word_1_78' title='bbox 328 924 507 965; x_wconf 90' lang='lat' dir='ltr'>hominis</span> <span class='ocrx_word' id='word_1_79' title='bbox 530 924 676 978; x_wconf 90' lang='lat' dir='ltr'>optimi</span> <span class='ocrx_word' id='word_1_80' title='bbox 696 925 878 978; x_wconf 90' lang='lat' dir='ltr'>mihique</span> <span class='ocrx_word' id='word_1_81' title='bbox 900 939 983 966; x_wconf 93' lang='lat' dir='ltr'>non</span> <span class='ocrx_word' id='word_1_82' title='bbox 1005 930 1174 980; x_wconf 88' lang='lat' dir='ltr'>propter</span> <span class='ocrx_word' id='word_1_83' title='bbox 1195 926 1471 969; x_wconf 91' lang='lat' dir='ltr'>eruditionem</span> <span class='ocrx_word' id='word_1_84' title='bbox 1496 928 1629 970; x_wconf 82' lang='lat' dir='ltr'>solam</span> <span class='ocrx_word' id='word_1_85' title='bbox 1659 930 1772 982; x_wconf 89' lang='lat' dir='ltr'>cari,</span> 
     </span>
     <span class='ocr_line' id='line_1_12' title="bbox 329 990 1772 1045; baseline 0.005 -15"><span class='ocrx_word' id='word_1_86' title='bbox 329 990 502 1031; x_wconf 88' lang='lat' dir='ltr'>consilio</span> <span class='ocrx_word' id='word_1_87' title='bbox 526 1004 624 1031; x_wconf 90' lang='lat' dir='ltr'>usos</span> <span class='ocrx_word' id='word_1_88' title='bbox 647 1004 739 1032; x_wconf 87' lang='lat' dir='ltr'>esse</span> <span class='ocrx_word' id='word_1_89' title='bbox 760 992 975 1045; x_wconf 89' lang='lat' dir='ltr'>suspicor,</span> <span class='ocrx_word' id='word_1_90' title='bbox 1005 993 1049 1032; x_wconf 90' lang='lat' dir='ltr'>in</span> <span class='ocrx_word' id='word_1_91' title='bbox 1069 991 1177 1033; x_wconf 88' lang='lat' dir='ltr'>hanc</span> <span class='ocrx_word' id='word_1_92' title='bbox 1198 993 1343 1034; x_wconf 91' lang='lat' dir='ltr'>urbem</span> <span class='ocrx_word' id='word_1_93' title='bbox 1365 999 1504 1035; x_wconf 83' lang='lat' dir='ltr'>essent</span> <span class='ocrx_word' id='word_1_94' title='bbox 1523 995 1743 1037; x_wconf 87' lang='lat' dir='ltr'>tramissae</span> <span class='ocrx_word' id='word_1_95' title='bbox 1764 1027 1772 1036; x_wconf 95' lang='lat'><strong><em>.</em></strong></span> 
     </span>
     <span class='ocr_line' id='line_1_13' title="bbox 328 1057 1773 1115; baseline 0.003 -18"><span class='ocrx_word' id='word_1_96' title='bbox 328 1057 452 1110; x_wconf 91' lang='lat' dir='ltr'>paulo</span> <span class='ocrx_word' id='word_1_97' title='bbox 491 1061 589 1098; x_wconf 89' lang='lat' dir='ltr'>ante</span> <span class='ocrx_word' id='word_1_98' title='bbox 628 1058 672 1098; x_wconf 92' lang='lat' dir='ltr'>id</span> <span class='ocrx_word' id='word_1_99' title='bbox 708 1062 872 1112; x_wconf 88' lang='lat' dir='ltr'>tempus</span> <span class='ocrx_word' id='word_1_100' title='bbox 910 1059 992 1100; x_wconf 91' lang='lat' dir='ltr'>duo</span> <span class='ocrx_word' id='word_1_101' title='bbox 1037 1059 1329 1101; x_wconf 85' lang='lat' dir='ltr'>adulescentes</span> <span class='ocrx_word' id='word_1_102' title='bbox 1373 1060 1529 1113; x_wconf 87' lang='lat' dir='ltr'>optime</span> <span class='ocrx_word' id='word_1_103' title='bbox 1573 1061 1773 1115; x_wconf 85' lang='lat' dir='ltr'>instituti,</span> 
     </span>
     <span class='ocr_line' id='line_1_14' title="bbox 328 1123 1774 1180; baseline 0.005 -17"><span class='ocrx_word' id='word_1_104' title='bbox 328 1123 450 1175; x_wconf 86' lang='lat' dir='ltr'>Hugo</span> <span class='ocrx_word' id='word_1_105' title='bbox 482 1124 743 1165; x_wconf 87' lang='lat' dir='ltr'>Purmannus</span> <span class='ocrx_word' id='word_1_106' title='bbox 776 1125 953 1166; x_wconf 87' lang='lat' dir='ltr'>Silesius</span> <span class='ocrx_word' id='word_1_107' title='bbox 989 1128 1029 1166; x_wconf 92' lang='lat' dir='ltr'>et</span> <span class='ocrx_word' id='word_1_108' title='bbox 1066 1125 1243 1167; x_wconf 90' lang='lat' dir='ltr'>Iacobus</span> <span class='ocrx_word' id='word_1_109' title='bbox 1283 1126 1539 1180; x_wconf 87' lang='lat' dir='ltr'>Bernaysius</span> <span class='ocrx_word' id='word_1_110' title='bbox 1573 1127 1774 1170; x_wconf 89' lang='lat' dir='ltr'>Hambur-</span> 
     </span>
     <span class='ocr_line' id='line_1_15' title="bbox 329 1190 1774 1247; baseline 0.004 -17"><span class='ocrx_word' id='word_1_111' title='bbox 329 1190 499 1243; x_wconf 81' lang='lat' dir='ltr'>gensis,</span> <span class='ocrx_word' id='word_1_112' title='bbox 538 1190 608 1232; x_wconf 88' lang='lat' dir='ltr'>via</span> <span class='ocrx_word' id='word_1_113' title='bbox 646 1204 695 1232; x_wconf 87' lang='lat' dir='ltr'>ac</span> <span class='ocrx_word' id='word_1_114' title='bbox 724 1191 886 1232; x_wconf 86' lang='lat' dir='ltr'>ratione</span> <span class='ocrx_word' id='word_1_115' title='bbox 916 1191 969 1232; x_wconf 89' lang='lat' dir='ltr'>ab</span> <span class='ocrx_word' id='word_1_116' title='bbox 999 1191 1185 1234; x_wconf 89' lang='lat' dir='ltr'>Iohanne</span> <span class='ocrx_word' id='word_1_117' title='bbox 1215 1193 1391 1234; x_wconf 89' lang='lat' dir='ltr'>Nicolao</span> <span class='ocrx_word' id='word_1_118' title='bbox 1423 1193 1644 1247; x_wconf 81' lang='lat' dir='ltr'>Madvieo,</span> <span class='ocrx_word' id='word_1_119' title='bbox 1683 1195 1774 1236; x_wconf 83' lang='lat' dir='ltr'>viro</span> 
     </span>
     <span class='ocr_line' id='line_1_16' title="bbox 330 1257 1775 1314; baseline 0.004 -17"><span class='ocrx_word' id='word_1_120' title='bbox 330 1257 638 1310; x_wconf 88' lang='lat' dir='ltr'>eruditissimo,</span> <span class='ocrx_word' id='word_1_121' title='bbox 661 1262 894 1299; x_wconf 88' lang='lat' dir='ltr'>monstrata</span> <span class='ocrx_word' id='word_1_122' title='bbox 913 1259 968 1311; x_wconf 88' lang='lat' dir='ltr'>(is</span> <span class='ocrx_word' id='word_1_123' title='bbox 990 1259 1098 1299; x_wconf 92' lang='lat' dir='ltr'>enim</span> <span class='ocrx_word' id='word_1_124' title='bbox 1121 1259 1383 1300; x_wconf 90' lang='lat' dir='ltr'>emendando</span> <span class='ocrx_word' id='word_1_125' title='bbox 1406 1260 1595 1302; x_wconf 91' lang='lat' dir='ltr'>Lucretio</span> <span class='ocrx_word' id='word_1_126' title='bbox 1616 1261 1775 1314; x_wconf 89' lang='lat' dir='ltr'>primus</span> 
     </span>
     <span class='ocr_line' id='line_1_17' title="bbox 328 1325 1776 1369; baseline 0.003 -5"><span class='ocrx_word' id='word_1_127' title='bbox 328 1328 460 1365; x_wconf 87' lang='lat' dir='ltr'>artem</span> <span class='ocrx_word' id='word_1_128' title='bbox 481 1337 628 1366; x_wconf 89' lang='lat' dir='ltr'>sanam</span> <span class='ocrx_word' id='word_1_129' title='bbox 644 1325 835 1366; x_wconf 90' lang='lat' dir='ltr'>adhibuit</span> <span class='ocrx_word' id='word_1_130' title='bbox 855 1325 898 1366; x_wconf 92' lang='lat' dir='ltr'>in</span> <span class='ocrx_word' id='word_1_131' title='bbox 915 1325 1056 1366; x_wconf 92' lang='lat' dir='ltr'>libello</span> <span class='ocrx_word' id='word_1_132' title='bbox 1073 1325 1313 1367; x_wconf 88' lang='lat' dir='ltr'>academico</span> <span class='ocrx_word' id='word_1_133' title='bbox 1333 1326 1523 1368; x_wconf 89' lang='lat' dir='ltr'>Hauniae</span> <span class='ocrx_word' id='word_1_134' title='bbox 1539 1339 1649 1368; x_wconf 90' lang='lat' dir='ltr'>anno</span> <span class='ocrx_word' id='word_1_135' title='bbox 1669 1328 1776 1369; x_wconf 81' lang='lat'>1832</span> 
     </span>
     <span class='ocr_line' id='line_1_18' title="bbox 330 1391 1775 1447; baseline 0.003 -15"><span class='ocrx_word' id='word_1_136' title='bbox 330 1391 536 1432; x_wconf 89' lang='lat' dir='ltr'>etiterum</span> <span class='ocrx_word' id='word_1_137' title='bbox 566 1391 734 1433; x_wconf 89' lang='lat' dir='ltr'>biennio</span> <span class='ocrx_word' id='word_1_138' title='bbox 762 1395 858 1445; x_wconf 87' lang='lat' dir='ltr'>post</span> <span class='ocrx_word' id='word_1_139' title='bbox 883 1392 990 1432; x_wconf 90' lang='lat' dir='ltr'>inter</span> <span class='ocrx_word' id='word_1_140' title='bbox 1021 1391 1226 1445; x_wconf 87' lang='lat' dir='ltr'>opuscula</span> <span class='ocrx_word' id='word_1_141' title='bbox 1251 1392 1384 1445; x_wconf 90' lang='lat' dir='ltr'>edito)</span> <span class='ocrx_word' id='word_1_142' title='bbox 1412 1393 1457 1433; x_wconf 91' lang='lat' dir='ltr'>in</span> <span class='ocrx_word' id='word_1_143' title='bbox 1487 1394 1775 1447; x_wconf 81' lang='lat' dir='ltr'>expendendis</span> 
     </span>
     <span class='ocr_line' id='line_1_19' title="bbox 328 1457 1776 1514; baseline 0.003 -16"><span class='ocrx_word' id='word_1_144' title='bbox 328 1457 450 1499; x_wconf 89' lang='lat' dir='ltr'>huius</span> <span class='ocrx_word' id='word_1_145' title='bbox 487 1459 694 1511; x_wconf 73' lang='lat' dir='ltr'>poematis</span> <span class='ocrx_word' id='word_1_146' title='bbox 733 1457 983 1500; x_wconf 90' lang='lat' dir='ltr'>emendandi</span> <span class='ocrx_word' id='word_1_147' title='bbox 1021 1458 1244 1512; x_wconf 87' lang='lat' dir='ltr'>praesidiis</span> <span class='ocrx_word' id='word_1_148' title='bbox 1281 1471 1435 1512; x_wconf 88' lang='lat' dir='ltr'>magno</span> <span class='ocrx_word' id='word_1_149' title='bbox 1471 1460 1609 1501; x_wconf 89' lang='lat' dir='ltr'>studio</span> <span class='ocrx_word' id='word_1_150' title='bbox 1639 1473 1776 1514; x_wconf 88' lang='lat' dir='ltr'>neque</span> 
     </span>
     <span class='ocr_line' id='line_1_20' title="bbox 327 1524 1774 1569; baseline 0.003 -5"><span class='ocrx_word' id='word_1_151' title='bbox 327 1524 549 1566; x_wconf 88' lang='lat' dir='ltr'>infeliciter</span> <span class='ocrx_word' id='word_1_152' title='bbox 587 1524 911 1567; x_wconf 88' lang='lat' dir='ltr'>elaboraverunt</span> <span class='ocrx_word' id='word_1_153' title='bbox 934 1557 942 1565; x_wconf 92' lang='lat'><strong><em>.</em></strong></span> <span class='ocrx_word' id='word_1_154' title='bbox 965 1525 1111 1566; x_wconf 91' lang='lat' dir='ltr'>horum</span> <span class='ocrx_word' id='word_1_155' title='bbox 1143 1526 1403 1567; x_wconf 86' lang='lat' dir='ltr'>Purmannus</span> <span class='ocrx_word' id='word_1_156' title='bbox 1433 1526 1774 1569; x_wconf 88' lang='lat' dir='ltr'>Lucretianarum</span> 
     </span>
     <span class='ocr_line' id='line_1_21' title="bbox 329 1592 1775 1645; baseline 0.002 -13"><span class='ocrx_word' id='word_1_157' title='bbox 329 1592 622 1644; x_wconf 89' lang='lat' dir='ltr'>quaestionum</span> <span class='ocrx_word' id='word_1_158' title='bbox 659 1592 871 1645; x_wconf 88' lang='lat' dir='ltr'>specimen</span> <span class='ocrx_word' id='word_1_159' title='bbox 909 1592 1192 1634; x_wconf 86' lang='lat' dir='ltr'>Vratislaviae</span> <span class='ocrx_word' id='word_1_160' title='bbox 1227 1606 1371 1634; x_wconf 88' lang='lat' dir='ltr'>mense</span> <span class='ocrx_word' id='word_1_161' title='bbox 1402 1592 1554 1634; x_wconf 88' lang='lat' dir='ltr'>Martio</span> <span class='ocrx_word' id='word_1_162' title='bbox 1586 1593 1775 1636; x_wconf 88' lang='lat' dir='ltr'>eiusdem</span> 
     </span>
     <span class='ocr_line' id='line_1_22' title="bbox 329 1658 1776 1712; baseline 0.001 -13"><span class='ocrx_word' id='word_1_163' title='bbox 329 1658 427 1699; x_wconf 88' lang='lat' dir='ltr'>anni</span> <span class='ocrx_word' id='word_1_164' title='bbox 454 1659 559 1700; x_wconf 79' lang='lat'>1846</span> <span class='ocrx_word' id='word_1_165' title='bbox 590 1658 746 1712; x_wconf 85' lang='lat' dir='ltr'>edidit,</span> <span class='ocrx_word' id='word_1_166' title='bbox 779 1659 1036 1712; x_wconf 87' lang='lat' dir='ltr'>Bernaysius</span> <span class='ocrx_word' id='word_1_167' title='bbox 1068 1672 1170 1701; x_wconf 92' lang='lat' dir='ltr'>suae</span> <span class='ocrx_word' id='word_1_168' title='bbox 1201 1660 1254 1701; x_wconf 93' lang='lat' dir='ltr'>de</span> <span class='ocrx_word' id='word_1_169' title='bbox 1281 1659 1573 1702; x_wconf 88' lang='lat' dir='ltr'>emendatione</span> <span class='ocrx_word' id='word_1_170' title='bbox 1594 1660 1776 1702; x_wconf 88' lang='lat' dir='ltr'>Lucretii</span> 
     </span>
     <span class='ocr_line' id='line_1_23' title="bbox 329 1725 1775 1779; baseline 0.002 -14"><span class='ocrx_word' id='word_1_171' title='bbox 329 1725 692 1779; x_wconf 86' lang='lat' dir='ltr'>commentationi,</span> <span class='ocrx_word' id='word_1_172' title='bbox 733 1737 857 1778; x_wconf 91' lang='lat' dir='ltr'>quam</span> <span class='ocrx_word' id='word_1_173' title='bbox 896 1725 1132 1767; x_wconf 89' lang='lat' dir='ltr'>Fridericus</span> <span class='ocrx_word' id='word_1_174' title='bbox 1162 1726 1414 1768; x_wconf 86' lang='lat' dir='ltr'>Ritschelius</span> <span class='ocrx_word' id='word_1_175' title='bbox 1452 1727 1494 1768; x_wconf 88' lang='lat' dir='ltr'>in</span> <span class='ocrx_word' id='word_1_176' title='bbox 1529 1727 1775 1769; x_wconf 90' lang='lat' dir='ltr'>Rhenanum</span> 
     </span>
     <span class='ocr_line' id='line_1_24' title="bbox 328 1792 1773 1848; baseline 0.002 -17"><span class='ocrx_word' id='word_1_177' title='bbox 328 1804 516 1832; x_wconf 90' lang='lat' dir='ltr'>museum</span> <span class='ocrx_word' id='word_1_178' title='bbox 546 1792 804 1846; x_wconf 84' lang='lat' dir='ltr'>philologiae</span> <span class='ocrx_word' id='word_1_179' title='bbox 835 1805 946 1834; x_wconf 90' lang='lat' dir='ltr'>anno</span> <span class='ocrx_word' id='word_1_180' title='bbox 972 1794 1075 1834; x_wconf 84' lang='lat'>1847</span> <span class='ocrx_word' id='word_1_181' title='bbox 1108 1794 1289 1847; x_wconf 85' lang='lat' dir='ltr'>recepit,</span> <span class='ocrx_word' id='word_1_182' title='bbox 1322 1794 1567 1848; x_wconf 87' lang='lat' dir='ltr'>subscripsit</span> <span class='ocrx_word' id='word_1_183' title='bbox 1596 1793 1773 1836; x_wconf 90' lang='lat' dir='ltr'>eundem</span> 
     </span>
     <span class='ocr_line' id='line_1_25' title="bbox 328 1858 1774 1915; baseline 0.001 -17"><span class='ocrx_word' id='word_1_184' title='bbox 328 1858 446 1898; x_wconf 92' lang='lat' dir='ltr'>illum</span> <span class='ocrx_word' id='word_1_185' title='bbox 469 1858 657 1912; x_wconf 90' lang='lat' dir='ltr'>Aprilem</span> <span class='ocrx_word' id='word_1_186' title='bbox 687 1860 786 1899; x_wconf 88' lang='lat' dir='ltr'>anni</span> <span class='ocrx_word' id='word_1_187' title='bbox 811 1859 943 1901; x_wconf 81' lang='lat'>1846.</span> <span class='ocrx_word' id='word_1_188' title='bbox 976 1860 1051 1902; x_wconf 90' lang='lat' dir='ltr'>sed</span> <span class='ocrx_word' id='word_1_189' title='bbox 1082 1873 1223 1902; x_wconf 93' lang='lat' dir='ltr'>eorum</span> <span class='ocrx_word' id='word_1_190' title='bbox 1255 1874 1410 1915; x_wconf 89' lang='lat' dir='ltr'>opera,</span> <span class='ocrx_word' id='word_1_191' title='bbox 1442 1865 1486 1902; x_wconf 91' lang='lat' dir='ltr'>ut</span> <span class='ocrx_word' id='word_1_192' title='bbox 1515 1859 1595 1901; x_wconf 88' lang='lat' dir='ltr'>fuit</span> <span class='ocrx_word' id='word_1_193' title='bbox 1622 1861 1667 1902; x_wconf 91' lang='lat' dir='ltr'>in</span> <span class='ocrx_word' id='word_1_194' title='bbox 1697 1860 1774 1901; x_wconf 90' lang='lat' dir='ltr'>hoc</span> 
     </span>
     <span class='ocr_line' id='line_1_26' title="bbox 328 1925 1772 1981; baseline 0.002 -15"><span class='ocrx_word' id='word_1_195' title='bbox 328 1925 499 1978; x_wconf 88' lang='lat' dir='ltr'>negotio</span> <span class='ocrx_word' id='word_1_196' title='bbox 522 1938 624 1966; x_wconf 90' lang='lat' dir='ltr'>sane</span> <span class='ocrx_word' id='word_1_197' title='bbox 646 1925 916 1968; x_wconf 87' lang='lat' dir='ltr'>laudabiliter</span> <span class='ocrx_word' id='word_1_198' title='bbox 937 1927 1100 1980; x_wconf 89' lang='lat' dir='ltr'>posita,</span> <span class='ocrx_word' id='word_1_199' title='bbox 1132 1927 1191 1969; x_wconf 90' lang='lat' dir='ltr'>ita</span> <span class='ocrx_word' id='word_1_200' title='bbox 1210 1927 1310 1968; x_wconf 89' lang='lat' dir='ltr'>mihi</span> <span class='ocrx_word' id='word_1_201' title='bbox 1328 1960 1338 1981; x_wconf 93' lang='lat'>,</span> <span class='ocrx_word' id='word_1_202' title='bbox 1370 1931 1414 1968; x_wconf 91' lang='lat' dir='ltr'>ut</span> <span class='ocrx_word' id='word_1_203' title='bbox 1434 1940 1576 1969; x_wconf 88' lang='lat' dir='ltr'>verum</span> <span class='ocrx_word' id='word_1_204' title='bbox 1607 1927 1772 1980; x_wconf 90' lang='lat' dir='ltr'>dicam,</span> 
     </span>
     <span class='ocr_line' id='line_1_27' title="bbox 328 1992 1774 2048; baseline 0.003 -16"><span class='ocrx_word' id='word_1_205' title='bbox 328 1992 383 2033; x_wconf 88' lang='lat' dir='ltr'>ad</span> <span class='ocrx_word' id='word_1_206' title='bbox 421 2005 625 2034; x_wconf 89' lang='lat' dir='ltr'>summam</span> <span class='ocrx_word' id='word_1_207' title='bbox 662 1993 719 2034; x_wconf 92' lang='lat' dir='ltr'>rei</span> <span class='ocrx_word' id='word_1_208' title='bbox 757 2006 841 2034; x_wconf 93' lang='lat' dir='ltr'>non</span> <span class='ocrx_word' id='word_1_209' title='bbox 871 1994 1055 2047; x_wconf 86' lang='lat' dir='ltr'>profuit,</span> <span class='ocrx_word' id='word_1_210' title='bbox 1087 1994 1284 2047; x_wconf 86' lang='lat' dir='ltr'>quoniam</span> <span class='ocrx_word' id='word_1_211' title='bbox 1314 1994 1374 2035; x_wconf 90' lang='lat' dir='ltr'>illi</span> <span class='ocrx_word' id='word_1_212' title='bbox 1405 1994 1556 2048; x_wconf 86' lang='lat' dir='ltr'>partim</span> <span class='ocrx_word' id='word_1_213' title='bbox 1585 2007 1637 2036; x_wconf 90' lang='lat' dir='ltr'>ea</span> <span class='ocrx_word' id='word_1_214' title='bbox 1665 2007 1774 2048; x_wconf 91' lang='lat' dir='ltr'>quae</span> 
     </span>
     <span class='ocr_line' id='line_1_28' title="bbox 329 2059 1774 2115; baseline 0.002 -15"><span class='ocrx_word' id='word_1_215' title='bbox 329 2059 429 2100; x_wconf 88' lang='lat' dir='ltr'>mihi</span> <span class='ocrx_word' id='word_1_216' title='bbox 450 2059 671 2100; x_wconf 89' lang='lat' dir='ltr'>notissima</span> <span class='ocrx_word' id='word_1_217' title='bbox 692 2063 811 2101; x_wconf 88' lang='lat' dir='ltr'>erant</span> <span class='ocrx_word' id='word_1_218' title='bbox 831 2061 1084 2114; x_wconf 90' lang='lat' dir='ltr'>attulerunt,</span> <span class='ocrx_word' id='word_1_219' title='bbox 1107 2061 1219 2114; x_wconf 88' lang='lat' dir='ltr'>alia,</span> <span class='ocrx_word' id='word_1_220' title='bbox 1243 2065 1288 2102; x_wconf 87' lang='lat' dir='ltr'>ut</span> <span class='ocrx_word' id='word_1_221' title='bbox 1318 2060 1611 2103; x_wconf 86' lang='lat' dir='ltr'>adulescentes</span> <span class='ocrx_word' id='word_1_222' title='bbox 1639 2074 1774 2115; x_wconf 89' lang='lat' dir='ltr'>neque</span> 
     </span>
     <span class='ocr_line' id='line_1_29' title="bbox 331 2125 1773 2181; baseline 0.001 -14"><span class='ocrx_word' id='word_1_223' title='bbox 331 2126 434 2167; x_wconf 88' lang='lat' dir='ltr'>satis</span> <span class='ocrx_word' id='word_1_224' title='bbox 465 2126 508 2166; x_wconf 92' lang='lat' dir='ltr'>in</span> <span class='ocrx_word' id='word_1_225' title='bbox 539 2125 719 2167; x_wconf 87' lang='lat' dir='ltr'>Lucretii</span> <span class='ocrx_word' id='word_1_226' title='bbox 750 2126 921 2179; x_wconf 88' lang='lat' dir='ltr'>ingenio</span> <span class='ocrx_word' id='word_1_227' title='bbox 953 2127 1244 2179; x_wconf 86' lang='lat' dir='ltr'>cognoscendo</span> <span class='ocrx_word' id='word_1_228' title='bbox 1275 2128 1460 2180; x_wconf 88' lang='lat' dir='ltr'>versati,</span> <span class='ocrx_word' id='word_1_229' title='bbox 1492 2131 1563 2168; x_wconf 87' lang='lat' dir='ltr'>aut</span> <span class='ocrx_word' id='word_1_230' title='bbox 1591 2131 1773 2181; x_wconf 89' lang='lat' dir='ltr'>praeter-</span> 
     </span>
     <span class='ocr_line' id='line_1_30' title="bbox 327 2192 1775 2246; baseline 0.001 -13"><span class='ocrx_word' id='word_1_231' title='bbox 327 2193 531 2234; x_wconf 91' lang='lat' dir='ltr'>miserunt</span> <span class='ocrx_word' id='word_1_232' title='bbox 570 2196 641 2233; x_wconf 88' lang='lat' dir='ltr'>aut</span> <span class='ocrx_word' id='word_1_233' title='bbox 678 2192 796 2234; x_wconf 88' lang='lat' dir='ltr'>falsis</span> <span class='ocrx_word' id='word_1_234' title='bbox 835 2193 1033 2235; x_wconf 86' lang='lat' dir='ltr'>admixtis</span> <span class='ocrx_word' id='word_1_235' title='bbox 1072 2194 1437 2236; x_wconf 89' lang='lat' dir='ltr'>contaminarunt.</span> <span class='ocrx_word' id='word_1_236' title='bbox 1460 2194 1536 2235; x_wconf 92' lang='lat' dir='ltr'>hos</span> <span class='ocrx_word' id='word_1_237' title='bbox 1566 2194 1692 2246; x_wconf 86' lang='lat' dir='ltr'>igitur</span> <span class='ocrx_word' id='word_1_238' title='bbox 1721 2193 1775 2234; x_wconf 92' lang='lat' dir='ltr'>de</span> 
     </span>
     <span class='ocr_line' id='line_1_31' title="bbox 327 2258 1775 2312; baseline 0.001 -12"><span class='ocrx_word' id='word_1_239' title='bbox 327 2259 578 2312; x_wconf 87' lang='lat' dir='ltr'>quibusnam</span> <span class='ocrx_word' id='word_1_240' title='bbox 614 2258 738 2300; x_wconf 88' lang='lat' dir='ltr'>rebus</span> <span class='ocrx_word' id='word_1_241' title='bbox 769 2264 880 2302; x_wconf 91' lang='lat' dir='ltr'>recte</span> <span class='ocrx_word' id='word_1_242' title='bbox 909 2261 1094 2303; x_wconf 90' lang='lat' dir='ltr'>sensisse</span> <span class='ocrx_word' id='word_1_243' title='bbox 1123 2260 1302 2302; x_wconf 91' lang='lat' dir='ltr'>iudicem</span> <span class='ocrx_word' id='word_1_244' title='bbox 1335 2275 1387 2303; x_wconf 87' lang='lat' dir='ltr'>ex</span> <span class='ocrx_word' id='word_1_245' title='bbox 1417 2273 1620 2302; x_wconf 86' lang='lat' dir='ltr'>consensu</span> <span class='ocrx_word' id='word_1_246' title='bbox 1650 2260 1775 2302; x_wconf 90' lang='lat' dir='ltr'>facile</span> 
     </span>
     <span class='ocr_line' id='line_1_32' title="bbox 326 2326 1773 2382; baseline 0.001 -16"><span class='ocrx_word' id='word_1_247' title='bbox 326 2326 617 2378; x_wconf 85' lang='lat' dir='ltr'>intellegetur:</span> <span class='ocrx_word' id='word_1_248' title='bbox 641 2327 780 2368; x_wconf 89' lang='lat' dir='ltr'>omnia</span> <span class='ocrx_word' id='word_1_249' title='bbox 810 2328 1050 2380; x_wconf 89' lang='lat' dir='ltr'>singillatim</span> <span class='ocrx_word' id='word_1_250' title='bbox 1081 2341 1324 2382; x_wconf 88' lang='lat' dir='ltr'>recensere,</span> <span class='ocrx_word' id='word_1_251' title='bbox 1355 2341 1408 2370; x_wconf 91' lang='lat' dir='ltr'>ne</span> <span class='ocrx_word' id='word_1_252' title='bbox 1438 2328 1659 2370; x_wconf 91' lang='lat' dir='ltr'>lectoribus</span> <span class='ocrx_word' id='word_1_253' title='bbox 1689 2340 1773 2368; x_wconf 91' lang='lat' dir='ltr'>mo-</span> 
     </span>
     <span class='ocr_line' id='line_1_33' title="bbox 326 2394 1670 2447; baseline 0 -13"><span class='ocrx_word' id='word_1_254' title='bbox 326 2394 449 2435; x_wconf 88' lang='lat' dir='ltr'>lestia</span> <span class='ocrx_word' id='word_1_255' title='bbox 478 2398 674 2447; x_wconf 90' lang='lat' dir='ltr'>paretur,</span> <span class='ocrx_word' id='word_1_256' title='bbox 706 2394 830 2434; x_wconf 94' lang='lat' dir='ltr'>nolo.</span> <span class='ocrx_word' id='word_1_257' title='bbox 1668 2433 1670 2435; x_wconf 73' lang='grc'><strong>,</strong></span> 
     </span>
    </p>

    <p class='ocr_par' dir='ltr' id='par_1_3' title="bbox 325 2461 1777 2983">
     <span class='ocr_line' id='line_1_34' title="bbox 413 2461 1771 2516; baseline 0 -14"><span class='ocrx_word' id='word_1_258' title='bbox 413 2462 478 2502; x_wconf 91' lang='lat' dir='ltr'>De</span> <span class='ocrx_word' id='word_1_259' title='bbox 508 2461 591 2502; x_wconf 91' lang='lat' dir='ltr'>illis</span> <span class='ocrx_word' id='word_1_260' title='bbox 623 2464 759 2501; x_wconf 83' lang='lat' dir='ltr'>autem</span> <span class='ocrx_word' id='word_1_261' title='bbox 791 2461 923 2503; x_wconf 89' lang='lat' dir='ltr'>tribus</span> <span class='ocrx_word' id='word_1_262' title='bbox 955 2462 1240 2516; x_wconf 87' lang='lat' dir='ltr'>apographis,</span> <span class='ocrx_word' id='word_1_263' title='bbox 1269 2462 1417 2516; x_wconf 88' lang='lat' dir='ltr'>quibus</span> <span class='ocrx_word' id='word_1_264' title='bbox 1438 2461 1536 2503; x_wconf 91' lang='lat' dir='ltr'>inde</span> <span class='ocrx_word' id='word_1_265' title='bbox 1557 2473 1583 2502; x_wconf 89' lang='lat' dir='ltr'>a</span> <span class='ocrx_word' id='word_1_266' title='bbox 1602 2461 1771 2503; x_wconf 87' lang='lat' dir='ltr'>saeculo</span> 
     </span>
     <span class='ocr_line' id='line_1_35' title="bbox 325 2527 1772 2571; baseline 0 -3"><span class='ocrx_word' id='word_1_267' title='bbox 325 2541 435 2569; x_wconf 93' lang='lat' dir='ltr'>nono</span> <span class='ocrx_word' id='word_1_268' title='bbox 475 2527 718 2569; x_wconf 85' lang='lat' dir='ltr'>memoriam</span> <span class='ocrx_word' id='word_1_269' title='bbox 756 2528 995 2570; x_wconf 90' lang='lat' dir='ltr'>Lucretiani</span> <span class='ocrx_word' id='word_1_270' title='bbox 1037 2529 1233 2571; x_wconf 88' lang='lat' dir='ltr'>carminis</span> <span class='ocrx_word' id='word_1_271' title='bbox 1273 2529 1327 2570; x_wconf 90' lang='lat' dir='ltr'>ad</span> <span class='ocrx_word' id='word_1_272' title='bbox 1368 2531 1553 2570; x_wconf 91' lang='lat' dir='ltr'>nostram</span> <span class='ocrx_word' id='word_1_273' title='bbox 1593 2531 1772 2570; x_wconf 89' lang='lat' dir='ltr'>aetatem</span> 
     </span>
     <span class='ocr_line' id='line_1_36' title="bbox 326 2595 1772 2649; baseline 0.001 -13"><span class='ocrx_word' id='word_1_274' title='bbox 326 2598 604 2648; x_wconf 86' lang='lat' dir='ltr'>propagatam</span> <span class='ocrx_word' id='word_1_275' title='bbox 635 2607 728 2636; x_wconf 89' lang='lat' dir='ltr'>esse</span> <span class='ocrx_word' id='word_1_276' title='bbox 761 2595 875 2649; x_wconf 89' lang='lat' dir='ltr'>dixi,</span> <span class='ocrx_word' id='word_1_277' title='bbox 908 2599 1004 2637; x_wconf 87' lang='lat' dir='ltr'>ante</span> <span class='ocrx_word' id='word_1_278' title='bbox 1035 2596 1177 2637; x_wconf 89' lang='lat' dir='ltr'>omnia</span> <span class='ocrx_word' id='word_1_279' title='bbox 1205 2595 1422 2638; x_wconf 90' lang='lat' dir='ltr'>sciendum</span> <span class='ocrx_word' id='word_1_280' title='bbox 1453 2599 1515 2637; x_wconf 88' lang='lat' dir='ltr'>est</span> <span class='ocrx_word' id='word_1_281' title='bbox 1544 2608 1671 2636; x_wconf 91' lang='lat' dir='ltr'>unum</span> <span class='ocrx_word' id='word_1_282' title='bbox 1702 2595 1772 2637; x_wconf 91' lang='lat' dir='ltr'>ho-</span> 
     </span>
     <span class='ocr_line' id='line_1_37' title="bbox 325 2662 1774 2717; baseline 0.001 -16"><span class='ocrx_word' id='word_1_283' title='bbox 325 2674 414 2701; x_wconf 90' lang='lat' dir='ltr'>rum</span> <span class='ocrx_word' id='word_1_284' title='bbox 447 2674 494 2702; x_wconf 91' lang='lat' dir='ltr'>eo</span> <span class='ocrx_word' id='word_1_285' title='bbox 526 2662 618 2715; x_wconf 88' lang='lat' dir='ltr'>ipso</span> <span class='ocrx_word' id='word_1_286' title='bbox 648 2662 816 2703; x_wconf 90' lang='lat' dir='ltr'>saeculo</span> <span class='ocrx_word' id='word_1_287' title='bbox 849 2675 899 2703; x_wconf 85' lang='lat' dir='ltr'>ex</span> <span class='ocrx_word' id='word_1_288' title='bbox 930 2662 1156 2717; x_wconf 85' lang='lat' dir='ltr'>archetypo</span> <span class='ocrx_word' id='word_1_289' title='bbox 1185 2662 1337 2704; x_wconf 89' lang='lat' dir='ltr'>factum</span> <span class='ocrx_word' id='word_1_290' title='bbox 1369 2675 1588 2716; x_wconf 86' lang='lat' dir='ltr'>superesse</span> <span class='ocrx_word' id='word_1_291' title='bbox 1612 2694 1620 2702; x_wconf 91' lang='lat'><strong>.</strong></span> <span class='ocrx_word' id='word_1_292' title='bbox 1642 2662 1679 2703; x_wconf 90' lang='lat' dir='ltr'>is</span> <span class='ocrx_word' id='word_1_293' title='bbox 1710 2665 1774 2703; x_wconf 89' lang='lat' dir='ltr'>est</span> 
     </span>
     <span class='ocr_line' id='line_1_38' title="bbox 326 2727 1772 2782; baseline -0.001 -14"><span class='ocrx_word' id='word_1_294' title='bbox 326 2727 512 2769; x_wconf 87' lang='lat' dir='ltr'>codicum</span> <span class='ocrx_word' id='word_1_295' title='bbox 543 2729 815 2771; x_wconf 91' lang='lat' dir='ltr'>Leidensium</span> <span class='ocrx_word' id='word_1_296' title='bbox 851 2729 981 2782; x_wconf 89' lang='lat' dir='ltr'>alter,</span> <span class='ocrx_word' id='word_1_297' title='bbox 1021 2743 1195 2771; x_wconf 90' lang='lat' dir='ltr'>numero</span> <span class='ocrx_word' id='word_1_298' title='bbox 1232 2730 1495 2782; x_wconf 87' lang='lat' dir='ltr'>trigesimus,</span> <span class='ocrx_word' id='word_1_299' title='bbox 1537 2742 1660 2782; x_wconf 92' lang='lat' dir='ltr'>quem</span> <span class='ocrx_word' id='word_1_300' title='bbox 1690 2742 1772 2769; x_wconf 85' lang='lat' dir='ltr'>OB-</span> 
     </span>
     <span class='ocr_line' id='line_1_39' title="bbox 326 2794 1777 2851; baseline 0.001 -18"><span class='ocrx_word' id='word_1_301' title='bbox 326 2808 524 2835; x_wconf 82' lang='lat' dir='ltr'>LONGUM</span> <span class='ocrx_word' id='word_1_302' title='bbox 549 2794 642 2837; x_wconf 89' lang='lat' dir='ltr'>dico</span> <span class='ocrx_word' id='word_1_303' title='bbox 662 2828 671 2849; x_wconf 89' lang='lat'>,</span> <span class='ocrx_word' id='word_1_304' title='bbox 704 2797 804 2849; x_wconf 90' lang='lat' dir='ltr'>quia</span> <span class='ocrx_word' id='word_1_305' title='bbox 830 2808 882 2838; x_wconf 90' lang='lat' dir='ltr'>ea</span> <span class='ocrx_word' id='word_1_306' title='bbox 903 2795 1037 2837; x_wconf 87' lang='lat' dir='ltr'>forma</span> <span class='ocrx_word' id='word_1_307' title='bbox 1057 2800 1119 2838; x_wconf 91' lang='lat' dir='ltr'>est</span> <span class='ocrx_word' id='word_1_308' title='bbox 1139 2809 1265 2850; x_wconf 90' lang='lat' dir='ltr'>quam</span> <span class='ocrx_word' id='word_1_309' title='bbox 1287 2796 1414 2851; x_wconf 70' lang='lat' dir='ltr'>vulgo</span> <span class='ocrx_word' id='word_1_310' title='bbox 1435 2796 1601 2851; x_wconf 75' lang='lat' dir='ltr'>infolio</span> <span class='ocrx_word' id='word_1_311' title='bbox 1621 2795 1777 2837; x_wconf 76' lang='lat' dir='ltr'>minori</span> 
     </span>
     <span class='ocr_line' id='line_1_40' title="bbox 326 2860 1770 2918; baseline 0.001 -17"><span class='ocrx_word' id='word_1_312' title='bbox 326 2860 467 2902; x_wconf 89' lang='lat' dir='ltr'>dicunt</span> <span class='ocrx_word' id='word_1_313' title='bbox 489 2893 497 2902; x_wconf 95' lang='lat'><strong><em>.</em></strong></span> <span class='ocrx_word' id='word_1_314' title='bbox 521 2862 587 2902; x_wconf 93' lang='lat' dir='ltr'>hic</span> <span class='ocrx_word' id='word_1_315' title='bbox 617 2863 727 2904; x_wconf 92' lang='lat' dir='ltr'>unde</span> <span class='ocrx_word' id='word_1_316' title='bbox 758 2862 813 2904; x_wconf 91' lang='lat' dir='ltr'>ad</span> <span class='ocrx_word' id='word_1_317' title='bbox 843 2864 1034 2904; x_wconf 89' lang='lat' dir='ltr'>Isaacum</span> <span class='ocrx_word' id='word_1_318' title='bbox 1064 2863 1258 2905; x_wconf 89' lang='lat' dir='ltr'>Vossium</span> <span class='ocrx_word' id='word_1_319' title='bbox 1287 2863 1526 2918; x_wconf 89' lang='lat' dir='ltr'>pervenerit</span> <span class='ocrx_word' id='word_1_320' title='bbox 1554 2863 1670 2915; x_wconf 88' lang='lat' dir='ltr'>(nam</span> <span class='ocrx_word' id='word_1_321' title='bbox 1699 2873 1770 2915; x_wconf 90' lang='lat' dir='ltr'>pa-</span> 
     </span>
     <span class='ocr_line' id='line_1_41' title="bbox 325 2929 1769 2983; baseline 0 -16"><span class='ocrx_word' id='word_1_322' title='bbox 325 2932 386 2967; x_wconf 89' lang='lat' dir='ltr'>ter</span> <span class='ocrx_word' id='word_1_323' title='bbox 417 2929 507 2968; x_wconf 89' lang='lat' dir='ltr'>eius</span> <span class='ocrx_word' id='word_1_324' title='bbox 540 2929 647 2970; x_wconf 90' lang='lat' dir='ltr'>hunc</span> <span class='ocrx_word' id='word_1_325' title='bbox 677 2942 759 2969; x_wconf 89' lang='lat' dir='ltr'>non</span> <span class='ocrx_word' id='word_1_326' title='bbox 785 2929 960 2983; x_wconf 73' lang='lat' dir='ltr'>habuit,</span> <span class='ocrx_word' id='word_1_327' title='bbox 992 2929 1066 2970; x_wconf 86' lang='lat' dir='ltr'>sed</span> <span class='ocrx_word' id='word_1_328' title='bbox 1088 2930 1282 2983; x_wconf 89' lang='lat' dir='ltr'>alterum)</span> <span class='ocrx_word' id='word_1_329' title='bbox 1303 2930 1441 2971; x_wconf 90' lang='lat' dir='ltr'>dicere</span> <span class='ocrx_word' id='word_1_330' title='bbox 1465 2942 1549 2970; x_wconf 91' lang='lat' dir='ltr'>non</span> <span class='ocrx_word' id='word_1_331' title='bbox 1571 2940 1769 2982; x_wconf 83' lang='lat' dir='ltr'>possum,</span> 
     </span>
    </p>
   </div>
  </div>
 </body>
</html>
