2040 3328
414 262 492 304 146
528 239 531 242 ⁴
1102 265 1166 307 ΠΙ

407 381 506 436 aer.
529 376 720 431 exceptio
761 379 823 418 est
857 376 899 417 in
929 376 1173 430 pronomine
1204 376 1385 432 duplici,
1418 382 1458 420 et
1485 391 1561 434 per
1589 384 1780 423 neutrum
1810 381 1854 424 in

408 441 572 484 duobus
587 442 826 485 nominibus
843 475 852 484 .
873 457 928 498 vl,
951 443 1032 485 298
1048 444 1193 498 ‘lyaeus
1209 442 1282 484 ille
1306 444 1452 487 Verteoe
1466 462 1583 501 quem
1593 449 1734 503 patrio
1749 449 1853 490 voci-

405 516 539 551 tamus
567 511 729 552 nomine
753 510 915 563 fulmen
936 541 945 550 .
967 523 1022 564 IV,
1045 510 1127 552 369
1147 510 1191 551 id
1213 510 1324 566 quod
1341 526 1414 552 nos
1434 513 1618 555 umbram
1637 515 1853 569 perhibere

406 582 568 617 suemus
586 608 594 616 .
616 590 672 629 VI,
695 576 776 618 702
805 592 878 618 nos
905 576 1018 630 quod
1035 577 1192 631 fauces
1217 571 1475 632 perhibemus
1506 587 1541 620 et
1570 595 1644 621 ora
1660 611 1669 621 .
1689 595 1749 635 111,
1774 581 1852 623 139

405 640 631 683 Consilium
645 675 656 696 ,
679 642 792 696 quod
813 659 886 685 nos
907 645 1090 685 animum
1110 652 1357 699 mentemque
1377 660 1567 687 vocamus
1583 677 1592 687 .
1613 660 1640 701 1,
1661 646 1714 689 58
1736 647 1853 698 Quae

402 723 476 749 nos
504 711 714 751 materiem
745 719 780 752 et
805 710 1008 765 yem'calz‘a
1038 725 1212 766 corpora
1240 712 1359 752 rebus
1509 712 1735 767 Appellare
1763 721 1851 756 sue·-

402 790 493 815 mus
507 805 516 815 .
538 774 612 817 sed
634 789 745 829 quae
762 777 977 819 Charisius
998 775 1169 830 subicit,
1201 778 1284 819 Ubi
1305 779 1442 821 Velius
1462 779 1632 835 Lonyus
1651 778 1851 835 ‘primum'

401 842 538 896 inquit
571 841 877 885 ‘adverbialiter
912 843 1163 885 audiendum
1193 846 1280 897 est',
1311 857 1363 886 ea
1397 844 1512 901 (nam
1548 858 1660 887 vana
1693 846 1853 901 profert

402 907 716 952 Lindemannus
737 924 777 965 p.
801 910 855 952 52
886 923 923 951 n.
951 910 1016 963 18)
1039 923 1090 951 ex
1111 909 1247 963 Longi
1268 910 1310 951 in
1331 911 1524 954 Aeneida
1545 913 1851 954 commentariis

401 976 533 1028 petita
554 981 674 1019 sunt.
698 977 843 1019 horum
865 977 973 1019 libro
1005 977 1189 1018 secundo
1213 977 1428 1020 Charisius
1459 992 1499 1033 p.
1524 979 1602 1020 153
1632 992 1730 1021 usus
1761 983 1851 1021 est:

404 1041 457 1084 de
486 1055 612 1085 versu
633 1044 881 1086 Lucretiano
904 1044 1048 1085 Velius
1070 1047 1369 1086 commentatus
1400 1057 1494 1087 esse
1523 1042 1742 1100 potuit'ad
1763 1046 1851 1088 eius

401 1109 498 1150 libri
534 1123 701 1152 versum
739 1112 808 1166 79,
846 1111 916 1153 ubi
955 1114 1018 1152 est
1047 1111 1138 1152 Hoc
1166 1112 1374 1165 primum.
1397 1111 1576 1154 eundem
1615 1112 1772 1154 Veliam
1807 1114 1853 1154 in

401 1177 542 1231 quinto
571 1181 718 1219 testem
749 1178 850 1220 facit
872 1177 1085 1220 Charisius
1116 1191 1156 1232 p.
1180 1178 1232 1219 88
1253 1193 1262 1219 ε
1283 1178 1358 1220 sed
1389 1179 1476 1221 eius
1506 1179 1637 1221 verba
1665 1179 1726 1220 ita
1754 1179 1852 1221 scri-

401 1243 541 1285 benda
583 1249 679 1287 sunt
722 1250 767 1287 ut
813 1247 1010 1299 leguntur
1044 1245 1087 1286 in
1131 1245 1417 1298 grammaticis
1455 1245 1851 1288 Vindobonensibus

400 1324 440 1364 p.
475 1311 555 1354 110
576 1343 585 1352 .
613 1324 665 1353 ex
702 1311 811 1353 Velii
849 1312 892 1353 in
930 1313 1096 1354 tertium
1133 1312 1346 1354 Aeneidos
1385 1313 1682 1355 commentario
1717 1312 1852 1367 petita

402 1381 500 1419 sunt
534 1391 643 1431 quae
673 1377 800 1420 habet
829 1378 1066 1421 Macrobius
1097 1379 1183 1421 Sat.
1206 1393 1263 1434 111,
1286 1380 1311 1421 6
1331 1412 1340 1421 .

511 1445 579 1488 95.
624 1459 941 1491 REGIMENQUE
991 1459 1225 1487 VOCATUM
1275 1460 1360 1487 EST
1392 1479 1401 1488 .
1452 1446 1654 1489 Marullus
1704 1459 1850 1487 LOCA·

399 1525 494 1553 TUM
525 1521 582 1555 est
598 1544 607 1554 .

514 1580 579 1622 98.
611 1580 805 1623 SENSUM
833 1594 999 1622 Arum.
1023 1580 1132 1623 Ante
1162 1580 1266 1623 haec
1295 1574 1463 1623 versum
1493 1593 1619 1623 unum
1649 1580 1718 1623 vel
1747 1593 1850 1636 pau-

398 1659 469 1688 cos
493 1646 700 1689 excidisse
730 1646 1000 1689 manifestum
1031 1652 1120 1690 est:
1143 1647 1218 1690 sed
1249 1661 1371 1702 quem
1392 1660 1559 1690 versum
1579 1647 1736 1690 habent
1754 1647 1850 1690 libri

397 1714 593 1769 impressi
614 1718 784 1769 praeter
804 1714 1128 1769 vetustissimos,
1152 1715 1336 1766 Quemvis
1357 1715 1486 1756 multa
1502 1714 1667 1770 quidem
1687 1715 1849 1771 sapien-

399 1790 483 1823 tum
513 1782 632 1823 turba
658 1790 887 1837 putarunt,
919 1794 1013 1822 eum
1044 1794 1116 1822 cur
1145 1795 1267 1824 nemo
1285 1794 1311 1822 a
1332 1781 1564 1824 Michahele
1583 1781 1762 1823 Marullo
1783 1780 1851 1823 fic-

398 1853 484 1891 tum
516 1861 609 1890 esse
639 1847 919 1900 intellexerit,
956 1848 1027 1901 qui
1056 1861 1143 1890 rem
1174 1848 1534 1890 consideraverint
1562 1847 1848 1890 mirabuntur:

397 1929 477 1970 ego
499 1915 543 1957 in
564 1914 794 1957 editoribus
817 1914 1002 1956 Lucretii
1022 1915 1126 1956 nihil
1147 1915 1385 1956 mirandum
1408 1914 1514 1956 duco
1533 1947 1542 1956 .
1562 1914 1720 1969 primus
1742 1913 1850 1956 hunc

396 1995 565 2025 versum
595 1981 729 2024 edidit
758 1981 1039 2036 Hieronymus
1068 1982 1274 2024 Avantius
1305 1982 1560 2024 Veronensis
1591 1981 1634 2022 in
1665 1981 1850 2024 editione

396 2049 577 2103 Aldina,
610 2061 720 2103 quae
749 2047 905 2103 prodiit
933 2061 1077 2091 mense
1097 2049 1322 2091 Decembri
1352 2049 1453 2090 anni
1482 2062 1569 2090 MD:
1597 2048 1776 2090 eundem
1805 2048 1850 2089 in

397 2116 590 2171 Iuntina,
622 2127 732 2169 quae
753 2128 864 2157 anno
884 2129 1005 2155 Μυκη
1026 2115 1230 2170 impressa
1252 2120 1341 2170 est,
1372 2116 1519 2158 Petrus
1541 2114 1757 2157 Candidus
1778 2127 1848 2156 ex—

395 2183 554 2238 hibuit,
577 2182 750 2224 Marulli
780 2195 826 2224 se
855 2183 898 2223 in
927 2182 1006 2224 hoc
1037 2195 1164 2237 opere
1187 2194 1414 2225 ‘censuram
1444 2183 1704 2237 potissimum
1734 2193 1850 2224 secu-

395 2254 482 2292 tum
511 2249 727 2305 professus
751 2280 761 2290 .
793 2261 919 2304 ergo,
951 2250 1150 2303 quoniam
1181 2249 1264 2291 duo
1301 2262 1384 2291 non
1415 2252 1641 2304 potuerunt
1670 2247 1850 2306 eundem

396 2329 568 2359 versum
588 2315 727 2358 facere
745 2349 754 2371 ,
787 2320 860 2358 aut
880 2316 1048 2357 Marulli
1070 2321 1133 2358 est
1162 2320 1234 2358 aut
1255 2316 1427 2359 Avantii
1445 2346 1454 2357 .
1476 2316 1620 2370 atquin
1641 2315 1849 2359 Avantius

395 2387 546 2428 nonsut
566 2383 710 2426 debuit
726 2392 929 2439 putarunt
949 2383 1136 2437 scripsit,
1158 2383 1234 2425 sed
1250 2391 1416 2438 putaret
1423 2398 1437 2436 ,-
1456 2382 1653 2435 idemque
1674 2382 1718 2424 in
1739 2381 1848 2424 libro

395 2465 440 2492 1v
469 2463 638 2494 versum
667 2453 764 2505 post
797 2450 875 2492 102
905 2449 1095 2492 additum
1124 2451 1185 2492 ita
1214 2453 1453 2504 corruptum
1476 2448 1617 2504 dedit,
1649 2464 1848 2504 corpora,

393 2535 460 2562 res
479 2519 630 2561 multas
651 2533 757 2573 quae
776 2518 940 2559 mittunt
968 2532 1136 2574 corpore
1166 2526 1331 2573 aperto,
1363 2529 1456 2557 cum
1478 2515 1591 2570 apud
1612 2513 1849 2557 Candidum

394 2590 508 2629 recte
528 2585 696 2640 legatur
715 2600 781 2626 res
801 2584 953 2626 multae
968 2599 981 2625 .·
1013 2587 1053 2625 et
1072 2584 1116 2626 in
1137 2583 1286 2626 eodem
1315 2583 1421 2625 libro
1452 2586 1549 2638 post
1578 2595 1745 2625 versum
1765 2581 1849 2624 532

397 2652 606 2695 Avantius
626 2651 719 2694 sine
739 2650 824 2693 ullo
846 2663 974 2693 sensu
995 2667 1127 2693 rauca
1147 2652 1235 2692 sucis
1250 2683 1261 2704 ‚
1293 2659 1329 2692 et
1349 2651 1426 2693 iter
1446 2649 1585 2692 reddit
1605 2665 1689 2705 qua
1717 2664 1798 2691 vom
1817 2649 1849 2690 it

392 2722 438 2763 in
459 2737 590 2762 auras
603 2753 615 2774 ,
639 2717 854 2762 Candidus
878 2722 1017 2760 autem
1038 2717 1260 2760 emendate
1281 2717 1428 2759 Rauca
1447 2717 1528 2758 viis
1549 2725 1586 2758 et
1604 2718 1682 2758 iter
1698 2716 1847 2759 laedit.

394 2787 488 2840 quis
518 2786 644 2840 igitur
674 2785 866 2828 dubitare
895 2788 1032 2841 potest
1061 2785 1164 2839 quin
1195 2785 1427 2838 Avantius,
1460 2784 1531 2837 qui
1561 2795 1606 2825 se
1628 2783 1847 2837 corruptis-

393 2853 542 2895 simum
578 2853 760 2896 Lucretii
805 2856 958 2908 poe‘ma
1001 2852 1091 2895 sine
1127 2852 1297 2906 antiquo
1334 2851 1564 2905 exemplari
1600 2848 1847 2892 emendasse

392 2919 565 2974 scribit,
597 2924 638 2962 et
675 2920 750 2962 hos
782 2925 823 2962 et
852 2923 1012 2962 ceteros
1043 2931 1176 2962 novos
1207 2931 1353 2962 versus
1383 2918 1564 2972 itemque
1594 2915 1850 2958 emendatio·
1879 2923 1882 2925 ’

392 3000 467 3029 nes
505 2987 748 3029 innumeras
777 2987 956 3029 Marullo
994 2986 1172 3037 debeat,
1214 2986 1290 3029 sed
1326 2985 1505 3027 noluerit
1533 2983 1711 3025 Marullo
1748 2983 1846 3026 vivo
