2040 3328
425 205 506 248 256
725 260 728 262 ,
1122 209 1180 251 1v

424 318 603 360 transire
634 318 787 360 debeat
815 350 823 359 .
855 317 1010 360 deinde
1045 318 1089 359 in
1128 319 1192 360 his
1231 332 1282 361 cx
1318 324 1435 374 parte
1466 321 1612 363 eadem
1642 315 1871 365 tractantur

425 397 535 438 quae
555 385 598 426 in
620 385 828 439 prioribus
851 417 859 425 .
883 385 976 438 quis
998 385 1108 426 enim
1139 384 1247 427 ferat
1267 385 1326 427 ita
1345 386 1411 429 bis
1432 387 1485 430 de
1505 389 1737 431 simulacris
1759 389 1867 444 dici,

425 451 633 504 quomodo
662 451 850 492 membra
884 455 1080 494 moveant
1109 455 1150 493 et
1185 451 1339 494 iactent
1373 452 1568 496 bracchia
1593 487 1602 508 ,
1632 460 1678 497 ut
1714 455 1868 499 factum

424 522 487 559 cst
516 531 641 560 versu
673 517 753 559 768
784 520 824 558 et
855 517 934 559 788
950 517 971 558 Ῥ
993 521 1033 559 et
1053 530 1143 559 oum
1165 531 1289 560 versu
1311 518 1390 561 775
1420 520 1464 561 in
1483 534 1566 563 uno
1587 535 1751 576 quoque
1770 526 1870 565 tem-

422 597 524 638 pore
554 584 742 626 sensibili
773 595 930 637 magna
957 584 1255 638 particularum
1287 586 1411 640 copia
1440 586 1591 629 adesse
1621 588 1798 643 dicitur,
1825 588 1869 630 id

422 650 463 690 ni
494 650 642 691 mirum
672 650 783 693 idem
814 654 878 692 est
907 651 1020 704 quod
1051 663 1176 694 versu
1197 651 1278 694 794
1307 652 1555 707 exponitur,
1583 653 1627 695 in
1656 667 1739 696 uno
1770 668 1869 710 quo-

423 730 503 770 que
524 721 711 771 tempore
729 749 737 770 ,
758 717 800 758 in
822 730 902 771 quo
926 730 971 760 re
991 730 1094 760 vera
1123 718 1254 760 multa
1282 722 1471 773 tempora
1499 720 1682 775 lateant,
1704 721 1747 763 in
1775 722 1868 764 loco

421 796 587 837 quoque
615 783 842 825 simulacra
872 797 1063 839 quaeque
1093 789 1259 840 praesto
1291 798 1410 829 esse.

534 850 628 892 795.
656 850 995 892 Cossmrums
1013 885 1022 902 ,
1039 866 1087 892 11)
1109 866 1217 906 EST,
1236 866 1445 894 CUM-vox
1465 866 1730 895 ΕΜῙΤΤῙΤῸΒ
1749 858 1866 896 UNA.

421 917 541 958 Hunc
570 929 735 959 versum
766 930 1031 973 corrumpere
1051 931 1103 961 ea
1131 918 1283 972 quibus
1313 919 1502 973 ingestus
1529 923 1622 975 est,
1644 920 1869 963 Lambinus

420 987 531 1025 recte
546 983 651 1025 vidit
672 1015 680 1024 .
703 996 754 1026 ea
775 988 871 1026 sunt
890 983 1021 1039 haec,
1045 987 1144 1041 quia
1165 994 1339 1040 tempore
1359 987 1403 1027 z'n
1423 1002 1502 1028 uno
1522 987 1722 1042 Tempora
1740 983 1870 1030 multa

421 1051 544 1092 latent
563 1081 574 1103 ‚
595 1051 701 1092 ratio
722 1066 827 1106 quae
847 1052 1040 1107 comperit
1067 1067 1151 1094 esse
1170 1084 1181 1104 ,
1202 1052 1246 1093 in
1272 1051 1422 1106 quibus
1451 1052 1660 1095 sententia
1685 1053 1872 1108 perfecta

420 1121 461 1158 et
490 1116 685 1158 absoluta
714 1117 976 1160 concluditur
997 1150 1006 1160 .
1029 1117 1311 1172 quaerendum
1337 1122 1399 1160 est
1428 1131 1560 1173 crgo,
1593 1119 1733 1174 siquid
1764 1119 1870 1162 forte

418 1184 461 1224 in
501 1183 654 1225 vicinia
689 1184 868 1237 positum
905 1186 958 1226 sit
985 1217 994 1239 ,
1025 1183 1136 1239 quod
1174 1185 1251 1227 hoc
1281 1198 1405 1228 versu
1434 1185 1648 1228 interiecto
1679 1186 1870 1229 adiuvari

419 1250 581 1304 possit.
609 1250 753 1303 atquin
784 1251 878 1305 ipsa
907 1251 1011 1294 haec
1039 1251 1171 1305 verba
1191 1284 1200 1306 ,
1223 1268 1313 1294 cum
1343 1268 1422 1295 vox
1451 1253 1646 1295 emittitur
1673 1269 1758 1295 una
1776 1285 1787 1307 ,
1809 1266 1870 1295 re-

418 1317 585 1358 mittunt
613 1329 689 1358 nos
720 1316 774 1359 ad
804 1331 973 1360 versum
994 1318 1074 1361 785
1096 1351 1105 1373 ,
1127 1318 1196 1360 ubi
1222 1323 1285 1361 est
1306 1318 1454 1361 Omnia
1473 1319 1546 1360 sub
1566 1320 1737 1361 verbone
1757 1327 1872 1361 creat

419 1375 572 1425 natura
602 1385 847 1440 paratque?
872 1397 968 1426 nam
999 1384 1148 1427 eadem
1177 1389 1274 1426 sunt
1302 1401 1381 1428 vox
1411 1384 1451 1428 et
1478 1386 1643 1427 verbum
1673 1389 1714 1427 et
1743 1385 1870 1428 libido

419 1463 542 1492 versu
563 1451 642 1492 779
660 1465 669 1492 :
691 1452 764 1493 sub
793 1453 911 1494 verbo
933 1455 996 1494 est
1016 1451 1092 1493 sub
1114 1451 1254 1506 iussu,
1278 1451 1398 1494 docte
1419 1451 1668 1494 illustratum
1690 1464 1716 1494 a
1737 1451 1871 1494 Biine-

419 1530 571 1559 manno
602 1517 658 1559 ad
689 1517 894 1560 Lactantii
924 1518 1227 1560 institutionum
1256 1518 1408 1560 librum
1436 1533 1493 1574 w,
1514 1519 1576 1573 15,
1599 1519 1653 1561 22
1681 1550 1691 1560 .
1721 1518 1797 1561 sed
1827 1518 1870 1560 in

419 1584 501 1626 illis
531 1583 634 1638 ipsis
665 1584 856 1626 versibus
883 1584 1131 1627 difficillima
1157 1588 1252 1627 sunt
1281 1584 1411 1639 haee,
1434 1585 1487 1628 Si
1501 1601 1615 1627 mare
1629 1618 1640 1639 ,
1661 1586 1704 1627 si
1719 1594 1871 1627 terram

419 1650 573 1692 cordz'st
587 1682 598 1703 ,
621 1651 663 1692 si
678 1650 852 1707 denique
872 1651 1059 1706 caelum5
1084 1651 1155 1693 ubi
1186 1650 1241 1692 ad
1270 1651 1312 1692 si
1337 1650 1490 1692 cordz'st
1518 1650 1744 1694 infinitivus
1775 1664 1870 1706 sup-

418 1716 598 1771 plendus
621 1721 683 1758 cst
703 1750 712 1772 ,
734 1718 803 1771 qui
834 1730 1040 1771 nusquam
1069 1717 1220 1770 legitur
1243 1731 1252 1758 z
1275 1729 1373 1758 nam
1403 1729 1539 1771 neque
1561 1717 1784 1760 Creechius
1805 1729 1870 1759 sa·

418 1796 517 1823 num
537 1782 804 1837 interpretem
825 1784 941 1837 egit,
966 1796 1057 1825 cum
1087 1783 1191 1825 haec
1221 1783 1280 1824 ita
1308 1783 1544 1838 expressit,
1567 1784 1610 1825 si
1623 1783 1790 1839 placuit
1808 1798 1870 1825 co-

415 1850 552 1904 qz'tare
570 1881 581 1902 ,
602 1862 740 1903 neque
762 1849 962 1892 Marullus
983 1882 993 1904 ,
1015 1850 1088 1904 qui
1117 1849 1185 1891 hic
1215 1848 1329 1890 solus
1361 1849 1537 1891 attendit
1557 1881 1566 1903 ,
1588 1849 1742 1891 bonum
1774 1849 1871 1891 arti-

418 1915 536 1957 ficem
559 1947 567 1970 ,
600 1929 692 1957 cum
722 1916 890 1970 scripsit
907 1916 969 1960 δι’
993 1932 1107 1958 mare
1125 1948 1136 1970 ‚
1163 1916 1205 1957 si
1230 1924 1341 1957 terra
1370 1924 1428 1957 est
1446 1948 1457 1969 ,
1485 1916 1527 1957 si
1554 1914 1675 1957 cordi
1698 1915 1872 1971 denique

418 1982 574 2024 caelum
597 2014 606 2023 .
628 1982 730 2036 quid
749 1982 876 2035 igitur
897 1983 933 2024 si
954 1981 1063 2024 hunc
1078 1995 1246 2025 versum
1266 1981 1367 2023 illuc
1386 1980 1701 2036 transferimus,
1724 1984 1765 2024 et
1785 1981 1871 2036 qui-

419 2048 513 2090 dem
530 2080 540 2103 ,
564 2049 663 2103 quia
683 2054 828 2104 aperte
846 2052 1062 2103 corruptus
1078 2053 1166 2103 est,
1190 2047 1339 2090 leniter
1355 2047 1619 2090 emendatum
1633 2047 1655 2089 ‘r'
1674 2048 1730 2089 Et
1748 2049 1874 2090 simul

418 2131 467 2156 ac
497 2116 681 2157 volumus
711 2117 826 2157 nobis
855 2116 1032 2158 occurrit
1066 2117 1201 2170 imaqo
1225 2115 1243 2156 ‚2
1273 2113 1419 2164 QUOD
1449 2115 1643 2157 sentimus
1665 2146 1676 2167 ‚
1706 2114 1755 2156 id
1781 2114 1872 2156 est?

418 2197 509 2223 cum
528 2198 607 2224 vox
628 2183 822 2224 emittitur
842 2199 926 2223 rma
941 2198 955 2236 ,·
977 2181 1030 2225 Si
1043 2197 1157 2223 mare
1171 2213 1182 2235 7
1203 2181 1246 2222 si
1268 2189 1419 2223 terram
1440 2180 1593 2223 cordz‘st
1609 2213 1618 2230 ‚
1640 2181 1683 2222 si
1698 2180 1872 2236 denique

419 2249 574 2290 caelum
601 2281 610 2289 .
641 2249 700 2291 ita
731 2249 839 2292 enim
869 2251 1046 2303 apparet
1076 2263 1160 2290 esse
1189 2246 1429 2288 addendum
1460 2259 1552 2289 esse
1576 2279 1586 2301 ,
1618 2259 1710 2288 cum
1739 2246 1788 2288 id
1815 2255 1872 2289 est

418 2315 719 2369 praecesserit:
741 2317 783 2357 si
807 2315 927 2357 cordi
952 2323 1010 2356 est
1038 2329 1124 2356 esse
1152 2329 1290 2366 mare,
1313 2314 1356 2354 si
1381 2322 1531 2355 terram
1546 2346 1557 2367 ,
1578 2314 1620 2355 si
1644 2312 1801 2354 eaelum
1818 2344 1827 2354 .

532 2382 625 2424 790.
669 2395 935 2422 MOBILITER
979 2395 1075 2422 CUM
1118 2393 1354 2420 ALTERms
1400 2392 1615 2420 BRAcmA
1659 2391 1871 2420 mmm-um·

420 2447 484 2489 ET
510 2462 761 2489 REPETUNT
784 2461 954 2489 OCULIS
977 2460 1163 2487 GESTUM
1187 2460 1311 2486 PEDE
1333 2459 1661 2488 CONVENIENTI
1683 2475 1692 2486 0
1714 2445 1870 2487 Horum

419 2527 472 2556 ea
500 2515 666 2568 integra
694 2528 778 2556 non
808 2518 904 2556 sunt
933 2526 1041 2568 quae
1071 2511 1126 2554 ad
1160 2512 1290 2566 pedes
1324 2513 1534 2566 pertinent
1557 2527 1566 2553 :
1595 2525 1730 2567 neque
1761 2513 1870 2555 enim

417 2582 615 2637 repetitur
643 2581 725 2624 nisi
757 2580 868 2636 quod
899 2579 1046 2622 eodem
1076 2578 1200 2620 modo
1227 2578 1382 2620 factum
1405 2583 1492 2633 est,
1514 2591 1651 2632 neque
1676 2579 1873 2634 repetitur

418 2648 547 2689 oculis
581 2647 693 2701 quod
729 2652 826 2691 ante
862 2660 933 2690 eos
971 2647 1119 2688 iterum
1154 2645 1324 2700 agitur,
1353 2645 1428 2687 sed
1459 2644 1571 2700 quod
1609 2645 1690 2699 ipsi
1725 2645 1872 2686 iterum

420 2715 753 2769 contemplantur
772 2747 781 2755 .
802 2715 861 2756 ita
890 2714 1015 2756 Silius
1044 2727 1104 2767 111,
1119 2712 1202 2755 533
1231 2720 1346 2753 tanta
1361 2711 1598 2767 formidine
1622 2711 1756 2767 plana
1785 2711 1870 2753 Em-

419 2789 568 2822 terrent
597 2782 769 2836 ‘repetita
798 2781 927 2822 oeulis
955 2813 963 2821 .
996 2792 1125 2834 quare
1153 2778 1394 2820 necessario
1424 2777 1688 2820 scribendum
1719 2781 1782 2819 est
1816 2777 1872 2818 Et

419 2861 675 2888 namnum
705 2847 833 2889 oculis
859 2855 1018 2903 qestum
1040 2879 1048 2888 .
1071 2845 1248 2889 Ovidius
1276 2845 1319 2887 in
1341 2845 1521 2900 epistula
1541 2858 1611 2898 vn,
1629 2844 1682 2886 26
1702 2843 1871 2890 Aenean

419 2914 556 2954 animo
585 2929 746 2968 noxque
777 2913 943 2968 diesque
972 2913 1127 2969 refert.
