2040 3328
909 201 950 242 II
1587 206 1666 247 119

308 312 402 355 781.
435 327 484 352 m
515 326 749 358 AEQUORA
771 327 919 355 posu
936 347 945 356 .
965 314 1223 358 Veronensis
1247 315 1379 359 editio
1402 322 1442 359 et
1465 318 1670 362 Marullus

193 394 451 428 Anonoss.

306 450 401 492 783.
431 463 712 496 umosous
729 465 751 491 c
763 465 787 491 A
799 465 955 492 nom-:s
971 483 980 493 .
996 451 1155 495 Omnes
1172 456 1342 508 praeter
1359 458 1525 498 veteres
1543 469 1670 499 mem·

192 517 350 560 branas
381 532 605 560 conones
629 551 639 561 .

305 586 400 630 785.
433 601 528 632 Quo
562 600 868 633 QUADRATUM
897 602 1046 629 M1Nus
1079 602 1210 629 OMNE
1243 603 1321 629 SIT
1351 603 1511 631 EXTRA
1535 626 1543 635 .
1578 591 1668 633 Hoc

189 655 311 698 nihili
333 668 427 698 esse
449 655 682 698 Lambinus
705 655 889 698 ostendit
910 655 1068 699 invitus
1086 690 1095 711 ,
1120 656 1217 698 dum
1242 657 1302 700 ita
1323 659 1524 714 exponit,
1547 658 1668 713 ‘qua-

190 723 357 766 dratum
399 736 452 766 ex
489 723 715 777 triangulis
757 721 915 766 factum
956 728 1078 767 extra
1113 725 1331 779 triangula
1368 731 1457 780 est,
1500 741 1587 769 non
1625 728 1667 770 in

190 791 416 846 triangulis
440 793 470 834 .’
505 791 704 835 Gifanius
741 791 882 834 minus
914 804 1120 847 perversa
1150 805 1221 848 re,
1263 793 1339 836 sed
1370 799 1518 837 contra
1548 795 1667 838 verbi

189 860 520 916 proprietatem,
553 859 720 914 ‘eaetra,
752 859 796 901 in
827 859 1050 915 superficie
1082 864 1124 902 et
1153 861 1314 904 ambitu
1337 862 1365 902 .’
1398 862 1667 906 scribendum

190 933 255 972 est
283 945 364 986 quo
395 927 650 985 quadratum
679 929 818 970 minus
849 944 965 970 omne
995 929 1050 970 sit
1079 942 1141 969 Ex
1170 943 1250 970 HIS
1273 961 1283 972 .

305 997 400 1040 788.
442 1010 539 1042 Quo
578 1009 723 1037 nucu
754 1010 813 1036 ET
844 1010 1068 1038 INLICITU
1101 1011 1388 1040 TRIBUAMUS
1422 1031 1432 1041 .
1463 1000 1519 1041 Et
1550 1000 1667 1041 omit-

189 1065 240 1108 tit
271 1065 484 1119 oblongus
516 1068 584 1115 et,
615 1063 699 1106 nisi,
731 1063 884 1119 fallor,
919 1064 1021 1106 olim
1053 1065 1274 1120 impressi,
1308 1070 1421 1109 certe
1452 1067 1665 1110 Venetus.

189 1143 226 1176 et
257 1134 393 1176 inlicit
422 1146 483 1174 UT
513 1133 748 1174 tribuamus
772 1131 993 1174 verissime
1024 1133 1246 1176 Turnebus
1277 1137 1318 1176 et
1348 1134 1582 1177 Lambinus
1600 1168 1609 1178 .

305 1202 399 1245 790.
431 1214 526 1242 NON
557 1214 680 1241 ALBA
713 1213 937 1241 CREATUR
961 1233 970 1254 ,
994 1201 1170 1247 NEQUE
1202 1215 1353 1243 NIGRA
1385 1217 1574 1245 CLUENT
1604 1219 1666 1244 Dr:

187 1283 384 1324 merus,
417 1283 504 1310 sm)
537 1282 709 1310 VARIIS
741 1282 799 1309 EA
833 1301 842 1310 .
876 1269 1084 1311 Antonius
1117 1269 1239 1311 Marii
1271 1285 1532 1312 CREANTUR
1562 1272 1665 1314 Nnc

189 1356 296 1396 quae
318 1371 327 1380 .
350 1337 508 1381 deinde
539 1337 772 1380 Lambinus
813 1336 889 1378 sed
922 1338 1058 1380 variis
1095 1337 1174 1380 de:
1205 1338 1498 1382 Wakefieldus
1535 1341 1664 1396 paulo

187 1407 344 1450 rectius
374 1407 508 1449 variis
539 1421 599 1446 Ex
622 1439 631 1449 .

303 1475 398 1518 800.
430 1476 597 1517 RscrA
637 1488 735 1516 Aur
772 1487 996 1520 OBLIQUA
1028 1499 1080 1503 —
1111 1488 1370 1516 REFULGET
1403 1507 1413 1517 .
1444 1475 1556 1519 Ante
1594 1486 1667 1518 aut

189 1542 402 1597 oblongus
433 1542 562 1585 habet
587 1543 649 1598 ᾇ,
682 1542 918 1597 quadratus
949 1559 974 1598 q
1004 1542 1108 1596 (non
1130 1540 1196 1598 Ἦ)
1227 1541 1303 1584 sed
1335 1545 1510 1598 uterque
1540 1557 1667 1598 pune-

189 1612 243 1655 tis
273 1624 404 1667 supra
433 1615 474 1654 et
494 1610 608 1654 infra
627 1611 778 1667 positis
801 1611 1048 1653 damnatum
1071 1643 1079 1651 .
1102 1624 1348 1652 Rerum-11·
1369 1623 1451 1653 -cur
1481 1610 1666 1654 seriben-

191 1679 290 1723 dum
321 1680 378 1722 sit
407 1678 546 1722 dicam
577 1679 634 1723 ad
663 1679 818 1722 librum
849 1693 888 1731 v,
912 1678 994 1721 768
1018 1710 1026 1719 .

304 1748 401 1791 803.
440 1761 599 1790 anno
631 1762 705 1789 sn·
734 1762 898 1789 nunno
930 1759 1159 1788 PYRopo.
1191 1745 1437 1798 Quadratus
1468 1748 1583 1791 claro
1614 1749 1668 1791 sit

190 1817 311 1859 robro
328 1848 338 1858 .
356 1816 591 1859 Brixiensis
614 1816 743 1859 editio
767 1820 808 1859 et
827 1815 1087 1859 Veronensis
1116 1815 1237 1856 clara
1267 1816 1322 1857 sit
1350 1816 1504 1870 rubro,
1527 1816 1562 1858 si
1586 1815 1666 1858 Ge-

190 1883 318 1927 rardo
340 1883 598 1927 credendum
620 1890 707 1928 est:
734 1898 833 1927 nam
865 1884 919 1927 de
939 1884 1105 1926 Veneta
1131 1886 1173 1926 et
1194 1882 1438 1926 Avantiana
1458 1884 1546 1926 seio
1570 1897 1666 1926 eum

189 1952 368 2006 fallere,
391 1965 503 2007 quae
533 1952 692 1996 habent
719 1954 834 1996 claro
865 1954 921 1995 sit
949 1965 1140 2005 numu,
1172 1954 1219 1996 ut
1239 1950 1448 1993 Antonius
1469 1951 1594 1993 Marii
1626 1955 1668 1994 et

188 2020 396 2063 Marullus
424 2052 432 2062 .
466 2024 653 2063 ceterum
683 2021 726 2063 in
758 2021 839 2064 hoe
869 2033 996 2063 versu
1027 2017 1213 2061 absurde
1244 2017 1540 2061 Wakefieldus
1572 2032 1665 2061 cum

189 2100 268 2131 sua
298 2087 464 2130 familia
493 2090 687 2145 Namque
717 2089 807 2131 alia
842 2102 896 2131 ex
932 2088 1031 2130 olim
1062 2085 1279 2142 impressis
1312 2118 1321 2128 .
1360 2086 1472 2129 alias
1509 2086 1668 2130 habent

190 2159 384 2211 veteres,
409 2156 644 2211 Antonius,
668 2157 899 2211 Marullus,
923 2155 1160 2199 Avantius.

304 2225 400 2268 805.
438 2225 596 2267 INTER
633 2238 929 2266 CAERULEUM
968 2236 1157 2264 v1R1D1s
1198 2228 1414 2263 MISCERE
1445 2236 1666 2264 zMARAG-

190 2306 284 2334 Dos
307 2325 316 2335 .
350 2292 573 2347 Oblongus
603 2293 848 2336 zmaracdos
879 2325 888 2335 .
921 2291 1130 2345 Forbiger
1160 2290 1407 2347 smaraydos
1438 2289 1542 2333 dicit
1571 2305 1667 2334 esse

190 2360 422 2404 ‘meliorem
452 2361 570 2404 aurei
603 2361 699 2404 aevi
732 2360 1028 2417 seripturam':
1058 2371 1136 2401 nos
1166 2357 1246 2401 hae
1267 2357 1408 2401 ferrea
1429 2362 1568 2402 aetate
1598 2373 1668 2402 ve-

189 2429 519 2472 tustissimorum
550 2429 862 2485 exemplarium
893 2428 1020 2471 fidem
1050 2439 1303 2487 sequemur.
1326 2425 1438 2468 idem
1461 2426 1667 2481 Forbiger

193 2498 249 2540 de
278 2498 469 2540 caeruleo
499 2511 639 2552 nugas
669 2498 789 2552 agit:
820 2496 1044 2540 verissime
1075 2495 1187 2537 enim
1213 2493 1506 2536 Wakefieldus
1537 2498 1578 2536 et
1605 2494 1667 2536 illi

191 2565 346 2608 eximio
377 2566 590 2621 acumini,
612 2578 695 2620 quo
726 2566 887 2607 utinam
914 2577 968 2607 ne
989 2564 1240 2618 plerumque
1270 2561 1382 2603 male
1412 2561 1571 2604 abusus
1603 2575 1667 2604 es-

192 2636 256 2674 set
276 2664 287 2686 ,
309 2633 610 2675 convenienter
630 2633 802 2688 scripsit
821 2633 938 2675 Inter
959 2644 1218 2672 curtinum
1241 2661 1250 2670 .
1282 2629 1348 2671 cui
1368 2632 1567 2683 poterant
1588 2629 1668 2672 hoc

193 2703 305 2742 certe
341 2700 411 2742 vel
439 2700 662 2754 Forbigeri
701 2699 901 2754 eredere,
933 2699 1139 2742 Serenum
1170 2696 1440 2740 Samonieum
1471 2696 1552 2739 hue
1582 2697 1668 2740 1·es-'

192 2767 390 2822 pexisse,
430 2780 524 2809 eum
559 2767 764 2809 scriberet
800 2767 878 2808 hos
913 2779 1061 2809 versus
1084 2765 1196 2819 951,
1236 2763 1458 2807 Cur-atium
1492 2781 1589 2808 vero
1629 2767 1673 2808 εί

192 2835 295 2877 eollo
316 2843 474 2877 nectere
493 2834 624 2876 males
638 2867 650 2887 ,
667 2835 732 2876 Ne
753 2833 913 2876 dubites
929 2834 1002 2876 illo
1023 2832 1181 2879 virides
1200 2832 1373 2874 miscere
1392 2832 1639 2889 smara'qdos
1655 2867 1665 2878 .

306 2902 401 2945 8Ο6.
438 2915 597 2942 LARGO
629 2915 725 2942 CUM
754 2915 881 2942 Luce
911 2914 1132 2941 REPLETA
1161 2913 1248 2940 EST
1272 2930 1283 2940 .
1314 2899 1366 2940 In
1400 2898 1480 2942 hoc
1509 2913 1667 2955 genere

193 2969 407 3013 interdum
426 2974 592 3013 veteres
615 2969 705 3013 luce
725 2969 840 3012 claro
861 2972 903 3011 et
915 2969 1058 3027 primo
1080 2969 1169 3012 lucz·
1185 2967 1348 3010 dixisse
1368 2972 1532 3012 constat
1550 2984 1559 3012 :
1590 2969 1667 3013 sed
