2040 3328
932 237 971 280 V
1611 236 1695 280 299

211 381 267 390 -
285 357 449 414 possint
462 388 474 410 ,
495 355 541 397 in
561 367 618 409 1v,
635 352 717 396 641
740 354 1022 397 coturnicibus
1043 385 1052 394 .
1075 365 1168 394 eum
1195 351 1408 406 quadrato
1436 350 1622 394 concinit
1651 351 1696 393 in

211 440 256 480 11,
273 425 356 468 245
376 423 597 467 videamus
617 425 660 464 et
689 421 734 464 in
754 435 811 476 VI,
829 421 911 464 725
932 421 1095 478 opilare
1111 436 1124 463 :
1144 419 1222 463 sed
1251 433 1402 463 versus
1433 419 1533 462 libri
1554 433 1594 474 V,
1612 419 1696 462 952

211 494 255 536 in
286 491 498 548 quadrato
535 494 600 533 est
637 490 747 533 inter
777 493 899 532 extra
929 490 1074 544 clusa,
1105 502 1245 544 neque
1275 488 1376 531 mihi
1414 487 1698 544 improbabile

211 562 381 606 videtur
417 560 512 615 ipso
544 558 739 602 eo'dicum
776 562 1018 601 nostrorum
1058 557 1291 613 archetypo
1328 570 1453 600 usum
1488 569 1585 600 esse
1621 555 1695 611 qui

210 631 318 674 haec
353 631 556 683 excerpta
592 626 806 682 confecit,
839 627 912 681 qui
955 639 1040 668 non
1081 626 1160 668 fuit
1202 625 1364 668 codicis
1400 625 1698 680 Sangallensis

211 698 395 754 scriptor
414 730 423 738 .
445 697 597 739 horum
618 699 915 750 excerptorum
935 694 1038 737 mihi
1060 694 1229 750 copiam
1251 692 1353 736 fecit
1373 692 1472 736 Otto
1492 693 1671 736 Iahnius
1687 725 1696 735 .

209 767 319 810 Mico
351 765 614 809 Centulanus
647 763 806 820 levita,
835 762 908 818 qui
938 762 1048 806 vixit
1077 761 1228 805 eodem
1259 761 1435 805 saeculo
1465 775 1578 804 nono
1609 762 1698 804 ine-

210 839 342 890 unte,
371 835 415 876 in
445 833 636 876 libellum
666 844 752 887 quo
783 831 981 888 exempla
1011 831 1263 886 quantitatis
1295 829 1604 874 vocabulorum
1635 843 1700 872 or-

211 903 312 946 dine
343 901 612 958 alphabetico
645 899 843 954 collegit,
865 895 1158 942 tres'Lucretii
1186 911 1336 943 versus
1368 911 1392 941 e
1421 897 1531 940 libro
1553 912 1596 954 11,
1613 897 1696 940 447

214 972 296 1014 128
318 971 402 1015 365
431 968 638 1013 coniecit:
666 967 711 1009 in
738 968 829 1010 eius
859 967 994 1011 libelli
1026 967 1174 1011 codice
1196 965 1569 1011 Halberstadiensi
1607 979 1700 1009 sae-

211 1039 310 1082 culo
341 1038 467 1082 tertio
497 1037 661 1080 decimo
699 1036 889 1092 scriptO,
923 1049 1049 1092 quem
1084 1036 1188 1079 mihi
1225 1036 1459 1080 Mauricius
1487 1034 1699 1090 Hauptius

212 1107 432 1161 ostendit,
463 1106 670 1162 scriptum
713 1109 778 1148 est
821 1108 869 1146 ut
909 1103 1037 1148 debet
1070 1105 1281 1148 Derivare
1317 1112 1472 1162 queunt
1511 1104 1700 1145 animum

211 1191 396 1232 emaque
426 1175 565 1218 levare
585 1207 596 1228 ,
629 1186 724 1216 cum
754 1171 992 1228 quadratus
1030 1172 1188 1217 habeat
1216 1174 1423 1216 Dio-ivare
1444 1205 1456 1227 ‚
1489 1171 1701 1226 oblongus

211 1257 239 1287 a
268 1247 507 1286 correctore
537 1246 724 1298 curaque
740 1271 750 1282 .

322 1312 421 1356 563.
482 1311 778 1355 ComnucrA
822 1323 998 1351 Tunius
1030 1343 1040 1354 .
1086 1309 1185 1353 Itali
1231 1313 1273 1354 et
1317 1310 1524 1353 Marullus
1571 1308 1698 1352 Con-

210 1395 454 1423 runcTUS.

323 1449 421 1493 566.
452 1463 596 1490 mnus
618 1461 808 1490 LUMINA
828 1461 1048 1489 Possmwr
1070 1448 1330 1490 Anmcmzss
1349 1479 1359 1489 .
1381 1446 1581 1490 Adlz'eere
1602 1459 1699 1488 eum

210 1519 268 1562 sit
286 1519 424 1561 iactui
438 1518 510 1561 vel
531 1517 720 1560 adiectui
731 1516 1015 1571 contrarium,
1039 1517 1162 1560 unice
1183 1530 1331 1560 verum
1354 1520 1419 1559 est
1438 1515 1555 1570 quod
1575 1515 1699 1557 Lam-

211 1587 338 1630 binus
367 1586 510 1643 posuit
540 1585 723 1642 (urbane
743 1584 954 1639 Forbiger
976 1597 1030 1627 ex
1052 1585 1142 1628 eius
1174 1585 1348 1640 ingenio
1366 1585 1553 1641 fluoeisse
1575 1582 1698 1638 dicit)

209 1655 440 1710 Adiicere,
471 1654 555 1697 nisi
591 1653 708 1708 quod
746 1657 820 1696 aut
856 1656 1060 1696 consueto
1091 1658 1282 1697 veterum
1319 1666 1438 1696 more
1471 1654 1698 1695 Amcmm

210 1722 483 1767 scribendum
513 1727 604 1778 est,
632 1727 707 1764 aut
737 1722 875 1765 minus
905 1722 1105 1777 vulgari,
1134 1722 1189 1765 de
1219 1735 1303 1777 quo
1335 1721 1426 1764 dixi
1458 1720 1515 1764 ad
1546 1719 1699 1763 librum

209 1806 254 1847 11,
276 1791 357 1835 951
378 1824 388 1847 ,
411 1791 616 1834 Adiecere
633 1823 644 1834 .

324 1859 422 1903 568.
455 1860 610 1903 Nmn,
639 1873 739 1900 NISI
768 1874 1099 1901 INTERVALms
1130 1874 1192 1900 DE
1224 1873 1450 1901 CORPORE
1486 1871 1699 1900 ΜΒΒΔΝΤ

210 1929 528 1971 FLAMMARUM
552 1959 562 1970 .
585 1927 804 1970 ⁴Antonius
826 1927 950 1970 Marii
970 1929 1130 1984 Nilque
1150 1929 1240 1970 nisi
1257 1944 1309 1970 ex
1329 1928 1566 1971 intervallis
1581 1959 1592 1981 ‚
1614 1939 1699 1981 quo

211 1997 324 2040 male
353 1996 534 2052 probato
564 1995 691 2050 (nihil
723 1995 835 2038 enim
867 1997 924 2039 ad
955 1996 1209 2039 sententiam
1240 1996 1361 2050 facit)
1381 1996 1589 2038 Marullus
1612 2008 1700 2038 rec-

211 2065 373 2108 tissime
414 2064 585 2119 scripsit
623 2078 805 2105 LIBANT
829 2097 838 2106 .
882 2065 1128 2119 Naugerius
1163 2065 1244 2107 Nil
1286 2065 1393 2121 ipsis
1437 2064 1699 2118 intervallis,

211 2133 445 2191 Lambinus
476 2133 567 2174 Illa
597 2133 694 2188 ipsa
722 2133 949 2175 intervalla
982 2133 1094 2176 nihil
1111 2165 1122 2187 ,
1155 2132 1356 2176 Gifanius
1385 2133 1467 2175 Nil
1493 2134 1609 2175 visus
1638 2133 1700 2174 in-

212 2202 390 2246 tervalla
405 2235 416 2256 ,
438 2199 736 2243 Wakefieldus
756 2201 885 2243 Nihil
897 2202 995 2258 ipsa
1009 2201 1238 2244 intervalla
1252 2202 1299 2244 in
1318 2203 1379 2244 sis
1393 2234 1404 2256 ,
1427 2200 1700 2244 Eichstadius

211 2271 292 2313 Nil
328 2271 483 2312 massus
520 2269 811 2312 intervallezze.
844 2267 994 2311 horum
1029 2269 1138 2311 nihil
1174 2283 1323 2312 verum
1360 2283 1455 2313 esse
1491 2272 1698 2326 apparet:

211 2337 564 2381 Eichstadianum
586 2338 645 2380 'in
684 2336 836 2393 primis
865 2336 1062 2379 mirabile
1093 2341 1184 2392 est,
1213 2350 1298 2392 quo
1329 2337 1451 2393 ipsae
1482 2339 1701 2381 radiorum

212 2405 465 2449 emissiones
496 2410 614 2448 tanto
646 2404 871 2448 intervallo
909 2404 1050 2447 factae
1080 2405 1189 2448 nihil
1219 2405 1273 2448 de
1312 2405 1580 2450 flammarum
1611 2420 1701 2450 cor-

211 2487 316 2529 pore
337 2474 602 2517 decorticare
624 2474 847 2516 dicuntur:
870 2472 1071 2528 probavit
1091 2474 1203 2516 enim
1226 2475 1384 2517 librant
1397 2508 1407 2529 ,
1431 2479 1518 2517 non
1540 2476 1673 2517 libant
1689 2506 1699 2516 .

201 2541 315 2583 'mihi
345 2542 448 2596 quid
478 2542 700 2585 Lucretius
732 2541 899 2585 dederit
939 2546 1054 2584 certo
1087 2541 1171 2584 dici
1213 2555 1342 2598 posse
1379 2557 1464 2586 non
1500 2543 1700 2586 videtur:

213 2609 291 2652 sed
330 2609 531 2664 quoniam
571 2612 723 2667 spatii&
766 2609 846 2653 hoc
887 2609 1231 2654 commodissime
1267 2611 1525 2654 adscribitur
1562 2616 1606 2654 ut
1646 2610 1700 2653 de

213 2677 378 2731 ignium
409 2690 586 2732 corpore
617 2682 691 2720 aut
721 2678 888 2733 aliquid
925 2682 999 2720 aut
1033 2678 1142 2721 nihil
1179 2678 1313 2722 libent
1345 2680 1600 2731 demantve,
1627 2693 1701 2735 po-

213 2748 296 2787 test
326 2745 432 2787 satis
463 2750 562 2800 apte
592 2746 731 2789 hiatus
762 2747 824 2789 ita
853 2745 1050 2802 expleri,
1078 2747 1160 2789 Nil
1186 2761 1246 2788 EA
1275 2761 1322 2787 IN
1354 2761 1432 2788 urs
1463 2748 1702 2790 intervallis

214 2812 266 2855 de
295 2828 466 2869 corpore
497 2815 629 2856 libant
658 2815 954 2856 Flammarum
971 2845 980 2855 .

326 2879 423 2924 570.
453 2880 550 2925 574.
582 2881 902 2923 vanmum
923 2895 1142 2924 Nos'rnos
1163 2896 1225 2924 AD
1258 2898 1437 2926 snusus
1457 2916 1467 2939 ,
1490 2898 1546 2925 Er
1573 2898 1701 2926 LOCA

213 2962 441 2990 FULGENT
463 2980 473 2991 .
507 2949 624 2992 Haec
654 2949 756 3005 quia
792 2962 878 2991 non
919 2949 977 2992 ad
1018 2950 1162 2994 lumen
1204 2952 1340 3007 solis,
1374 2951 1451 2995 sed
1493 2952 1550 2995 ad
1590 2953 1700 2996 calo-

214 3033 300 3060 rem
345 3016 564 3075 lumenque
608 3018 835 3075 profusum
880 3021 1105 3074 spectant,
1144 3032 1231 3065 non
1275 3019 1525 3076 sufficiunt3
1561 3033 1702 3076 neque
