2040 3328
919 232 980 275 1v
1061 211 1067 217 ’
1606 235 1688 277 271

212 350 494 405 designatur,
516 346 629 390 male
658 346 796 390 haesit
826 350 868 390 et
897 346 1136 402 Marullus,
1167 346 1238 401 qui
1270 345 1369 389 fecit
1398 347 1539 389 omnia
1565 348 1697 404 pravi

211 420 270 463 Ec
297 434 405 476 quae
423 450 435 472 ,
462 415 578 471 quod
609 416 820 459 Avantius
851 415 979 458 stulte
1009 415 1197 470 corrupit
1225 416 1361 471 pravi
1390 415 1442 457 Ut
1461 447 1472 469 ‚
1504 418 1547 457 et
1577 415 1691 458 Nau-

211 487 383 543 gerius,
405 498 433 528 a
452 498 536 540 quo
557 488 622 527 est
646 485 751 527 Tum
772 500 904 541 quae,
926 496 1004 538 per
1030 483 1183 526 multos
1214 483 1347 526 libros
1378 487 1664 539 propagatum
1682 517 1692 528 .

211 554 482 599 scribendum
514 557 579 597 est
606 567 700 594 AUT
732 568 839 609 quae
868 551 1051 608 corpori’
1082 560 1179 594 sunt
1209 553 1298 594 eius
1320 584 1330 594 .
1357 552 1457 594 hinc
1486 551 1691 595 Horatius

210 640 262 668 ne
291 624 481 680 corporis
510 622 668 678 optima
697 621 863 678 Lyncei
879 619 1160 677 Contemplere
1186 621 1344 674 oculis,
1367 621 1576 677 Hypsaea
1603 637 1691 664 cae-

211 693 302 735 cior
319 691 399 734 illa
420 691 536 742 Quae
556 690 670 732 mala
690 698 787 732 sunt
813 697 969 746 spectes
991 720 1001 731 .
1026 692 1115 730 tum
1142 688 1356 742 oblongus
1377 689 1517 745 ffipetis
1538 721 1550 742 ,
1577 688 1693 742 quod

211 763 278 802 est
292 760 508 817 praepetis
524 774 537 800 .·
557 758 635 802 sed
655 757 892 813 quadratus
913 758 1059 814 precis
1083 789 1092 798 .
1115 757 1159 799 in
1180 755 1415 811 archetypo
1435 760 1536 812 puto
1559 756 1693 799 fuisse

211 841 347 875 QUAM
381 829 554 868 fimens
591 827 733 869 deleto
770 840 794 866 1>
822 840 832 880 ;
863 830 909 868 ut
939 825 1210 868 scribendum
1237 825 1295 867 sit
1324 838 1367 865 SI
1397 840 1523 880 quam
1552 839 1693 866 rmus

211 912 262 939 ac
281 897 346 939 vis
360 928 372 950 ,
393 895 561 938 usitatis
587 898 630 938 et
655 893 842 950 propriis
863 893 1084 936 vocabulis
1107 927 1116 935 .
1145 892 1363 947 Vergilius
1384 893 1518 935 Multa·
1533 893 1653 935 illam
1674 909 1694 936 e

210 980 365 1021 mayno
385 965 511 1006 Latio
542 971 707 1019 totaque
733 963 925 1019 petebant
945 962 1106 1004 Italia.
1139 961 1386 1017 Propertius
1408 961 1511 1005 Cum
1543 970 1579 1004 te
1610 970 1694 1004 tam

211 1033 338 1076 multi
348 1041 535 1089 peterent
549 1066 560 1087 ‚
582 1041 627 1074 ta
645 1048 709 1074 me
729 1048 816 1074 una
833 1032 1007 1088 petisti.
1030 1031 1207 1073 Plautus
1227 1031 1272 1073 in
1288 1030 1491 1073 Asinaria
1504 1044 1566 1081 111,
1586 1030 1621 1085 1,
1640 1030 1694 1072 38

212 1101 314 1146 Sine
333 1117 397 1144 me
417 1117 561 1143 amare
581 1115 710 1142 unum
732 1099 1028 1156 Aryyrippum
1048 1132 1059 1153 ‚
1087 1100 1224 1141 animi
1241 1115 1372 1141 causa
1395 1131 1405 1152 ,
1435 1114 1555 1154 quem
1575 1099 1667 1141 volo
1684 1130 1693 1140 .

214 1168 394 1212 Ovidius
416 1181 608 1211 amorum
629 1182 656 1222 1,
677 1167 741 1221 10,
760 1167 816 1210 60
836 1183 962 1223 quam
982 1167 1121 1220 volui,
1143 1167 1307 1223 notaflc
1322 1176 1417 1210 arte
1436 1183 1530 1209 mea
1548 1198 1557 1207 .
1579 1165 1695 1208 idem

213 1238 258 1280 in
279 1251 324 1293 ιι,
341 1237 406 1292 19,
424 1237 451 1278 2
471 1237 524 1280 Si
540 1237 619 1278 tibi
634 1251 716 1278 non
737 1251 841 1291 opus
862 1243 921 1277 est
940 1244 1106 1278 servata
1121 1268 1132 1288 ‚
1154 1235 1276 1278 stulte
1291 1268 1301 1289 ,
1319 1235 1467 1291 puella
1482 1268 1493 1289 ,
1515 1235 1573 1276 Ac
1592 1235 1701 1277 mihi

199 1306 286 1362 fac
314 1321 477 1359 serves,
500 1320 580 1360 quo
611 1304 748 1360 magis
777 1304 867 1359 ipse
897 1303 1020 1345 velim
1042 1335 1051 1345 .
1083 1303 1330 1358 Propertius
1362 1303 1403 1344 in
1426 1303 1536 1358 1,13,
1554 1303 1610 1345 36
1640 1303 1697 1345 Et

214 1381 487 1430 quotcumque
506 1372 642 1427 voles,
664 1387 750 1413 una
770 1372 825 1413 sit
845 1372 927 1413 ista
949 1372 1029 1413 tibi
1045 1403 1054 1412 .
1086 1371 1186 1412 olim
1218 1371 1415 1426 impressi
1447 1388 1574 1427 quam
1598 1388 1696 1428 per-

209 1443 321 1499 petis
335 1475 346 1496 ,
366 1440 560 1484 inaudito
577 1444 619 1483 et
633 1452 836 1496 perverso
852 1438 1060 1481 vocabulo
1077 1472 1086 1494 ,
1109 1439 1344 1482 Lambinus
1360 1441 1561 1496 per-cupis
1578 1456 1591 1482 :
1612 1441 1697 1482 An-

213 1511 355 1554 tonius
385 1509 511 1553 Marii
541 1513 584 1552 et
613 1508 819 1551 Marullus
849 1511 1130 1550 servaverant
1153 1509 1368 1564 praepetis
1385 1540 1395 1550 .

332 1578 455 1622 1156.
494 1578 619 1620 Essa
658 1591 706 1618 IN
744 1590 975 1617 Demens
999 1609 1008 1617 .
1039 1576 1138 1618 Itali
1171 1580 1212 1618 et
1243 1577 1448 1619 Marullus
1478 1577 1524 1618 in
1553 1590 1696 1617 nnm-

215 1662 311 1690 rus
329 1680 340 1690 .
1323 1701 1328 1706 ἡ

329 1715 451 1758 1160.
481 1729 539 1756 ΕΤ
560 1727 776 1756 soi-:mnia
795 1746 804 1755 .
827 1713 893 1756 Ita
914 1713 1084 1756 codices
1105 1717 1298 1768 veteres,
1319 1726 1444 1768 quem
1466 1712 1699 1756 admodum

215 1784 427 1838 oblongus
458 1781 549 1826 fere
578 1782 738 1837 ubique
754 1782 902 1839 foetus
929 1781 1102 1825 exhibet
1131 1795 1159 1824 a
1187 1796 1316 1825 manu
1338 1781 1587 1824 correctoris
1610 1813 1620 1823 .
1653 1781 1698 1823 in

213 1853 447 1908 archetypo
469 1851 703 1906 exemplari
726 1855 886 1893 certum
908 1855 973 1893 est
1001 1865 1183 1892 meA
1216 1851 1348 1893 fuisse
1379 1851 1471 1892 sive
1494 1849 1672 1906 faetida
1688 1882 1698 1892 .

214 1921 376 1964 seilicet
406 1919 578 1962 saeculo
609 1932 723 1961 nono
753 1919 815 1962 ita
843 1921 1013 1975 peccari
1036 1924 1231 1975 coeptum
1253 1922 1344 1960 est:
1366 1918 1628 1971 antiquiores
1655 1917 1698 1959 in

214 1989 369 2045 quibus
398 1987 574 2031 vocibus
605 1991 647 2029 et
677 2003 722 2030 oe
753 1991 795 2030 et
825 2004 845 2029 e
875 1988 949 2044 vel·
976 2004 1026 2030 ae
1057 1986 1303 2043 scripserint
1332 1986 1421 2028 dixi
1451 1985 1508 2027 ad
1541 1985 1698 2028 Gaium

212 2072 259 2110 11,
275 2057 330 2100 66
350 2070 394 2099 n.
409 2056 438 2098 4
457 2070 499 2112 p.
518 2055 596 2097 117
617 2088 626 2097 .
648 2055 692 2097 in
713 2056 942 2110 euangelio
964 2055 1169 2098 Iohannis
1190 2070 1247 2110 XI,
1265 2056 1320 2098 39
1341 2054 1450 2097 liber
1472 2052 1699 2096 Fuldensis

214 2131 257 2169 et
281 2125 412 2168 ceteri
441 2123 584 2166 Latini
614 2137 722 2178 quos
753 2123 842 2167 vidi
869 2124 1050 2166 Domine
1070 2156 1080 2176 ,
1109 2125 1196 2166 iam
1213 2124 1354 2179 fetet,
1382 2122 1699 2165 Laurentianus

199 2195 342 2251 faetet
361 2226 372 2236 .
404 2197 527 2237 vetus
558 2191 697 2234 Plauti
733 2192 777 2232 in
809 2192 967 2235 Casina
992 2207 1052 2246 111,
1077 2193 1115 2247 6,
1142 2193 1165 2234 7
1192 2192 1332 2249 fetet.
1366 2190 1482 2247 apud
1512 2190 1698 2233 Nonium

198 2258 476 2306 'Basilienses
497 2275 539 2317 p.
557 2261 722 2315 394,16
740 2261 931 2317 fetidum
951 2293 962 2314 ,
984 2274 1026 2315 p.
1042 2260 1141 2315 413,
1158 2261 1182 2302 8
1199 2261 1418 2317 faetidum
1441 2292 1450 2315 ,
1474 2274 1516 2315 p.
1533 2260 1630 2314 536,
1644 2259 1700 2302 20

201 2330 367 2389 fetidos
388 2346 401 2374 :
427 2328 544 2386 apud
566 2329 749 2372 eundem
770 2343 812 2384 p.
830 2329 926 2385 233,
943 2329 969 2372 5
986 2329 1012 2371 6
1030 2330 1052 2371 7
1076 2328 1289 2371 Meroerus
1302 2329 1451 2386 fetida
1471 2328 1700 2384 (Basilien-

215 2413 284 2443 ses
300 2398 492 2457 foetida)
510 2398 635 2455 fetet·
635 2397 785 2454 fetida
800 2431 811 2452 ,
835 2402 878 2440 et
906 2411 948 2453 p.
966 2398 1034 2452 63,
1053 2398 1107 2440 26
1139 2397 1502 2452 Guelferbytanus
1534 2401 1576 2439 et
1606 2396 1700 2439 Lei-

216 2467 362 2511 densis
379 2467 599 2524 fetutina,
621 2465 695 2508 ubi
727 2466 993 2509 Basilienses
1023 2466 1183 2509 habent
1212 2482 1286 2508 oe.

334 2535 456 2578 1168.
497 2536 751 2577 ATIAMINA
791 2548 848 2575 ΕΤ
887 2549 1131 2576 MAMMOSA
1168 2548 1320 2576 onnes
1360 2548 1447 2574 EST
1489 2547 1600 2574 1PSA
1638 2547 1698 2574 AB

215 2617 406 2645 necno
430 2635 440 2645 .
461 2602 684 2656 Oblongus
714 2612 843 2645 cerest
871 2605 969 2659 ipsa
1000 2604 1052 2646 ab
1082 2604 1201 2646 z'acho
1225 2637 1233 2646 .
1267 2601 1481 2644 Arnobius
1512 2601 1620 2643 libro
1651 2615 1701 2641 111

216 2683 258 2725 p.
270 2669 350 2713 105
360 2670 500 2712 Havet
514 2672 681 2713 animus
697 2680 820 2727 atque
835 2671 956 2713 ardet
970 2672 1017 2713 in
1033 2670 1277 2713 chalcidicis
1293 2671 1383 2712 illis
1399 2670 1565 2728 magnis
1577 2678 1700 2725 atque

216 2739 263 2781 in
269 2737 455 2794 palatiis
470 2739 582 2780 caeli
593 2738 689 2781 deos
701 2738 882 2795 deasque
893 2740 1130 2795 conspicere
1146 2740 1308 2780 intectis
1321 2738 1564 2795 corporibus
1577 2746 1701 2793 atque

216 2805 364 2860 nudis,
380 2806 432 2847 ab
447 2805 598 2848 Iaccho
615 2806 822 2859 Cererem,
838 2823 959 2848 musa
974 2816 1019 2848 ut
1029 2806 1254 2863 praedicat
1270 2807 1486 2859 Lucretia,
1503 2820 1699 2846 ‘mammo-

217 2889 310 2916 sam
328 2905 338 2914 .
361 2872 474 2916 idem
495 2873 541 2915 in
557 2888 601 2913 VI
617 2887 660 2928 p.
671 2873 754 2916 209
773 2873 895 2916 Ceres
911 2876 1104 2916 mammis
1122 2891 1214 2916 cum
1227 2873 1465 2931 yrandz'bus
1481 2906 1490 2915 .
1512 2873 1586 2928 qui
1602 2873 1638 2916 si
1654 2873 1700 2915 in

217 2954 370 2985 versus
399 2941 522 2984 initio
552 2942 611 2984 At
636 2942 807 2997 qemz'na
836 2942 1038 2997 seriptum
1070 2941 1337 2996 invenisset,
1369 2955 1480 2996 quae
1511 2940 1699 2984 Turnebi

218 3009 463 3053 emendatio
494 3015 559 3052 est
589 3009 643 3052 ab
675 3009 870 3053 omnibus
900 3011 1114 3066 probata,
1146 3010 1227 3052 hoc
1258 3023 1425 3065 quoque
1446 3009 1700 3064 cognomine
