2040 3328
325 204 407 246 232
1018 207 1076 248 IV

326 315 368 355 in
390 315 693 369 Amphitruone
715 316 852 358 Plauti
872 330 898 368 1,
919 316 955 370 1,
973 316 1054 358 249
1083 333 1191 359 nunc
1222 319 1347 360 hiosto
1361 352 1372 372 ,
1393 320 1464 361 ubi
1495 325 1614 362 vetus
1643 322 1769 376 paulo

326 382 478 423 rectius
495 383 642 425 No'nne
663 398 734 437 eqo
750 398 857 423 nunc
873 383 949 424 isto
965 391 1057 425 ante
1079 383 1196 425 dedis
1211 393 1372 427 nostras
1391 387 1409 427 2
1427 387 1469 428 in
1485 387 1674 430 Aene'l'de
1687 388 1770 430 Me-

326 447 448 489 dicea
457 449 569 499 Quid
582 450 726 490 istruis
742 448 879 502 prima
893 461 1019 490 manu
1035 449 1077 490 in
1093 463 1165 503 xn,
1176 451 1258 493 796
1276 483 1285 493 .
1302 451 1415 505 apud
1431 453 1612 495 Nonium
1626 468 1666 509 p.
1679 455 1770 509 137,

326 515 381 556 33
397 514 518 564 Qudd
531 515 573 556 si
584 523 629 555 uc
644 514 778 556 decuit
791 515 940 557 istdres
956 531 1110 558 mecum
1118 548 1129 569 ,
1146 530 1186 571 p.
1198 516 1292 571 468,
1303 517 1354 558 21
1373 518 1480 560 idem
1494 520 1663 574 ΙειίσῘιο,
1673 521 1770 575 486,

325 581 379 622 23
409 582 513 623 istuc
543 581 732 622 Istasz‘me
746 613 757 635 ,
779 580 873 635 522,
891 581 945 624 25
975 581 1135 624 adistas
1151 615 1159 623 .
1182 582 1225 624 in
1255 585 1507 626 contrariam
1536 590 1699 640 partem
1727 588 1772 629 in

326 648 452 689 Nonii
482 647 590 689 libro
620 659 846 700 numquam
867 652 1083 702 peccatum
1114 653 1203 704 est3
1225 663 1306 703 quo
1328 650 1455 693 valde
1474 651 1659 694 firmatur
1678 666 1772 696 auc-

326 716 472 757 toritas
501 714 761 769 pronominis
793 714 998 757 decurtati
1027 715 1080 758 de
1118 729 1200 770 quo
1233 716 1319 758 dixi
1350 717 1406 759 ad
1435 717 1586 759 librum
1614 733 1674 774 111,
1691 720 1773 763 954

326 797 365 836 p.
386 783 463 824 197
485 814 493 822 .
516 781 591 823 sed
621 793 670 822 eo
701 781 826 823 modo
854 781 1002 824 eadem
1023 782 1251 825 Bobiensia
1279 783 1441 826 scholia
1468 784 1511 826 in
1541 785 1772 828 orationem

325 862 402 903 pro
420 848 540 903 Sylla
555 862 595 902 p.
613 848 708 902 368,
726 849 776 890 21
796 848 854 890 ad
867 858 1133 896 strumentum
1136 849 1246 905 fidei
1257 882 1268 903 ,
1285 851 1327 891 in
1343 850 1544 893 Varronis
1555 851 1614 898 ‚de
1628 851 1774 906 lingua

325 916 478 958 Latina
496 915 604 957 libro
619 929 678 955 vn
694 928 734 969 p.
752 915 831 957 351
855 917 932 971 qui
943 917 1139 958 scribitur
1158 929 1235 971 pro
1253 917 1494 959 inscribitur
1508 950 1518 971 ,
1539 918 1582 959 in
1598 918 1773 961 Arnobii

325 973 431 1024 libm
450 996 488 1036 v,
505 995 546 1036 p.
561 982 640 1023 174
655 991 776 1037 atque
790 983 957 1024 striculi
958 983 1154 1038 pusionis
1160 1016 1171 1036 ‚
1187 983 1231 1024 id
1240 987 1303 1025 est
1318 984 1554 1040 Ity-striculi.
1570 985 1630 1027 ita
1643 985 1772 1039 vulgo

326 1058 436 1090 stera
464 1061 540 1102 pro
571 1050 764 1104 hystera.
787 1048 831 1089 in
862 1047 1077 1090 Iuvenalis
1108 1063 1178 1104 vn,
1196 1050 1276 1092 231
1298 1050 1552 1092 Pithoeanus
1588 1051 1639 1093 Ut
1667 1051 1775 1108 ἱεραὶ

327 1117 477 1157 storias
496 1147 504 1155 .
526 1115 569 1156 in
591 1115 849 1157 Columellae
868 1115 975 1156 libro
997 1129 1052 1169 xl,
1073 1115 1107 1170 1,
1123 1116 1149 1158 5
1171 1120 1212 1158 et
1235 1116 1311 1170 15,
1333 1116 1432 1158 item
1461 1116 1503 1158 in
1533 1131 1605 1172 ΧΗ,
1623 1117 1661 1172 2,
1679 1119 1704 1160 6
1734 1122 1776 1160 et

327 1182 365 1235 3,
382 1182 409 1224 5
427 1182 701 1224 Schomachus
722 1181 812 1223 sive
828 1182 1074 1225 Scomachus
1093 1196 1170 1237 pro
1186 1183 1446 1225 Ischomacho
1464 1216 1472 1224 .
1494 1184 1621 1226 multo
1638 1185 1774 1227 minus

328 1249 617 1302 frequentatur
638 1265 658 1290 e
678 1252 778 1290 ante
798 1265 818 1290 s
837 1248 1045 1303 impurum
1063 1281 1072 1291 .
1099 1251 1298 1305 espatium
1320 1250 1361 1291 in
1383 1262 1557 1304 corpore
1577 1252 1775 1304 gromati-

326 1329 464 1357 eorum
484 1329 524 1369 p.
541 1315 636 1369 402,
655 1315 681 1356 2
698 1347 706 1356 .
729 1315 843 1370 apud
864 1316 1046 1357 Nonium
1069 1330 1108 1371 p.
1125 1316 1215 1370 169,
1234 1317 1259 1358 8
1280 1326 1486 1372 escrapte,
1509 1317 1653 1359 estecid
1670 1318 1774 1372 367,

326 1383 393 1436 29,
408 1383 456 1424 17
471 1415 480 1436 ,
499 1391 682 1438 esoeptra
696 1382 791 1433 481,
806 1382 857 1424 27
873 1415 883 1438 ,
900 1383 1115 1426 Essenona
1130 1384 1196 1437 99,
1209 1383 1260 1425 31
1273 1415 1282 1425 .
1300 1383 1411 1438 quod
1423 1384 1603 1426 Eaeerses
1619 1383 1663 1426 in
1673 1384 1775 1426 Var-

327 1451 441 1491 ronis
463 1449 516 1490 de
536 1450 683 1502 lingua
705 1449 857 1491 Latina
877 1463 937 1490 vn
955 1464 997 1505 p.
1014 1451 1094 1492 307
1114 1482 1123 1490 .
1145 1451 1474 1507 exerampelinas
1493 1450 1535 1491 in
1557 1450 1686 1493 schol.
1708 1451 1774 1492 Iu-

327 1517 490 1559 venalis
506 1531 560 1570 vi,
573 1517 656 1559 519
673 1547 681 1556 .
702 1525 915 1573 expectare
931 1530 1007 1571 pro
1023 1526 1206 1572 spectare
1222 1517 1623 1572 frequentissimum,
1641 1517 1777 1560 rarius

327 1585 671 1639 speryisceretur,
694 1583 807 1637 quod
828 1583 953 1625 habet
974 1584 1136 1626 Nonius
1157 1598 1198 1638 p.
1214 1584 1310 1639 473,
1329 1584 1381 1638 3,
1405 1589 1446 1626 et
1465 1585 1604 1626 scuria
1623 1597 1664 1638 p.
1684 1584 1775 1639 108,

327 1650 380 1691 28
400 1683 408 1690 .
430 1651 703 1692 scrucz'atibus
731 1662 808 1704 pro
840 1666 890 1692 em
919 1651 1169 1692 cruciatibus
1198 1650 1243 1691 in
1272 1650 1447 1692 Arnobii
1475 1664 1506 1690 11
1526 1663 1567 1704 p.
1583 1651 1634 1692 77
1655 1682 1665 1692 .

438 1716 532 1758 284.
566 1716 816 1758 commeo
847 1731 874 1757 A
903 1730 1045 1757 rioms
1075 1731 1121 1757 ΙΝ
1150 1731 1248 1758 EUM
1283 1731 1377 1763 Qui:
1407 1731 1596 1758 FERTUR
1623 1731 1775 1758 IMAGO

328 1787 582 1827 szvmur
600 1817 609 1825 .
627 1783 914 1826 Wakefieldus
931 1816 940 1838 ,
957 1784 1197 1826 Latinitatis
1213 1788 1356 1826 auctor
1372 1784 1568 1826 mirificus
1585 1816 1594 1838 ‚
1611 1779 1784 1828 veteres

327 1854 372 1894 iu
408 1868 498 1894 eum
537 1851 696 1893 dixisse
717 1883 726 1905 ‚
757 1863 849 1892 cum
884 1855 1077 1893 neutrum
1113 1864 1245 1904 genus
1281 1851 1603 1905 significandum
1639 1855 1774 1905 esset,

327 1919 589 1974 suspicatur,
611 1918 740 1972 idque
770 1917 1001 1971 Forbigero
1021 1949 1030 1971 ,
1051 1917 1208 1959 homini
1238 1918 1408 1960 minime
1438 1917 1672 1972 suspicaci,
1693 1931 1777 1960 non

327 1985 610 2041 improbabile
640 1984 806 2027 videtur
823 2017 833 2027 .
854 1983 984 2026 nihilo
1006 1984 1143 2026 minus
1163 1984 1242 2026 hoc
1267 1985 1440 2038 egregio
1461 1985 1636 2028 artificio
1665 1985 1778 2027 infra

329 2054 372 2095 in
402 2053 509 2094 libro
539 2067 595 2107 v1,
617 2052 725 2094 1064
754 2052 811 2094 uti
833 2051 1161 2093 obliviscuntur.
1183 2051 1225 2092 ni
1247 2051 1393 2093 mirum
1420 2052 1562 2094 multis
1581 2055 1679 2108 post
1697 2052 1776 2094 Lu-

328 2121 501 2162 cretium
541 2119 719 2161 saeculis
756 2118 836 2160 hoc
864 2130 1097 2173 pronomen
1133 2117 1316 2160 faciebat
1352 2119 1562 2174 aliquibus
1597 2118 1777 2161 dubieta-

328 2197 405 2230 tem
420 2219 431 2240 ‚
453 2191 497 2228 ut
528 2186 630 2228 dicit
659 2186 887 2227 Palaemon
927 2184 1225 2238 grammaticus
1261 2199 1302 2240 p.
1329 2186 1433 2228 1378
1450 2218 1460 2241 ,
1477 2186 1704 2241 praecipue
1732 2186 1777 2227 in

327 2254 562 2296 accusativo
593 2268 720 2306 casu,
742 2256 783 2294 et
809 2251 1069 2305 Augustinus
1099 2265 1138 2306 p.
1163 2252 1270 2294 1995
1300 2252 1483 2294 Putsohii
1513 2252 1676 2294 curiose
1706 2251 1776 2294 do-

328 2325 393 2363 cet
422 2334 507 2362 non
538 2333 630 2362 esse
651 2319 872 2362 dicendum
899 2335 977 2374 per
998 2335 1087 2360 eum
1116 2319 1194 2360 iter
1211 2349 1220 2360 .
1243 2319 1473 2360 Lambinus
1503 2320 1547 2360 in
1575 2319 1625 2361 id
1651 2319 1748 2361 haec
1765 2350 1774 2360 .

327 2388 491 2430 adeone
521 2386 695 2429 difficile
734 2386 810 2428 fuit
839 2399 1020 2426 mmmm
1055 2385 1275 2427 scribere?
1295 2386 1376 2427 hoc
1412 2385 1646 2428 sententiae
1680 2398 1776 2428 con-

326 2455 468 2509 venit,
491 2458 533 2496 et
556 2454 775 2510 pervenire
805 2452 997 2495 absolute
1017 2452 1200 2507 positum
1230 2451 1286 2494 ad
1315 2451 1467 2494 librum
1498 2466 1554 2503 v1,
1571 2452 1654 2494 324
1682 2452 1775 2494 illu-

326 2522 551 2564 strabimus
569 2553 578 2562 .

438 2589 532 2630 288.
563 2588 780 2628 D1srAm:
810 2600 870 2627 Av
900 2599 1143 2628 srncnno.
1166 2586 1385 2628 Corrector
1405 2585 1577 2640 oblongi
1607 2589 1647 2628 et
1676 2598 1776 2640 qua-

331 2655 476 2697 dratus
498 2671 525 2696 a
543 2655 731 2710 speculo.
753 2654 828 2696 sed
850 2658 1037 2709 praestat
1057 2654 1177 2708 sequi
1193 2667 1361 2696 manum
1382 2653 1560 2708 primam
1581 2653 1775 2707 oblongi:

326 2716 512 2764 videnda
542 2725 638 2763 sunt
668 2734 777 2774 quae
807 2722 986 2764 observo
1018 2721 1074 2763 ad
1104 2735 1159 2776 v1,
1179 2721 1257 2763 105
1275 2721 1356 2763 925
1374 2752 1383 2761 .

438 2789 532 2831 323.
564 2788 757 2830 szvm
786 2803 842 2829 ET
863 2803 909 2829 LI
921 2802 1011 2829 sAM
1029 2819 1039 2830 .
1061 2788 1110 2829 In
1140 2787 1347 2842 quadrato
1369 2790 1599 2829 correctum
1620 2794 1656 2828 et
1674 2799 1775 2826 ELI-

328 2869 443 2909 εΑΜ,
466 2869 602 2910 neque
632 2856 752 2898 aliter
779 2855 984 2898 Antonius
1014 2855 1136 2897 Marii
1165 2858 1207 2896 et
1236 2853 1490 2896 Veronensis
1520 2853 1648 2896 editio
1667 2884 1676 2894 .
1698 2852 1773 2894 sed

325 2935 434 2963 unus
465 2935 515 2964 ex
545 2922 848 2964 correctoribus
887 2921 1080 2976 quadrati
1122 2921 1163 2963 in
1199 2921 1278 2963 hoc
1312 2921 1403 2962 loco
1435 2918 1772 2975 ingeniosissime
