2040 3328
930 270 951 312 I
1632 272 1681 313 17

204 385 401 442 Zeqitzmis
409 417 419 438 ‚
437 400 464 426 a
479 392 635 426 natura
652 400 811 426 arcana
829 383 1016 440 quadam
1031 385 1193 426 ratione
1211 383 1428 439 dispositis
1443 400 1458 437 ;
1473 393 1519 425 ut
1535 393 1686 426 tractat

200 453 423 495 Lucretius
435 485 447 506 7
465 452 542 508 qui
550 451 652 494 dicit
662 453 864 494 rationem
877 453 985 494 hane
1002 468 1054 495 ex
1065 452 1246 494 aetherio
1259 451 1397 493 calore
1409 450 1657 494 descendere
1671 484 1680 494 .

317 521 396 562 11.
425 520 494 561 ΕΤ
515 534 776 561 RESERATA
798 534 948 561 vro-ET
971 534 1293 562 GEN1TABILIS
1315 533 1444 561 AURA
1468 533 1656 561 FAVONI
1674 553 1684 563 .

199 589 322 631 Hunc
357 601 527 631 versum
563 588 715 630 litteris
755 588 995 632 uncialibus
1036 589 1239 644 scriptum
1277 587 1491 641 oblongus
1527 588 1682 642 habet,

201 656 279 698 sed
309 659 575 711 atrament03
612 670 783 699 versum
815 670 990 699 numero
1022 657 1134 711 411,
1167 657 1260 698 Hoc
1292 656 1392 709 tibi,
1425 656 1579 699 litteris
1610 670 1685 699 un-

201 723 382 766 cialibus
411 724 583 766 rubrica
620 724 747 779 pictis
770 757 778 765 .
804 726 1050 781 9871ιίαόίίεέ
1086 729 1229 766 autem
1272 727 1441 766 veteres
1479 725 1686 768 membra—

201 805 310 848 nae,
343 792 558 835 Antonius
589 793 742 846 Marii,
776 792 1012 835 Brixiensis
1044 792 1198 847 editio,
1232 792 1439 834 Marullus
1459 808 1467 834 :
1487 794 1688 848 qenitalis

201 860 463 902 Veronensis
506 860 637 903 editio
678 865 720 903 et
758 862 924 904 Veneta
954 893 963 902 .
994 861 1074 903 hoc
1119 859 1380 916 typographi
1427 861 1688 904 Veronensis

202 932 424 984 peccatum
455 928 752 971 Wakefieldus
783 943 876 972 cum
908 930 952 971 in
983 929 1208 971 Vossianis
1241 942 1336 971 esse
1368 928 1497 983 dicit,
1527 930 1687 972 Havet-

203 997 344 1052 campi
374 996 546 1039 silentio
577 1010 663 1038 11011
693 1002 807 1040 recte
838 997 1054 1040 intellecto
1092 997 1255 1039 fallitur
1283 1001 1329 1038 ut
1358 996 1512 1038 homo:
1541 998 1687 1040 Forbi—

202 1065 296 1120 geri
315 1064 617 1118 neglegentiae
637 1066 766 1108 venia
788 1065 934 1108 danda
955 1078 1040 1107 11011
1063 1070 1153 1120 est,
1184 1065 1256 1119 qui
1290 1078 1384 1107 cum
1416 1078 1494 1107 sua
1526 1079 1578 1108 ex
1609 1067 1686 1108 ali-

205 1147 327 1176 orum
342 1133 462 1176 libris
479 1133 696 1176 exscribat
713 1167 721 1189 ,
746 1133 931 1176 debebat
951 1134 1062 1176 scire
1078 1133 1194 1175 unde
1214 1137 1357 1176 essent
1373 1134 1658 1176 exscribenda
1677 1167 1685 1175 .

203 1201 281 1245 sed
311 1202 385 1244 ille
415 1202 496 1243 1100
522 1202 682 1256 agebat
702 1206 748 1244 ut
770 1202 932 1244 Gifanii
954 1206 996 1245 et
1016 1202 1250 1245 Abrahami
1273 1202 1466 1256 Preigeri
1490 1204 1687 1258 exemplo

202 1283 351 1313 versus
372 1269 675 1311 immodulatos
698 1269 794 1312 huic
815 1274 969 1325 poetae
991 1269 1230 1323 adtingeret
1248 1302 1257 1312 .
1280 1270 1417 1312 Ennio
1450 1270 1560 1311 enim
1593 1284 1688 1313 cum

203 1346 219 1379 t
246 1337 388 1380 littera
418 1341 594 1392 propter
633 1337 833 1380 duritiem
872 1338 916 1379 in
955 1337 1037 1379 fine
1068 1337 1376 1380 vocabulorum
1406 1338 1583 1392 ancipiti
1615 1352 1687 1380 na-

203 1410 299 1448 tura
319 1418 414 1448 esse
436 1405 655 1447 videretur
677 1405 866 1460 (dicebat
888 1406 999 1448 enim
1017 1439 1026 1460 ,
1049 1411 1152 1461 puto
1171 1439 1180 1461 ,
1204 1405 1319 1462 quod
1338 1405 1387 1447 id
1405 1406 1523 1447 haud
1540 1406 1585 1447 in
1606 1406 1689 1449 fine

204 1487 310 1518 sono
331 1473 601 1528 lenissimo),
632 1473 730 1515 huic
759 1487 863 1517 sane
885 1474 1005 1516 licuit
1026 1474 1132 1516 haec
1154 1473 1366 1529 sci-ibere,
1389 1474 1489 1530 Iofit
1509 1489 1531 1515 0
1553 1475 1687 1529 cives,

198 1527 295 1598 u7er
311 1551 415 1586 esset
429 1542 706 1598 induperator
721 1559 944 1596 „rumores
952 1543 1136 1599 ponebat
1151 1551 1246 1584 ante
1267 1542 1443 1584 salutem
1461 1558 1473 1583 .·
1494 1542 1572 1584 sed
1593 1549 1691 1598 post

203 1611 386 1654 Ennium
418 1623 558 1665 neque
590 1610 738 1653 Cicero
770 1611 813 1652 in
844 1623 994 1653 versus
1026 1611 1214 1665 speciem
1245 1609 1420 1664 incidit,
1454 1623 1549 1652 cum
1582 1611 1691 1653 dixit

203 1681 248 1722 in
269 1679 508 1722 Miloniana
527 1678 584 1722 54
605 1687 740 1721 tamen
762 1688 988 1736 appareret
1008 1688 1099 1722 uter
1130 1687 1233 1722 esset
1262 1678 1491 1721 insidiator
1506 1712 1517 1732 ,
1550 1692 1690 1733 neque

203 1752 359 1804 poetae
388 1747 474 1790 illis
504 1747 664 1789 similia
692 1752 764 1789 aut
795 1747 839 1789 in
862 1756 876 1789 t
896 1748 1040 1790 littera
1069 1752 1143 1790 aut
1173 1747 1218 1788 in
1251 1747 1403 1789 ceteris
1435 1748 1530 1790 ausi
1563 1753 1690 1790 sunt.

205 1816 322 1872 apud
343 1816 528 1858 Nonium
549 1817 591 1870 pss
611 1815 723 1870 449,
746 1815 798 1857 31
822 1815 976 1857 Lucilii
1008 1829 1157 1858 versus
1189 1815 1249 1856 ita
1280 1815 1462 1870 scriptus
1495 1820 1585 1869 est,
1619 1816 1690 1858 In-

205 1892 392 1938 tereunt,
422 1883 619 1926 labuntur
633 1917 644 1938 7
674 1893 823 1926 euutur
845 1885 986 1926 omnia
1005 1901 1172 1927 vorsum
1190 1901 1204 1939 7·
1234 1883 1308 1925 ubi
1331 1883 1556 1926 verissime
1579 1883 1692 1926 docti

205 1961 302 1996 eunt
319 1968 491 1994 rursum
512 1953 653 1994 omnia
669 1968 835 1994 vorsum
853 1984 862 1993 .
881 1952 925 1993 in
943 1952 1111 1994 Horatii
1129 1952 1366 1994 carminum
1382 1966 1443 2004 111,
1461 1951 1500 2005 5,
1523 1952 1571 1993 17
1590 1951 1692 1993 mihi

206 2020 378 2064 videtur
398 2020 670 2062 scribendum
696 2033 791 2063 esse
811 2020 863 2062 Si
880 2036 962 2062 nou
973 2021 1144 2076 perires
1161 2020 1464 2062 inmiserabilis
1479 2052 1490 2073 7
1515 2019 1693 2075 Captiva

202 2089 334 2145 pubes
349 2121 360 2142 ‚
383 2101 469 2130 non
485 2089 646 2144 periret
663 2104 676 2129 .·
698 2087 778 2130 hoc
799 2088 913 2130 enim
934 2088 1120 2130 vocativi
1138 2101 1273 2141 genus
1291 2087 1431 2143 poetis
1454 2099 1586 2142 saepe
1608 2101 1693 2130 res-

207 2155 444 2198 tituendum
477 2160 568 2211 est,
601 2159 647 2197 ut
679 2155 840 2198 Sereno
873 2157 1099 2199 Samonico
1118 2156 1230 2211 533,
1265 2155 1467 2212 Quodque
1499 2158 1582 2198 tuis
1611 2173 1692 2200 me-

207 2225 292 2267 lius
312 2225 448 2267 verbis
470 2225 655 2267 dicemus
670 2257 681 2278 ,
711 2225 896 2278 Horati,
925 2225 998 2267 ubi
1031 2225 1161 2278 vulgo
1183 2224 1341 2278 legitur
1364 2224 1567 2280 Quodque
1589 2227 1693 2268 satis

206 2293 356 2335 melius
373 2325 382 2334 .
405 2293 627 2335 Lucretius
649 2306 752 2336 vero
775 2306 914 2347 neque
935 2293 1053 2335 illam
1075 2292 1202 2334 Ennii
1226 2305 1365 2346 neque
1399 2292 1529 2334 aliam
1561 2293 1693 2335 ullam

207 2360 252 2402 in
273 2360 470 2404 versibus
492 2360 707 2415 fingendis
730 2362 947 2404 licentiam
970 2361 1169 2415 admisit,
1192 2361 1270 2403 sed
1289 2393 1298 2415 ,
1333 2360 1447 2414 quod
1470 2364 1693 2415 poetarum

209 2428 373 2470 saeculi
394 2429 449 2470 ab
471 2429 575 2472 urbe
597 2429 770 2472 condita
791 2430 960 2484 septimi
980 2430 1201 2486 proprium
1225 2433 1313 2484 est,
1346 2429 1490 2470 omnia
1520 2429 1577 2472 ad
1608 2443 1694 2472 cer-

207 2500 279 2538 tae
309 2497 487 2551 regulae
518 2499 663 2552 exegit
693 2499 992 2552 severitatem,
1031 2511 1058 2540 a
1094 2511 1179 2552 qua
1217 2498 1380 2553 primus
1411 2497 1561 2554 Maro,
1601 2513 1693 2542 cum

209 2564 399 2608 studeret
429 2566 673 2620 elegantiae
704 2571 745 2608 et
775 2566 1080 2621 concinnitati,
1119 2567 1297 2622 paulum
1328 2566 1493 2609 remisit
1515 2600 1524 2609 .
1564 2581 1693 2621 quam

211 2633 264 2675 ob
294 2646 383 2676 rem
410 2647 576 2676 summa
601 2647 739 2689 nuper
760 2634 858 2676 huic
879 2638 1034 2688 poe’tae
1055 2648 1081 2676 a
1101 2635 1330 2677 Theodoro
1352 2634 1542 2688 Bergkio
1562 2668 1570 2689 ,
1602 2637 1694 2678 viro

211 2700 455 2743 doctissimo
473 2734 483 2757 ,
506 2702 622 2744 facta
643 2702 802 2744 iniuria
822 2706 914 2756 est,
937 2715 1030 2744 cum
1053 2715 1148 2744 eum
1170 2707 1391 2756 tamquam
1412 2703 1597 2745 Ennium
1620 2704 1695 2745 ali-

211 2780 337 2821 quem
357 2770 524 2825 1119οηίο
545 2771 778 2813 maoeimum
793 2803 804 2824 ,
833 2779 922 2812 arte
943 2770 1091 2813 rudem
1113 2770 1247 2813 fuisse
1270 2770 1378 2812 dixit
1397 2803 1405 2810 .
1435 2769 1515 2813 hoc
1536 2784 1591 2813 ne
1612 2772 1696 2814 Ho-

211 2835 346 2878 ratius
367 2837 539 2890 quidem
560 2842 634 2880 aut
655 2837 834 2880 Ovidius
852 2871 862 2893 ,
885 2839 1082 2892 quamvis
1104 2839 1223 2880 illam
1255 2837 1422 2880 dulcem
1453 2842 1495 2879 et
1516 2851 1696 2893 gravem

213 2915 309 2945 cum
342 2909 491 2956 ornatu
524 2906 648 2959 quasi
679 2906 866 2948 oratorio
899 2906 1215 2960 simplicitatem
1248 2910 1608 2962 aspernarentur,
1632 2908 1694 2950 di-

214 2985 311 3015 cere
348 2986 550 3027 umquam
593 2973 687 3016 ausi
725 2979 848 3015 sunt:
890 2973 1182 3025 Quintilianus
1222 2986 1393 3028 quoque
1425 2974 1667 3018 Lucretium
1685 3010 1695 3031 ,

215 3041 413 3094 quamvis
436 3040 651 3097 dfffieilem
683 3040 768 3095 (ad
790 3041 1154 3095 intellegendum,
1178 3046 1307 3097 puto,
1339 3055 1490 3096 parum
1524 3045 1696 3087 attentis
