2040 3328
958 206 979 249 I
1652 213 1705 255 71

226 333 280 364 ea
299 321 397 378 ipsa
418 333 602 377 corpora
621 326 719 364 sunt
741 335 851 376 quae
872 322 1096 366 Lucretius
1116 323 1160 365 in
1182 337 1227 375 11,
1251 323 1333 366 235
1350 324 1607 380 ponderibus
1626 342 1709 369 non

225 391 373 447 aequis
404 389 505 432 ferri
537 389 673 432 dixit.

341 458 463 501 1076.
497 472 594 504 QUA
617 473 822 505 CUMQUE
842 473 1037 501 rnnun'r
1059 490 1069 500 .
1093 459 1164 502 Sic
1186 459 1420 514 oblongus:
1441 474 1708 506 FERUNTUR

223 525 460 582 quadratus
482 562 491 571 .
513 527 614 569 Itali
632 527 791 584 feru-nt
819 544 888 570 se.

340 594 464 638 1077.
497 609 593 641 Quo
626 609 861 637 conrorm
891 610 989 638 com
1018 610 1185 638 vmmn
1217 630 1225 639 .
1258 596 1480 652 Oblongus
1511 598 1598 655 sic,
1630 600 1707 643 sed

222 667 322 707 ante
361 676 489 719 quam
521 662 746 708 raderetur
776 666 1035 707 comveneri:
1074 665 1309 720 quadratus
1340 668 1530 721 cavem‘r,
1568 666 1611 710 id
1643 673 1708 711 est

221 748 309 775 com
331 734 527 775 venirunt
543 764 552 774 .
575 731 762 775 schedae
783 734 1011 775 eomvenirt
1033 765 1042 774 .
1066 733 1191 775 huius
1213 746 1382 788 quoque
1409 739 1451 777 et
1475 735 1706 791 superioris

221 813 371 843 versus
403 804 595 844 extrema
627 801 813 844 rescissa
851 801 986 843 fuisse
1015 805 1228 856 apparet.
1260 818 1406 845 venere
1436 803 1706 847 scribendum

221 869 277 930 eit
306 881 362 911 an
395 879 623 924 venerum,
645 870 850 912 incertum
882 882 977 912 esse
1009 869 1175 912 ostendi
1208 869 1263 912 ad
1294 883 1463 913 versum
1483 871 1595 914 467.
1618 888 1705 915 com

221 937 374 980 iterum
400 936 530 981 habet
551 938 764 993 oblongus
786 938 829 979 in
858 952 903 989 11,
922 938 1031 994 194,
1064 937 1296 992 quadratus
1328 939 1373 981 in
1402 953 1460 990 ιν,
1477 939 1559 983 575
1591 943 1632 982 et
1661 940 1704 982 in

218 998 394 1062 v,399‚
426 1005 539 1048 idem
572 1022 660 1049 com
686 1007 844 1063 primis
874 1006 918 1048 in
950 1020 1007 1060 VI,
1029 1005 1112 1049 225
1134 1010 1176 1048 et
1206 1006 1249 1048 in
1275 1021 1319 1061 11,
1338 1006 1418 1050 166
1440 1007 1706 1064 co‘paratz'one

224 1089 302 1131 pro
326 1091 420 1118 cum
439 1076 604 1118 ratione
621 1108 630 1117 .
653 1091 776 1132 quom
798 1078 950 1130 quater
971 1078 1138 1118 veteres
1161 1087 1371 1117 consensu
1389 1108 1398 1131 ,
1420 1090 1476 1131 1v,
1493 1075 1577 1118 586
1598 1076 1707 1119 1204

224 1143 334 1187 1208
357 1142 612 1199 (quadratus
630 1145 775 1200 quoin)
800 1158 838 1198 v,
861 1143 970 1187 1082
992 1142 1245 1198 (quadratus
1266 1143 1434 1200 quoin):
1456 1144 1500 1186 in
1513 1158 1570 1199 Ν,
1598 1145 1702 1187 1097

220 1228 343 1270 quom
362 1213 500 1269 querit
513 1211 726 1266 oblongus
739 1225 867 1255 manu
877 1211 1039 1268 prima,
1058 1211 1130 1254 ubi
1144 1211 1380 1266 quadratus
1391 1228 1517 1268 quum
1530 1245 1540 1255 .
1557 1213 1703 1255 oblon-

220 1294 302 1337 gus
319 1281 363 1323 in
379 1294 435 1336 1v,
453 1280 536 1324 265
554 1297 630 1323 con
646 1280 860 1323 tundimus
876 1315 885 1335 ,
905 1280 1141 1335 quadratus
1157 1296 1271 1322 curn:
1287 1280 1331 1321 in
1346 1294 1402 1331 w,
1419 1280 1504 1323 594
1520 1280 1702 1335 quadra-

217 1354 286 1393 tus
302 1366 378 1393 con
395 1350 526 1404 venit,
545 1348 756 1403 oblongus
773 1365 886 1391 cum.
906 1361 928 1391 e
943 1349 1108 1391 Lucilio
1127 1349 1293 1391 Nonius
1309 1362 1350 1404 p.
1360 1349 1413 1391 37
1416 1349 1461 1403 O,
1474 1349 1524 1392 18
1548 1350 1708 1401 Quanti

217 1434 291 1462 vos
299 1419 478 1476 faciant
506 1418 636 1472 socii,
669 1433 756 1460 com
783 1433 959 1474 parcere
979 1418 1150 1474 possint
1170 1450 1179 1459 .
1212 1430 1236 1459 e
1258 1417 1462 1460 Cicerone
1485 1417 1702 1464 Charisius

217 1501 258 1543 p.
280 1487 359 1531 191
383 1502 505 1544 quem
535 1501 624 1528 com
654 1502 682 1528 a
711 1501 758 1528 re
779 1486 1007 1542 familiari
1032 1494 1079 1527 ut
1109 1484 1378 1541 desipientem
1408 1487 1675 1529 removissent
1690 1519 1700 1529 .

337 1555 460 1598 1078.
495 1568 652 1596 STARE
683 1568 822 1595 INANI
847 1586 856 1595 .
889 1554 1096 1596 Marullus
1127 1568 1177 1594 IN
1206 1554 1356 1598 ἰ’παηί.

337 1623 460 1666 1081.
495 1623 619 1667 1082.
651 1636 834 1663 TENERI
853 1622 952 1664 RES
973 1637 1021 1663 IN
1043 1636 1503 1679 CONCILIUM,MED11
1523 1637 1700 1665 CUPPE—

219 1707 343 1734 DINE
363 1706 546 1734 VICTAE
570 1723 580 1734 .
606 1691 735 1734 Libro
751 1706 796 1747 11,
813 1691 898 1734 563
924 1691 1166 1749 Numquam
1182 1692 1228 1733 in
1245 1692 1466 1734 concilium
1482 1693 1702 1748 utpossz'nt

217 1761 432 1818 compulsa
449 1762 559 1804 coire
577 1793 586 1802 .
608 1760 690 1814 ita,
715 1760 930 1816 compulsa
951 1762 1081 1816 coire,
1103 1773 1190 1802 non
1212 1761 1360 1815 teneri,
1385 1761 1431 1802 in
1453 1761 1672 1802 concilium
1690 1791 1699 1801 .

218 1829 594 1885 grammaticorum
625 1833 739 1871 artes
770 1841 879 1884 pura
908 1827 1033 1870 huius
1063 1831 1216 1883 poetae
1248 1828 1383 1870 oratio
1405 1841 1490 1870 non
1521 1828 1699 1883 recipit.

219 1898 426 1942 Marullus
456 1899 503 1941 in
533 1898 737 1940 concilio:
759 1896 836 1939 sed
856 1900 1050 1952 praestat
1070 1895 1256 1939 scribere
1277 1898 1322 1938 in
1343 1897 1566 1939 concilium
1587 1909 1699 1936 vrc-

220 1980 316 2008 TAE
339 1999 348 2008 .
370 1966 433 2008 ita
462 1974 654 2009 convecta
683 1979 728 2016 11,
753 1965 831 2008 101
856 1968 897 2007 et
921 1964 1027 2007 1061
1058 1978 1098 2018 V,
1119 1963 1216 2007 429.

334 2034 457 2078 1091.
496 2034 640 2086 QUOD
680 2047 842 2074 CALOR
877 2046 904 2073 A
939 2045 1103 2073 MEDIO
1142 2046 1353 2073 FUGIENS
1397 2046 1496 2073 snn
1532 2045 1699 2072 conm-

217 2117 310 2145 GAT
333 2116 479 2144 omns
504 2135 513 2144 .
536 2101 800 2144 Laudandus
821 2099 1143 2156 Wakefieldus,
1166 2100 1280 2155 quod
1301 2099 1409 2143 vidit
1430 2099 1554 2142 scribi
1572 2111 1699 2155 posse

220 2186 274 2214 sn
301 2186 372 2212 1131
398 2171 609 2228 conlzjqat,
632 2170 708 2213 sed
730 2170 844 2212 idem
865 2167 1271 2224 reprehendendus,
1301 2167 1416 2224 quod
1437 2169 1501 2210 ibi
1517 2168 1702 2223 conlzyat

215 2239 368 2283 eodem
398 2240 492 2282 iure
523 2239 608 2282 dici
638 2239 806 2296 putavit
824 2271 833 2280 .
851 2237 906 2280 de
927 2236 1104 2279 elisione
1125 2236 1282 2291 longae
1303 2236 1699 2292 monosyllaborum

215 2308 380 2353 vocalis
402 2308 447 2351 in
468 2308 588 2351 brevi
616 2308 787 2364 syllaba
806 2306 1029 2363 praeclare
1050 2305 1286 2361 disputavit
1306 2305 1536 2346 Mauricius
1557 2304 1699 2358 Haup-

214 2378 297 2420 tius
337 2377 382 2420 in
425 2376 801 2420 observationibus
835 2375 992 2418 criticis
1010 2408 1019 2427 ,
1057 2374 1128 2416 ubi
1159 2387 1200 2429 p.
1227 2373 1277 2415 17
1309 2373 1416 2415 haec
1445 2371 1701 2414 Lucretiana

216 2446 417 2502 exempla
450 2445 743 2500 enumeravit,
775 2445 863 2487 Nec
883 2460 946 2486 me
967 2444 1126 2497 am'mz',
1160 2441 1283 2494 Quod
1311 2451 1347 2484 te
1367 2441 1557 2494 imitari,
1580 2439 1702 2491 Quod

213 2515 256 2556 si
281 2515 328 2556 ’ἰπ
366 2530 410 2557 eo
425 2547 437 2568 ,
475 2515 672 2571 quoniam
713 2523 756 2556 tu
795 2514 968 2556 animo·-
1007 2514 1198 2553 nostrum
1235 2509 1373 2552 lenius
1409 2512 1474 2551 est
1504 2521 1554 2550 eo
1586 2506 1700 2562 quod

214 2585 478 2637 postremum
507 2583 661 2638 posui.
685 2580 890 2625 addenda
922 2584 1020 2623 sunt
1048 2595 1154 2636 quae
1181 2578 1431 2635 aliequem's
1451 2591 1478 2632 1,
1509 2576 1614 2631 874,
1645 2576 1700 2618 In

215 2664 259 2691 se
288 2651 474 2692 animam
501 2665 562 2706 111,
584 2650 698 2706 574,
733 2651 818 2693 loci
841 2650 888 2692 vi
913 2650 1008 2691 ibus
1037 2662 1094 2702 v1,
1118 2647 1200 2691 755
1218 2679 1226 2688 .

332 2717 454 2759 1093.
487 2719 666 2775 Possm,
698 2733 799 2759 NISI
819 2732 845 2759 A
868 2731 1042 2758 'miuus
1074 2729 1334 2757 PAULATIM
1355 2727 1542 2759 CUIQUE
1564 2726 1699 2754 CIBA-

217 2798 321 2826 TUM
339 2816 348 2825 .
371 2784 482 2827 Huie
501 2787 646 2829 versui
668 2787 712 2828 in
735 2785 946 2840 quadrato
970 2784 1120 2828 eadem
1143 2796 1247 2826 crux
1264 2782 1464 2838 apposita
1484 2785 1549 2824 est
1569 2793 1699 2835 quam

215 2866 354 2908 supra
384 2865 479 2896 esse
510 2853 598 2894 dixi
629 2853 686 2895 ad
716 2867 887 2896 versum
911 2854 1018 2897 1067
1044 2885 1054 2896 .
1075 2853 1156 2894 hac
1185 2855 1290 2893 nota
1310 2850 1492 2905 scriptor
1522 2848 1697 2892 scheda-

215 2935 307 2964 rum
339 2920 544 2976 deceptus
577 2926 669 2963 est:
711 2926 826 2964 certe
856 2921 1020 2964 Gudius
1058 2921 1102 2962 in
1139 2920 1192 2962 iis
1228 2919 1339 2962 hunc
1368 2931 1538 2962 versum
1569 2917 1642 2972 qui
1673 2930 1700 2960 a

214 2991 344 3033 Posse
374 2990 523 3046 incipit
552 2993 652 3033 ante
687 2990 793 3033 1067
813 3023 822 3045 ,
861 2990 934 3045 qui
975 2994 1040 3032 est
1076 2988 1278 3031 Dividere
1317 2997 1354 3031 et
1388 2995 1525 3030 noctes
1542 3019 1553 3042 ,
1595 2999 1622 3028 a
1652 2999 1699 3028 se
