2040 3328
928 271 966 313 V
1610 270 1692 314 321

209 401 303 431 cum
324 387 486 430 clarum
507 398 603 429 esse
623 386 716 429 vult
736 385 938 441 ‘undique
961 399 983 428 e
1003 386 1241 441 longinquo
1264 383 1554 440 audz'endum’,
1578 383 1693 427 feras

210 455 438 499 decursum
458 467 626 511 aquae,
650 456 723 512 qui
753 455 828 499 vix
849 454 992 498 audiri
1024 457 1193 510 potest,
1217 454 1379 497 frustra
1399 453 1514 497 clare
1540 452 1695 496 audire

207 525 354 570 iubet.
374 524 508 568 nihilo
540 524 680 567 minus
701 524 770 567 hic
800 524 959 567 factum
981 526 1047 566 est
1075 522 1120 565 id
1151 522 1267 578 quod
1298 523 1481 578 dicitur,
1503 526 1695 565 mutuum

207 594 338 637 muli:
360 606 461 637 nam
482 592 670 637 Orellius
694 592 884 636 editione
909 592 1047 635 altera
1066 591 1235 635 ‘bonam
1258 591 1385 634 Forb.
1408 591 1540 634 coni.’
1564 603 1696 646 quam

208 661 310 706 dicit
329 662 511 718 ‘recepit'
531 695 539 704 .
561 675 642 704 nos
672 666 812 705 autem
843 660 1067 704 videamus
1096 660 1242 716 potius
1262 659 1317 702 de
1344 660 1578 715 analogia.
1600 673 1694 703 ver-

208 731 308 774 bum
338 735 403 774 est
423 730 588 787 antiqui
617 730 722 774 iuris
743 729 905 786 publici
926 729 1140 786 clav-{qam
1156 744 1169 771 .·
1189 727 1235 771 id
1268 728 1343 783 qui
1365 728 1541 784 saepius
1564 728 1694 784 facit,

209 799 518 844 CLAmGrrAr
537 813 547 842 ε
567 812 669 842 nam
705 798 821 854 quod
857 797 957 841 libri
993 797 1128 841 nostri
1166 813 1188 839 c
1224 796 1410 840 litteram
1450 810 1528 852 pro
1563 796 1592 854 9'
1624 810 1695 840 ex-

206 869 358 912 hibent
383 902 393 924 ,
431 870 616 911 attentos
660 867 810 910 horum
855 865 1258 909 commentariorum
1307 865 1490 908 lectores
1536 865 1695 908 morari

207 951 296 981 non
326 936 479 980 debet.
501 936 649 991 itaque
668 936 882 993 clarzjqare
903 939 946 978 et
973 935 1222 992 clar22qz‘tare
1242 938 1331 976 tam
1362 937 1476 977 recte
1498 933 1696 977 dicuntur

209 1019 338 1063 quam
351 1005 805 1064 ‚qnarzjqarepurzjqare
825 1004 906 1060 (sic
918 1003 1055 1047 Varro
1077 1016 1219 1046 rerum
1234 1002 1491 1046 rusticarum
1508 1017 1552 1058 11,
1566 1003 1606 1058 4,
1623 1003 1695 1059 14)

206 1073 664 1132 purqitarefumtjqare
683 1074 893 1130 remiyare
907 1072 1104 1129 mitiqare
1125 1072 1311 1128 Zevzyare
1327 1071 1498 1128 Zitiqare
1518 1072 1695 1128 iurqare

208 1143 466 1199 obiurqitare
481 1143 686 1200 navthare
703 1175 712 1184 .
734 1141 1053 1199 clarzyatzbnem
1069 1144 1210 1183 autem
1231 1153 1371 1183 rerum
1392 1140 1694 1196 repetitionem

208 1224 304 1255 esse
334 1210 439 1254 satis
470 1214 664 1254 constat.
686 1210 832 1265 itaque
852 1210 1022 1264 legatus
1055 1222 1150 1252 cum
1171 1208 1424 1263 clarigatum
1452 1206 1592 1264 capite
1622 1223 1695 1253 ve-

207 1280 296 1324 lato
326 1278 398 1322 filo
429 1279 702 1334 mittebatur,
724 1278 823 1321 illos
843 1277 1040 1322 homines
1071 1278 1258 1334 illasque
1279 1290 1347 1320 res
1370 1277 1520 1321 dedier
1542 1291 1693 1334 expos-

208 1348 358 1392 cebat.
379 1348 508 1403 item,
532 1346 647 1403 quod
669 1351 734 1390 est
760 1347 876 1403 apud
899 1347 1067 1391 Livium
1088 1348 1133 1390 in
1164 1361 1254 1402 vm,
1276 1346 1355 1401 14,
1379 1346 1587 1390 Veliterni
1610 1361 1695 1403 quo

207 1421 400 1473 tempore
419 1416 525 1459 iussi
555 1419 678 1459 erant
707 1419 826 1458 trans
846 1415 1035 1459 Tiberim
1067 1415 1290 1471 habitare,
1315 1416 1406 1458 eius
1439 1416 1512 1472 qui
1544 1416 1604 1459 cis
1626 1416 1696 1458 Ti-

206 1485 345 1529 berim
379 1484 674 1541 deprehensus
716 1488 759 1528 et
794 1488 944 1540 captus
982 1488 1095 1528 esset
1132 1497 1268 1539 usque
1305 1484 1363 1527 ad
1403 1484 1520 1528 mille
1550 1485 1695 1540 pondo

207 1567 353 1598 assum
383 1556 477 1597 erat
505 1553 758 1608 clarigatio,
779 1552 826 1595 id
857 1557 922 1596 est
947 1553 1171 1609 repetiti03
1194 1553 1310 1608 quod
1341 1566 1416 1596 aes
1446 1554 1610 1597 scilicet
1639 1554 1694 1597 ab

207 1623 304 1680 ipso
334 1622 405 1666 vel
434 1635 462 1665 a
482 1635 528 1665 re
548 1621 722 1678 publica
739 1621 1057 1664 Veliternorum
1084 1622 1350 1665 solveretur.
1373 1622 1429 1664 ad
1453 1622 1534 1665 hoc
1555 1635 1695 1665 exem-

207 1691 327 1748 plum
344 1688 463 1746 (nani
476 1691 692 1747 clarzjqari
702 1690 861 1747 aliquis
876 1694 1039 1746 potest,
1057 1691 1258 1746 quoniam
1271 1691 1456 1734 alicuius
1471 1691 1695 1748 clariyatz'o

209 1761 294 1814 est)
325 1763 454 1816 poeta
484 1758 589 1802 dicit
617 1757 776 1802 flumen
803 1759 919 1802 feras
951 1772 975 1802 e
1005 1759 1249 1814 montibus,
1273 1759 1317 1802 in
1347 1759 1503 1815 quibus
1534 1759 1590 1802 ad
1622 1773 1696 1815 pa-

207 1829 311 1872 bula
339 1827 588 1883 quaerenda
609 1831 849 1882 evagantur
865 1861 876 1883 ,
899 1828 1023 1883 quasi
1044 1828 1290 1886 clarificare
1304 1861 1316 1883 ‚
1339 1828 1421 1871 hoc
1442 1832 1507 1871 est
1526 1841 1696 1883 semper

206 1901 402 1954 repetere
423 1900 464 1940 et
492 1896 774 1952 recolligere,
797 1896 1001 1952 quoniam
1031 1901 1208 1954 propter
1234 1896 1349 1940 sitim
1379 1909 1427 1939 se
1448 1896 1505 1939 ad
1535 1910 1694 1952 aquam

205 1966 399 2024 recipere
428 1970 664 2020 coguntur.

322 2034 420 2078 948.
451 2034 720 2089 szmmz,
755 2047 884 2075 NOTA
929 2047 1076 2075 VAGIS
1105 2067 1114 2090 ,
1153 2048 1450 2076 s1LvEST1uA
1496 2048 1694 2076 TEMPLA

208 2116 465 2146 Tannum
515 2103 838 2146 NYMPHARUM
865 2135 874 2145 .
919 2101 1183 2146 Sententiam
1231 2102 1439 2159 pervertit
1487 2102 1695 2146 Marullus

206 2171 434 2216 scribendo
465 2171 703 2228 noctivayi:
723 2171 804 2214 hoc
834 2175 976 2214 tamen
1007 2171 1079 2214 ille
1109 2171 1380 2215 Wakefieldo
1415 2170 1570 2214 rectius
1600 2184 1694 2214 sen-

206 2242 262 2285 sit
280 2275 290 2297 ,
310 2239 597 2297 nympharum
628 2239 778 2284 domos
800 2240 945 2296 inepte
966 2244 1007 2283 et
1027 2244 1198 2296 praeter
1220 2254 1311 2284 rem
1332 2240 1417 2283 dici
1448 2244 1575 2282 notas
1598 2252 1694 2283 esse

207 2310 348 2354 solere
378 2308 622 2351 hominibus
659 2309 816 2352 circum
846 2309 1136 2364 vagantibuS.
1159 2309 1237 2352 sed
1273 2309 1379 2352 satis
1410 2312 1476 2351 est
1506 2309 1694 2352 scribere

207 2392 358 2432 vac-1,
389 2381 437 2419 ut
466 2376 549 2432 ipsi
578 2376 640 2419 illi
671 2377 796 2433 primi
826 2378 1031 2421 mortales
1061 2377 1329 2421 indicentur,

322 2445 417 2490 949.
451 2459 633 2492 QUIBUS
678 2460 704 2487 Ε
750 2460 955 2488 scmAN'r
991 2459 1159 2488 UMORF:
1199 2458 1426 2487 FLUENTA
1466 2447 1694 2489 LUBRmA

206 2528 494 2557 Pnonuvmn
524 2529 688 2557 LARGA
719 2529 914 2557 LAVERE
936 2529 1098 2557 UMIDA
1130 2527 1259 2556 sAxA
1277 2546 1287 2557 .
1310 2515 1376 2557 Ita
1397 2515 1693 2571 membranae,

209 2584 361 2640 quibus
396 2583 581 2626 escibant
594 2599 609 2638 ,·
629 2583 745 2638 quod
781 2597 875 2627 cum
913 2584 1237 2639 Havercampus
1274 2575 1388 2627 reete
1432 2584 1693 2639 rettulisset,

208 2655 353 2694 tamen
382 2663 507 2694 nemo
537 2651 647 2694 vidit
686 2651 840 2694 litteris
876 2651 1077 2696 diiunctis
1113 2651 1386 2695 scribendum
1417 2665 1513 2695 esse
1544 2652 1696 2708 quibus

209 2733 231 2760 e
266 2717 430 2759 scibant
446 2750 456 2760 .
479 2719 581 2761 olim
615 2719 814 2775 impressi
849 2721 1055 2763 aestibanc
1069 2754 1080 2775 ,
1105 2720 1205 2763 Itali
1247 2721 1417 2763 eoeibant
1430 2753 1442 2774 ,
1464 2718 1696 2762 Wakefiel-

210 2784 290 2828 dus
311 2786 504 2828 excibant
521 2819 531 2828 .
552 2787 630 2830 sed
647 2788 817 2843 fluenta
845 2788 996 2844 putide
1028 2801 1080 2831 ac
1099 2801 1303 2844 perverse
1325 2788 1525 2830 dicuntur
1553 2803 1696 2829 umore

209 2853 374 2896 lubrica
402 2868 415 2894 .·
451 2851 596 2908 itar‘1ue
639 2854 934 2898 Wakefieldus
984 2869 1012 2899 a
1056 2855 1249 2898 Bentleio
1301 2855 1450 2898 debuit
1500 2855 1697 2910 accipere

208 2921 384 2963 uuom’
404 2921 597 2977 fluenta,
620 2935 705 2977 quo
738 2936 785 2966 se
806 2923 932 2966 homo
962 2922 1095 2966 mirus
1116 2923 1222 2965 nihil
1253 2937 1454 2978 umquam
1483 2922 1696 2966 infelicius

208 2989 374 3032 vidisse
403 2993 579 3032 narrat.
602 2989 807 3046 deinceps
844 2989 959 3046 apud
989 2990 1178 3034 Nonium
1212 3005 1254 3047 p.
1273 2991 1371 3047 504,
1390 2993 1416 3034 8
1447 2992 1578 3048 paulo
1609 3005 1696 3035 rec-

208 3057 294 3100 tius
325 3058 528 3112 scriptum
560 3062 678 3101 extat
697 3059 897 3116 proluvie
914 3092 923 3101 .

1337 3129 1390 3171 21
