2040 3328
898 236 940 278 II
1605 238 1655 280 77

178 348 236 390 Et
251 348 331 390 tibi
341 347 564 389 Maeonias
580 348 689 390 inter
705 348 900 391 heroidas
916 351 1062 403 omnis,
1081 349 1210 391 Nulli
1221 349 1426 406 curafuz't
1443 348 1447 406 Ι
1468 359 1659 392 externos

181 430 383 472 quaerere
404 414 522 457 divos
538 448 547 457 .
572 415 775 459 Horatius
802 415 955 460 iisdem
989 416 1311 460 condicionibus
1339 418 1457 460 nulla
1478 418 1559 460 nisi
1580 418 1624 460 in
1647 427 1662 460 t

179 483 366 526 litteram
397 484 627 540 exeuntia,
662 485 796 537 Quam
826 486 868 528 sz'
895 485 1110 542 quidquid
1137 484 1254 542 arat}
1275 486 1444 542 inpiyer
1465 485 1659 543 Apulus,

179 551 384 608 Pero-apic
404 551 641 595 Acheronta
657 586 667 607 7
691 553 854 610 Sz'flyz‘t
873 553 1168 596 adamantinos
1184 587 1195 608 7
1224 553 1421 597 Callidus
1440 563 1485 596 ut
1506 555 1635 597 soleat
1653 552 1658 610 Ι

179 620 337 662 umeris
352 653 363 674 ‚
386 621 602 663 Eaeelusus
619 622 698 678 qui
708 621 838 664 distat
852 655 862 676 ‚
885 623 974 678 ayit
993 619 997 678 Ι
1016 623 1237 664 ubiseoum
1255 631 1320 664 eat
1336 638 1391 664 an
1408 638 1491 665 non
1512 655 1521 664 .
1544 635 1660 666 acce-

181 686 245 730 dit
275 687 390 742 quod
421 687 490 731 hic
521 689 563 731 in
595 689 820 745 epistulis,
852 690 954 732 item
985 690 1030 732 in
1052 693 1143 732 arte
1163 690 1333 745 poetica
1363 693 1404 732 et
1433 690 1477 732 in
1507 695 1660 745 quarto

181 756 418 798 carminum
448 757 585 812 libro,
608 770 777 801 omnem
799 758 910 800 hanc
931 757 1146 801 licentiam
1168 757 1311 800 omisit
1329 789 1338 800 .
1362 758 1439 800 sed.
1460 771 1514 800 ne
1534 759 1578 801 in
1599 772 1663 802 ce-

177 824 280 868 teris
301 824 474 879 quidem
494 825 600 868 haec
622 824 723 869 ferri
745 830 923 881 possunt
939 859 950 881 ‚
974 826 1045 870 Sic
1075 841 1176 868 raro
1204 826 1354 868 scribis
1375 835 1419 868 ut
1441 835 1518 868 toto
1525 860 1536 880 7
1560 827 1662 870 Con-

166 892 311 950 fidens
340 893 525 936 tumidus
546 893 650 936 adeo
665 926 676 947 ‚
707 894 841 938 Caeca
869 898 980 937 timet
999 893 1173 936 aliunde
1180 893 1311 949 fata5
1340 894 1382 935 in
1406 907 1582 949 quorum
1604 895 1664 937 ul·

180 961 281 1004 timo
304 961 574 1004 scribendum
605 966 670 1005 est
699 979 831 1019 tneque
860 963 976 1006 ultra
997 962 1131 1006 Caeca
1152 963 1312 1004 timetve
1341 962 1513 1005 aliunde
1529 963 1636 1017 fata
1653 996 1662 1005 .

183 1029 238 1072 de
274 1028 432 1073 Ovidio
470 1043 607 1086 nuper
643 1030 724 1074 hoc
761 1044 875 1074 anno
906 1045 1038 1072 xtvm
1075 1043 1166 1072 cum
1199 1042 1301 1072 cura
1331 1031 1512 1085 exposui
1542 1031 1585 1073 in
1615 1031 1663 1073 li-

180 1097 294 1141 bello
327 1098 605 1154 academico,
637 1112 721 1154 quo
753 1099 844 1142 eius
876 1113 960 1142 non
991 1099 1137 1155 plures
1169 1112 1296 1153 quam
1329 1104 1422 1142 octo
1455 1099 1662 1154 epistulas

181 1165 406 1209 heroidum
436 1180 663 1222 superesse
696 1167 990 1210 demonstrare
1020 1167 1166 1211 volui.

293 1235 360 1278 28.
396 1235 499 1278 NEC
542 1250 763 1277 CITHARE
799 1250 1029 1278 REBOANT
1067 1250 1328 1282 IAQUEATA
1357 1249 1662 1283 AURATAQUE

178 1317 380 1345 ‘tl-:MPLA
405 1336 414 1345 .
437 1303 680 1346 Macrobius
702 1304 745 1346 in
768 1303 939 1347 Saturn.
961 1318 1018 1359 vr,
1035 1304 1062 1345 2
1083 1304 1299 1360 cytharam
1314 1337 1324 1357 ‚
1352 1303 1466 1346 idem
1486 1304 1531 1346 in
1554 1305 1662 1348 eius-

179 1372 277 1415 dem
301 1371 401 1414 libri
424 1371 563 1427 capite
578 1372 607 1413 4
629 1372 804 1428 cythara
823 1405 831 1414 .
855 1373 1028 1428 iaqueat
1049 1371 1262 1426 oblongus
1285 1375 1326 1414 et
1346 1371 1556 1427 schedae,
1580 1388 1662 1414 LA-

178 1454 384 1487 QUEATA
406 1439 650 1482 Macrobius
675 1473 685 1483 .
716 1439 831 1482 idem
860 1440 995 1482 altero
1018 1439 1112 1483 loco
1136 1449 1265 1495 tempe
1281 1472 1292 1494 ‚
1325 1439 1458 1482 altero
1481 1454 1634 1481 TECTA
1654 1474 1661 1483 .

179 1507 260 1551 hoc
297 1508 494 1564 plerique
530 1513 644 1551 recte
674 1509 939 1564 probarunt:
975 1521 1074 1550 nam
1114 1521 1261 1551 verum
1297 1521 1383 1550 non
1419 1512 1510 1563 est,
1547 1510 1662 1563 quod

179 1575 475 1620 Wakefieldus
494 1577 617 1633 dicit,
636 1577 850 1634 ‘templum
868 1590 985 1620 more
1001 1576 1257 1619 Lucretiano
1276 1576 1419 1619 valere
1435 1586 1592 1633 teqmen
1612 1602 1659 1608 -

178 1658 414 1688 concavum
444 1646 624 1688 lacunar
642 1646 663 1687 .’
697 1659 774 1702 pro
806 1655 1067 1702 aurataque,
1098 1644 1212 1699 quod
1241 1644 1482 1687 Macrobius
1515 1645 1662 1688 confir-

177 1717 267 1756 mat
283 1747 293 1769 ,
310 1712 548 1768 quadratus
565 1723 828 1770 auroataque
844 1747 852 1756 .
870 1713 972 1756 mihi
990 1727 1093 1756 vero
1110 1714 1155 1755 in
1174 1712 1300 1755 domo
1320 1729 1425 1755 auro
1442 1714 1661 1769 renidenti,

178 1781 325 1837 qualis
362 1795 490 1824 versu
527 1783 723 1838 proximo
758 1782 980 1826 dicebatur
998 1815 1007 1836 ,
1040 1791 1194 1824 aurata
1225 1791 1329 1824 tecta
1360 1782 1462 1824 satis
1494 1781 1662 1826 inficete

177 1851 500 1894 commemorari
539 1851 739 1894 videntur
762 1887 770 1895 .
812 1849 971 1905 itaque
994 1854 1167 1906 poetam
1205 1850 1428 1905 scripsisse
1466 1851 1662 1893 existimo

179 1919 379 1976 laqueata
416 1927 648 1976 ornataque
685 1929 790 1963 tecta
821 1953 829 1961 .
863 1919 1024 1962 Ennius
1060 1920 1100 1961 T
1096 1920 1195 1962 ectz's
1225 1918 1398 1961 caelatis
1428 1919 1662 1975 laqueatis,

177 1989 302 2031 Auro
333 1988 451 2031 ebore
481 1989 730 2030 instructam
760 1988 928 2046 reyffice
946 2022 954 2031 .

294 2057 362 2099 33.
395 2069 759 2098 cosspessenm
779 2089 789 2099 .
821 2055 947 2111 Apud
979 2055 1244 2098 Macrobium
1274 2055 1383 2098 libro
1415 2070 1470 2111 v1,
1489 2056 1515 2098 2
1546 2073 1662 2099 eons-

172 2134 364 2182 pao-qum
392 2158 401 2167 .
434 2138 529 2168 eum
550 2139 721 2168 versum
744 2125 863 2168 cuius
884 2123 1050 2166 initium
1074 2128 1138 2166 est
1158 2124 1339 2180 Propter
1360 2140 1496 2180 aquae
1525 2126 1664 2167 rivum

178 2197 351 2250 praeter
373 2194 636 2237 Macrobium
668 2192 800 2236 refert
823 2194 1014 2235 Donatus
1037 2192 1093 2235 ad
1115 2191 1338 2247 Adelphos
1360 2207 1416 2244 ιν,
1434 2193 1472 2246 2,
1491 2192 1543 2234 37
1576 2206 1662 2235 non

179 2262 330 2307 addito
361 2262 460 2306 libri
492 2275 668 2306 numero
689 2278 698 2304 z
729 2262 765 2305 is
796 2266 939 2305 autem
960 2261 1113 2304 iterum
1139 2261 1322 2316 scriptus
1344 2265 1462 2303 extat
1482 2261 1526 2303 in
1548 2261 1659 2303 libro

177 2346 232 2389 v,
258 2332 368 2376 1393
388 2365 397 2375 .

266 2434 269 2437 ,
292 2401 361 2445 39.
393 2399 465 2452 Qu
476 2413 537 2442 on
561 2414 785 2442 supernas
804 2432 814 2443 .
831 2399 930 2442 Itali
948 2403 990 2442 et
1002 2399 1261 2442 Veronensis
1279 2397 1408 2440 editio
1425 2411 1662 2455 supernsr.

292 2469 364 2511 41.
403 2469 606 2511 Fnumm
639 2483 739 2511 cum
770 2482 982 2511 VIDEAS.
1016 2467 1261 2520 Quadratus
1291 2468 1455 2509 Eruere
1484 2482 1577 2508 cum
1606 2467 1665 2508 vi—

179 2536 298 2580 deres
316 2569 326 2580 .
347 2536 418 2580 hic
447 2538 530 2581 nisi
561 2537 665 2581 olim
694 2542 881 2580 erratum
914 2537 1091 2592 fuisset,
1115 2536 1281 2579 Nonius
1308 2535 1388 2578 hoc
1418 2548 1546 2578 versu
1578 2548 1664 2577 non

178 2605 318 2648 minus
349 2618 478 2660 quam
508 2606 584 2648 illo
617 2607 670 2649 de
702 2619 786 2660 quo
817 2609 915 2662 post
945 2605 1000 2648 43
1039 2605 1203 2648 dicetur
1243 2617 1345 2647 usus
1371 2608 1526 2646 -essetz
1565 2616 1664 2646 nam

178 2677 292 2715 recte
322 2673 521 2727 quadrati
553 2679 790 2729 corrector,
825 2674 949 2728 Itali,
982 2673 1290 2729 impressique‚
1322 2672 1588 2714 szvmtss.
1620 2673 1663 2714 in

179 2739 289 2783 libro
311 2754 372 2795 111,
391 2741 475 2784 200
505 2741 717 2797 oblongus
734 2743 951 2799 fruuntur
967 2775 978 2797 ‚
1010 2741 1245 2796 quadratus
1262 2741 1498 2797 fervuntur
1515 2772 1525 2781 .

293 2808 362 2851 42.
411 2809 480 2851 43.
531 2809 789 2852 Snsssmns
838 2824 1026 2851 MAGNIS
1079 2824 1286 2851 ameum
1336 2822 1662 2850 CONSTABILI-

178 2891 266 2919 ΤΔΒ
298 2909 310 2932 ,
371 2876 606 2920 ORNATAS
666 2892 814 2919 ARMIS
874 2892 1120 2920 ITASTUAS
1181 2891 1500 2924 TARITERQUE
1558 2892 1664 2919 ANI-

177 2960 337 2988 MA‘rAs
374 2979 384 2989 .
425 2944 648 3001 Oblongus
694 2961 1007 2989 ITASTATUAS
1055 2945 1221 2988 duabus
1268 2946 1420 2989 litteris
1467 2946 1521 2988 ab
1567 2947 1661 3002 ipso

177 3015 312 3072 primo
363 3014 540 3058 librario
594 3015 842 3071 suppunctis
867 3030 875 3057 :
928 3014 1114 3058 schedae
1162 3028 1394 3056 xrAsmAs
1438 3047 1447 3056 .
1494 3014 1661 3057 Veneta
