2040 3328
933 218 977 260 II
1641 221 1695 264 93

213 332 394 388 quiritur
415 332 528 374 enim
551 331 630 374 hoc
648 364 657 386 ,
680 330 857 374 ‘Omnes
879 332 1122 375 animantes
1142 333 1209 375 sui
1226 335 1396 388 generis
1416 336 1526 379 fetus
1545 336 1692 392 edunt,

211 413 372 456 eosque
403 399 542 455 figura
572 413 795 455 corporum
828 399 1027 443 dissimili
1051 400 1073 443 .'
1104 414 1207 455 ergo
1239 403 1474 447 scribemus
1498 405 1692 457 Psaro-

209 483 358 511 RIUNT
385 485 520 526 yenus
551 469 781 511 humanum
810 478 1031 526 mutaeque
1061 479 1252 513 natantes
1273 470 1594 529 Squamzjqerum
1619 490 1694 530 pe·

209 537 365 592 clades,-
395 538 439 580 in
469 536 623 592 quibus
646 550 798 593 parum
821 538 1042 592 eleganter
1063 538 1229 581 Nonius
1251 538 1555 597 Squamz'yerae
1578 575 1586 583 .
1618 543 1694 585 sed

207 605 253 648 in
282 606 489 662 proximis
511 639 520 661 ‚
544 619 654 660 quae
679 606 844 649 Nonius
876 619 962 648 non
990 607 1189 661 exhibet,
1222 609 1381 662 optime
1404 608 1623 652 Bentleius
1654 616 1695 653 et

206 673 495 718 Londinensis
538 673 676 718 editor
713 683 750 718 et
780 675 890 718 laeta
926 688 1156 716 Amanum
1180 708 1188 717 .
1222 689 1400 730 quorum
1442 677 1509 719 hic
1548 682 1691 720 tamen

207 754 302 785 eum
334 744 508 785 arbusta
537 747 579 786 et
610 752 799 786 armenta
819 752 903 785 uno
927 742 1164 798 eodemque
1186 744 1313 786 modo
1345 744 1531 788 breviter
1562 747 1690 789 scribi

200 811 400 870 ‚potuisse
422 811 528 854 dicit
548 821 643 854 arta
658 845 670 867 7
694 812 738 854 id
766 811 890 866 fingit
916 811 1030 866 quod
1057 812 1174 854 nullo
1201 816 1391 868 tempore
1413 812 1503 856 fieri
1526 815 1689 870 potuit3

206 878 322 934 quod
354 880 392 923 si
425 893 475 923 eo
508 893 622 923 anno
654 894 738 936 quo
770 881 843 924 ille
874 880 982 922 haec
1002 881 1198 936 scripsit,
1223 881 1302 924 hoc
1325 885 1389 924 est
1413 882 1547 935 1712,
1571 887 1689 938 puta-

204 960 301 990 mus
323 947 547 991 ferendum
570 948 700 992 fuisse
719 982 728 1005 ,
758 953 802 992 at
824 947 951 991 hodie
973 949 1044 1003 qui
1067 953 1201 991 artem
1220 982 1229 1004 ,
1263 963 1389 1005 quam
1422 950 1586 994 discere
1617 965 1689 994 no·

203 1014 402 1072 luerunt,
426 1016 534 1060 fictis
567 1016 752 1060 fallaciis
785 1020 986 1060 exercent
1017 1018 1317 1060 contemnendi
1340 1023 1464 1060 sunt.
1488 1019 1591 1074 quid
1616 1033 1688 1062 au-

203 1087 288 1127 tem
309 1085 364 1127 iis
386 1084 456 1128 fiet
473 1118 482 1141 ‚
501 1086 572 1140 qui
596 1099 642 1129 se
662 1085 787 1128 huius
810 1084 1109 1127 fraudu'entae
1131 1085 1235 1128 artis
1257 1087 1486 1140 magistros
1510 1088 1688 1131 ferunt?

203 1152 447 1196 notabimus
479 1158 593 1198 certe
623 1155 666 1196 in
697 1154 778 1196 hoc
809 1166 967 1208 genere
998 1166 1215 1210 summos,
1249 1155 1456 1197 Kritzium
1489 1160 1529 1198 et
1556 1156 1687 1199 Mass-

203 1233 431 1277 mannum‚
463 1236 519 1265 ne
550 1222 809 1265 inducantur
840 1220 1164 1264 adulescentes.

315 1290 412 1334 347.
447 1290 662 1342 QUORUM
691 1305 828 1332 UNUM
860 1303 1074 1336 QUODVIS
1097 1321 1105 1330 .
1129 1290 1300 1333 Rectius
1327 1291 1371 1333 in
1394 1292 1502 1335 libro
1524 1307 1580 1348 xv,
1607 1294 1685 1336 126

205 1357 392 1409 Quorum
422 1375 552 1402 unum
584 1373 820 1406 anvrs.

314 1426 411 1470 354.
452 1442 710 1470 CALLIDUM
742 1461 752 1470 .
785 1427 1007 1470 Correotor
1045 1426 1219 1482 oblongi
1259 1441 1485 1469 CALIDUM
1526 1462 1535 1472 .
1577 1429 1685 1473 duos

201 1506 353 1538 versus
398 1497 472 1551 qui
518 1495 631 1540 hunc
676 1495 940 1553 praecedunt
978 1494 1219 1538 Macrobius
1257 1496 1401 1550 posuit
1438 1497 1482 1539 in
1519 1498 1684 1540 Saturn.

199 1576 256 1619 v1‚
277 1563 304 1606 5
320 1595 330 1606 .

313 1631 410 1675 356.
443 1633 679 1680 NoNQmT
719 1648 846 1675 num
885 1646 1102 1675 PEDIBUS
1134 1645 1371 1673 VESTIGIA
1402 1647 1583 1675 PnnssA
1616 1649 1684 1675 131-

199 1713 370 1742 sunms
389 1734 397 1743 .
423 1700 667 1753 Quadratus
685 1703 860 1759 Oz'nquz‘t
875 1736 885 1756 ,
908 1700 1095 1744 schedae
1113 1700 1304 1756 Oz'nqnz'd
1319 1732 1327 1741 .
1351 1706 1561 1744 corrector
1583 1716 1684 1756 qua-

199 1767 311 1811 drati
350 1773 393 1812 et
430 1771 636 1813 Marullus
674 1772 878 1827 Linquit,
920 1770 1134 1823 absurde,
1169 1769 1367 1824 quamvis
1406 1770 1459 1812 ab
1498 1771 1682 1813 Avantio

197 1850 326 1894 porro
358 1852 506 1882 omnes
537 1839 841 1895 probaverint.
877 1837 1148 1882 scribendum
1180 1842 1243 1880 est
1265 1839 1458 1880 Noscm
1480 1839 1682 1897 humpe-

197 1905 322 1950 dibus
351 1909 527 1965 vesczjqz'a
553 1924 707 1965 pressa
738 1909 910 1951 bisulcis
928 1926 950 1949 .-

311 1975 408 2018 358.
449 1989 790 2023 COMPLETQUE
837 1989 1148 2023 QUAERELLIS
1188 1975 1556 2016 Fnosmmmum
1602 1989 1681 2015 NE-

195 2057 292 2085 MUS
338 2058 643 2099 ADSITTENS,
690 2059 747 2085 ET
793 2059 997 2086 REVISIT
1045 2057 1236 2084 CREBRA
1282 2045 1355 2084 AD
1394 2057 1653 2084 STABULUM
1670 2076 1678 2085 .

195 2112 408 2155 Antonius
429 2112 554 2154 Marii
586 2112 788 2155 adsidens
804 2147 814 2168 ,
848 2117 1061 2156 corrector
1082 2111 1281 2167 quadrati
1309 2115 1350 2153 et
1380 2111 1574 2166 impressi
1608 2112 1680 2154 ad—

194 2181 344 2224 sistens
360 2213 372 2235 ,
395 2179 580 2223 absurde
599 2214 607 2222 .
640 2181 789 2224 horum
812 2182 1045 2224 carminum
1069 2179 1282 2223 teneritati
1305 2179 1429 2221 unice
1451 2183 1596 2234 aptum
1617 2184 1682 2222 est

194 2249 394 2305 querellis
424 2263 696 2290 ADSmUms
715 2285 723 2294 .
747 2250 790 2292 in
812 2249 896 2292 fine
927 2248 1150 2293 vocabulis
1181 2247 1368 2290 traiectis
1399 2261 1587 2288 CREBRA
1619 2264 1680 2290 re-

193 2318 292 2360 visit
321 2316 592 2360 scribendum
623 2330 720 2361 esse
750 2319 861 2362 vidit
890 2321 1102 2361 corrector
1123 2316 1350 2371 quadrati,
1383 2329 1523 2370 neque
1557 2316 1680 2359 aliter

193 2385 393 2442 impressi
412 2419 420 2427 .

305 2454 402 2498 361.
443 2455 547 2497 Nnc
585 2469 780 2496 TENERE
821 2436 1028 2496 sAL1019s
1060 2468 1226 2500 ATQUE
1258 2468 1415 2494 menen
1445 2466 1571 2494 Rom:
1603 2466 1677 2493 v1-

194 2535 384 2563 GENTES
430 2522 764 2570 FLUMINAQUE
811 2538 924 2564 ILLA
973 2537 1170 2569 QUEUNT
1210 2536 1391 2564 SUMMIS
1429 2535 1676 2562 LABENTIA

191 2602 323 2630 nnus
346 2622 356 2632 .
388 2589 633 2642 Quadratus
664 2593 844 2646 vientes,
882 2590 1125 2633 Macrobius
1156 2590 1324 2634 Saturne
1359 2605 1413 2643 v1,
1437 2591 1488 2644 2,
1528 2590 1676 2631 herbae

194 2658 379 2712 omisso,
411 2659 590 2701 virentes
609 2692 619 2702 .
642 2660 756 2701 idem
789 2659 1033 2702 Macrobius
1066 2660 1290 2701 lambente'a
1322 2663 1362 2700 et
1393 2658 1675 2712 Fluminaque

193 2725 284 2767 ulla
309 2759 317 2768 .
347 2725 428 2768 hoc
464 2726 556 2768 ulla
586 2727 785 2781 quadrati
824 2741 994 2783 quoque
1027 2727 1185 2770 codicis
1218 2731 1430 2768 corrector
1459 2725 1604 2780 posuit
1635 2730 1675 2767 et

191 2792 427 2848 probarunt
456 2793 676 2850 plerique3
705 2795 822 2849 quod
852 2795 962 2837 mihi*
989 2796 1127 2838 locum
1149 2795 1306 2837 babere
1337 2806 1464 2849 posse
1496 2805 1582 2834 non
1614 2792 1673 2834 vi-

191 2859 341 2917 detur,
370 2861 452 2903 nisi
474 2862 684 2904 scribatur
705 2872 778 2906 aut
798 2864 948 2906 herbae
970 2864 1220 2905 Fluminave
1243 2895 1250 2903 .
1281 2866 1394 2903 certe
1423 2861 1552 2914 longe
1584 2860 1674 2902 dul—

189 2929 408 2972 cissimum
438 2929 519 2972 hoo
549 2929 719 2974 dicendi
749 2944 886 2985 genus
917 2935 1006 2986 est,
1030 2931 1108 2972 illa
1120 2930 1306 2986 flumina
1327 2930 1501 2971 summis
1533 2929 1671 2971 laben-

190 2998 252 3041 tia
279 2999 390 3056 ripis
408 3030 416 3039 .
