2040 3328
907 217 950 261 II
1591 214 1672 257 139

308 335 429 378 1115.
474 349 531 375 Εἰ·
571 347 726 375 mmm
771 346 915 373 muns
952 344 1256 373 Pnocununr
1304 324 1639 374 AETHERAQUE
1664 370 1674 380 ,

192 403 434 458 Quadratus
457 403 734 459 aetheraquae
757 434 765 443 .
788 401 888 444 Itali
920 405 962 444 et
991 400 1190 456 impressi
1227 399 1477 454 aetheraque
1507 397 1647 440 aether
1661 413 1677 452 5

190 473 328 517 male:
349 471 496 515 aether
526 471 639 514 enim
670 471 725 514 ab
752 470 844 526 igni
863 482 950 512 non
973 468 1148 512 differt.
1172 480 1276 522 ergo
1307 465 1579 510 scribendum
1613 468 1678 508 est

189 552 426 588 Asnxoun
457 554 583 582 AER.

307 610 429 653 1116.
473 609 706 655 DONIQUE
743 622 805 649 An
842 620 1117 648 EXTREMUM
1156 618 1431 647 emesenum
1465 618 1676 645 PERFICA

189 693 342 721 rrunm
372 677 540 722 ΟΜΝΙΑ
577 689 1031 718 pnnnnxnrnnnum
1060 689 1261 717 NATURA
1293 686 1677 716 cnxcnnArR1x.

190 748 388 804 Dom'que
417 750 460 789 et
489 745 557 787 hic
595 748 638 787 et
673 744 777 787 alibi
814 743 1116 799 membranae,
1147 756 1236 786 non
1265 743 1476 785 Dom'cum
1491 775 1503 796 ,
1534 746 1581 784 ut
1609 740 1678 783 hic

190 815 363 870 scripsit
384 813 596 856 Antonius
617 811 740 855 Marii
772 816 815 854 et
840 812 1073 855 Lambinus
1104 824 1235 867 saepe
1259 844 1267 852 .
1289 811 1484 868 Denique
1513 810 1680 852 Nonius

188 898 232 940 p.
254 884 347 939 160,
370 883 449 938 12,
473 882 572 924 item
595 884 807 924 corrector
829 880 1028 936 quadrati
1048 914 1057 935 ,
1077 881 1178 924 olim
1194 879 1394 935 impressi
1413 911 1422 934 ,
1442 877 1677 921 Marullus.

191 954 236 996 in
262 951 445 995 Vitruvii
467 949 784 1006 exemplaribus
807 949 986 992 vetustis
1009 949 1187 1006 denique
1206 947 1383 1003 haberi,
1414 947 1612 1002 quotiens
1635 946 1679 988 in

191 1020 419 1078 impressis
441 1019 498 1062 sit
517 1018 711 1061 donicum
726 1051 738 1072 ,
760 1022 874 1060 reete
896 1017 1144 1061 observavit
1164 1016 1362 1060 Handius
1382 1016 1426 1058 in
1448 1015 1679 1058 Tumellini

193 1095 308 1133 tomo
329 1103 362 1130 11
381 1102 422 1143 p.
442 1087 525 1131 299
543 1119 554 1142 ,
576 1087 655 1130 sed
676 1086 964 1143 praetermisit
984 1087 1140 1129 librum
1161 1101 1200 1142 v,
1228 1085 1292 1141 12,
1315 1085 1342 1128 3
1358 1118 1368 1136 ‚
1399 1084 1474 1127 ubi
1496 1088 1561 1128 est
1580 1088 1680 1127 ante

194 1159 500 1201 consonantem
525 1188 536 1211 ,
569 1155 748 1212 denique
777 1155 1035 1212 compleatur
1066 1188 1076 1196 .
1108 1154 1266 1197 deinde
1298 1162 1526 1196 eaetremam
1543 1153 1679 1210 finem

196 1239 344 1270 omnes
376 1237 534 1279 genere
565 1224 832 1279 masculino,
865 1223 980 1278 quod
1013 1223 1122 1266 sicut
1151 1223 1194 1264 in
1224 1222 1336 1265 libro
1358 1236 1386 1276 1,
1408 1221 1493 1265 555
1514 1235 1599 1264 non
1619 1226 1680 1263 tu-

190 1295 318 1338 limus
337 1326 346 1349 ,
369 1293 430 1335 ita
450 1292 519 1334 hic
540 1292 774 1335 scribemus
794 1305 1063 1332 Ex'rmmxm
1087 1327 1095 1335 .
1118 1305 1218 1334 mox
1239 1294 1454 1334 corrector
1475 1289 1651 1345 oblongi
1669 1323 1680 1345 ,

194 1363 405 1406 Antonius
426 1361 728 1414 Florentium,
753 1360 855 1403 olim
887 1360 1114 1416 impressi,
1136 1359 1370 1414 Marullus,
1394 1359 1554 1416 pefflce
1570 1390 1580 1400 .
1603 1358 1680 1401 sed

190 1435 305 1475 recte
325 1429 493 1474 Nonius
514 1429 682 1485 Peofiea
696 1461 707 1483 ,
725 1429 964 1487 perfectrioe
978 1462 989 1484 ,
1012 1428 1083 1472 vel
1110 1432 1157 1471 ut
1187 1428 1312 1471 Iunio
1340 1428 1479 1471 visum
1502 1431 1566 1470 est
1583 1444 1679 1484 per-

189 1501 363 1550 ficiens:
392 1511 494 1540 nam
526 1497 791 1553 exemplaria
821 1501 969 1540 vetera
990 1496 1151 1540 habent
1170 1496 1423 1554 peoficeris,
1445 1495 1490 1537 in
1513 1494 1680 1538 Cicero·

193 1568 260 1611 nis
291 1570 432 1610 autem
467 1565 522 1608 de
551 1570 706 1608 natura
727 1566 904 1609 deorum
926 1581 953 1621 1,
978 1566 1028 1608 77
1060 1570 1126 1608 est
1146 1564 1457 1608 consiliantem
1476 1576 1555 1619 pro
1587 1579 1679 1606 con-

190 1636 386 1679 ciliatrix
403 1666 411 1676 .
431 1638 530 1677 sunt
549 1638 693 1676 autem
715 1633 821 1678 haee
842 1634 1020 1677 nomina
1036 1633 1334 1688 substantiva,
1349 1632 1534 1690 perfica,
1553 1648 1678 1689 prae-

183 1705 298 1760 fica,
317 1702 552 1761 praefacto-9
572 1702 616 1744 in
639 1715 740 1745 aere
760 1702 974 1758 Bantino,
1004 1703 1215 1756 antistita,
1248 1703 1450 1760 eoniaya,
1478 1702 1679 1766 succuba,

188 1771 381 1816 comedas
411 1769 527 1826 apud
557 1770 759 1826 Festum,
796 1784 907 1826 quae
945 1771 980 1815 si
1013 1771 1228 1814 adiectiva
1259 1774 1403 1813 essent
1431 1803 1440 1825 ,
1478 1770 1594 1825 quod
1626 1770 1680 1813 de

186 1841 347 1899 perfica
376 1838 700 1882 Hildebrandus
732 1838 834 1882 dicit
865 1840 922 1882 ad
954 1840 1194 1883 Arnobium
1225 1855 1268 1897 p.
1290 1841 1406 1896 338,
1436 1857 1466 1883 u
1495 1841 1680 1882 litteram

188 1909 455 1966 reciperent,
478 1907 563 1950 nisi
594 1907 748 1963 fallor,
772 1912 814 1950 et
844 1907 1087 1951 dicerentur
1104 1910 1318 1966 peqficuus
1339 1908 1562 1952 comedam
1580 1941 1588 1951 .
1608 1908 1680 1951 de-

192 1978 325 2033 nique
356 1977 402 2020 in
433 1976 516 2019 fine
546 1976 697 2019 horum
718 1989 920 2019 versuum
942 1977 1229 2031 antiquissimi
1251 1981 1513 2021 correctores
1535 1980 1576 2020 et
1596 1977 1681 2019 No-

197 2045 296 2088 nius
327 2053 484 2087 natura
515 2058 762 2086 CREATRIX
784 2078 793 2087 .

311 2112 435 2155 1122.
484 2113 599 2156 Nm
640 2127 773 2160 QUAE
812 2127 1014 2160 CUMQUE
1053 2128 1199 2156 vnn-:s
1239 2129 1392 2156 HILAR
1432 2129 1679 2157 GRANDES-

190 2196 319 2224 cnnn
349 2195 587 2224 Anxucru
606 2214 615 2225 .
634 2182 949 2225 Grammaticus
970 2182 1257 2226 Eichenfeldii
1288 2197 1330 2240 p.
1356 2185 1434 2226 171
1468 2193 1505 2227 et
1524 2185 1681 2228 Lucre-

193 2253 276 2294 cius
293 2249 580 2308 yrandescere
600 2251 776 2306 bauctu,
800 2267 874 2293 nee
895 2260 1032 2294 tamen
1053 2251 1212 2294 dicitur
1229 2252 1419 2311 yrandeo
1438 2285 1446 2295 .
1466 2258 1680 2303 corrector

191 2319 394 2376 quadrati
416 2318 478 2362 ad
497 2327 692 2374 auctum,
725 2319 826 2362 olim
848 2319 1047 2375 impressi
1070 2320 1208 2363 hilari
1225 2320 1286 2363 ad
1302 2330 1471 2364 auctum
1485 2355 1496 2376 ,
1523 2321 1680 2365 Marul-

187 2389 255 2432 lus
285 2389 466 2431 hilarem
495 2387 556 2430 ad
583 2396 750 2430 auctum
782 2419 792 2429 .
823 2387 1058 2431 Lambinus
1090 2392 1204 2432 reete
1234 2403 1430 2432 nmmo
1461 2390 1646 2434 adauctu
1669 2423 1678 2433 .

189 2455 298 2500 dixit
328 2455 383 2499 ab
414 2455 495 2499 hoe
525 2455 755 2499 adauctare
786 2456 956 2511 Attius,
997 2457 1145 2509 Οτι-ἰὸν]
1183 2474 1272 2500 rem
1301 2474 1507 2501 summam
1538 2468 1575 2502 et
1596 2476 1677 2516 pa·

189 2526 316 2568 triam
360 2533 546 2567 nostram
587 2524 799 2581 quondam
843 2525 1089 2568 adauctavit
1131 2535 1254 2583 pater
1275 2559 1286 2581 ,
1331 2527 1448 2583 apud
1491 2527 1678 2570 Nonium

188 2607 232 2648 p.
255 2592 308 2636 75
331 2625 341 2634 .
364 2605 449 2647 quo
471 2597 614 2635 autem
634 2596 826 2649 tempore
846 2593 1031 2649 primum
1052 2595 1230 2638 hilarem
1252 2594 1464 2651 dixerint,
1488 2595 1679 2638 nondum

190 2661 298 2704 satis
321 2664 512 2716 constat,
537 2674 796 2716 quamquam
817 2661 946 2705 video
968 2662 1156 2705 adscribi
1179 2663 1235 2706 M.
1259 2663 1401 2706 Tullio
1421 2699 1429 2707 .
1449 2663 1504 2706 de
1524 2663 1678 2706 Plauto

191 2733 233 2772 et
261 2728 463 2772 Terentio
496 2729 717 2772 Bentleius
748 2729 858 2772 dixit
887 2730 944 2773 ad
975 2730 1199 2787 Adelphos
1221 2746 1265 2787 11,
1283 2732 1324 2786 4,
1342 2732 1398 2773 22
1415 2762 1425 2774 .

306 2795 428 2838 1124.
462 2811 596 2842 QUAM
626 2812 687 2838 Dr:
719 2812 772 2839 sn
803 2811 931 2839 com
961 2813 1181 2841 murum·
1201 2799 1454 2842 ‚Corrector
1474 2799 1677 2855 quadrati

190 2868 232 2907 et
261 2864 390 2907 ceteri
422 2877 658 2907 CORPORA
682 2898 691 2907 .

306 2932 429 2975 1129.
462 2933 558 2975 San
589 2947 751 2977 PLURA
782 2948 1046 2977 Acuent-:RE
1075 2949 1241 2981 Dnnnr
1263 2968 1273 2978 .
1296 2936 1394 2979 Itali
1416 2940 1459 2980 et
1478 2936 1676 2993 impressi

188 3014 409 3046 DEBENT.
