2040 3328
451 239 531 279 278
1157 238 1193 278 V

450 348 638 390 ordinem
668 361 865 390 versuum
897 347 1189 389 invertendum
1211 361 1305 390 esse
1325 348 1527 392 Marullus
1548 350 1680 403 vidit,
1702 349 1897 404 idemque

449 414 605 468 optime
635 414 805 468 scripsit
837 415 1024 456 Thracen
1043 446 1054 467 ,
1083 414 1164 456 nisi
1199 414 1311 468 quod
1347 416 1496 458 rectius
1534 420 1597 458 est
1625 418 1896 457 THRACAM.

447 481 650 534 Forbiger
669 482 891 522 Thraciam
907 481 1010 523 vitio
1033 480 1214 535 duplici,
1237 481 1336 535 quia
1356 494 1432 523 nec
1452 482 1655 535 synizesis
1675 483 1719 525 in
1735 483 1898 526 Graeco

448 548 617 589 nomine
647 547 825 589 ferenda
854 551 944 601 est,
966 551 1012 588 ut
1041 547 1351 590 observavi'ad
1379 548 1531 589 librum
1549 562 1607 602 111,
1624 549 1732 603 917,
1761 562 1898 603 neque

452 615 672 656 Thraciam
703 614 812 655 ullus
841 617 969 668 poeta
997 613 1103 655 dixit
1131 618 1297 668 praeter
1323 615 1562 668 Lucanum,
1585 615 1657 669 qui
1687 616 1896 669 quomodo

449 682 527 722 hoc
555 682 598 722 in
629 681 772 734 11,162
801 680 958 722 audere
989 680 1168 735 potuerit
1196 693 1281 722 non
1310 681 1536 734 intellego,
1557 681 1639 723 nisi
1666 683 1778 735 quod
1799 686 1898 725 ante

449 761 540 790 eum
562 747 774 800 Vergilius
806 747 904 789 fecit
932 747 1260 790 Samothraciam
1290 747 1479 790 Aneidos
1500 761 1570 799 vn,
1587 747 1668 790 208
1690 779 1699 789 .
1728 761 1826 790 nam
1855 749 1898 790 in

449 814 590 856 Ovidii
621 818 786 856 metam.
813 828 866 868 VI,
887 814 970 856 435
1001 814 1261 867 exemplaria
1289 818 1434 856 vetera
1462 815 1567 856 tanti
1596 827 1680 856 non
1715 814 1824 857 facio
1853 820 1900 857 ut

449 895 543 923 eum
576 882 756 923 Thracia
786 881 982 923 maluisse
1013 880 1181 923 credam
1211 893 1338 934 quam
1361 878 1518 923 Thrace
1539 913 1548 922 .
1576 881 1816 924 Ciceronem
1845 883 1899 926 de

448 962 492 990 re
523 948 692 1002 publica
727 949 929 990 Thracam
959 948 1143 1001 dixisse,
1173 960 1258 989 non
1291 948 1511 989 Thraciam
1526 980 1536 1000 ‚
1566 948 1738 991 Servius
1773 948 1900 991 refert

449 1015 503 1057 ad
535 1013 747 1056 Aeneidos
772 1028 844 1068 ΧΠ,
867 1014 980 1056 335:
1011 1014 1142 1056 nihilo
1179 1015 1317 1055 minus
1355 1014 1398 1055 in
1428 1015 1632 1057 Vaticano
1669 1015 1899 1070 exemplari

450 1082 584 1123 Maius
615 1081 721 1122 libro
743 1095 786 1134 11,
807 1080 836 1121 4
865 1081 1062 1135 scriptum
1094 1081 1253 1123 invenit
1285 1082 1505 1123 Thraciam
1527 1114 1536 1122 .
1563 1081 1640 1124 sed
1670 1082 1898 1136 Marullus,

448 1148 515 1189 cui
544 1147 787 1203 Stymphala
816 1148 988 1189 colentes
1022 1148 1194 1201 quinam
1234 1148 1474 1190 dicerentur
1507 1161 1593 1190 non
1626 1153 1712 1191 tam
1741 1149 1899 1191 clarum

448 1214 659 1257 videretur
689 1227 815 1268 quam
836 1214 1101 1257 Wakefieldo
1132 1218 1173 1257 et
1201 1215 1459 1269 Forbigero,
1483 1215 1583 1257 fecit
1613 1216 1717 1257 satis
1747 1215 1900 1258 audac-

447 1286 510 1324 ter
543 1283 770 1336 Tantopcrc
799 1281 1008 1337 officerent
1041 1283 1157 1323 nobis
1176 1315 1187 1335 ,
1215 1283 1413 1337 uncisque
1447 1282 1649 1324 timcndae
1686 1283 1900 1338 Unyuibus

448 1348 660 1390 Arcadiae
688 1349 872 1390 volucres
901 1348 1145 1405 Stymphala
1174 1349 1346 1391 colentes
1368 1381 1376 1390 .
1406 1349 1535 1403 mihi,
1558 1349 1757 1402 quoniam
1785 1349 1900 1390 nobis

447 1416 550 1457 satis
581 1419 691 1457 recte
722 1414 873 1457 abesse
902 1419 1064 1470 potest,
1087 1415 1399 1470 simplicissimo
1429 1415 1616 1458 remedio
1646 1415 1706 1457 uti
1734 1415 1899 1470 placet,

447 1487 492 1524 ut
520 1483 728 1524 scribatur
761 1483 890 1524 Tanto
920 1498 1039 1537 opere
1068 1483 1302 1537 officerent,
1329 1497 1386 1522 ET
1415 1496 1535 1523 Avus
1565 1482 1810 1538 Stymphala
1838 1497 1899 1523 co-

448 1551 572 1591 lentes
594 1582 602 1590 .
642 1549 752 1591 infra
786 1549 870 1592 560
909 1549 1118 1603 oblongus
1154 1549 1256 1601 Quis
1290 1551 1401 1605 potis
1441 1559 1499 1591 est
1536 1550 1651 1591 nobis
1687 1550 1777 1590 nisi
1809 1549 1873 1590 vis
1887 1580 1899 1601 ,

446 1617 519 1658 ubi
550 1621 757 1658 corrector
787 1616 943 1658 delevit
972 1617 1088 1658 nobis
1110 1648 1118 1656 .
1158 1615 1268 1658 adde
1311 1617 1422 1670 quod
1463 1617 1571 1658 inter
1605 1629 1652 1658 se
1687 1615 1901 1657 simillima

448 1688 544 1725 sunt
572 1697 744 1724 ETAms
776 1687 817 1725 et
845 1696 987 1723 NOBIS
1006 1715 1015 1724 .

559 1751 626 1792 33.
657 1763 879 1790 AcnRBAN
909 1764 1059 1790 TUENS
1082 1781 1093 1791 .
1115 1751 1314 1790 Acmznx
1345 1759 1460 1792 tuens
1486 1749 1696 1803 Vergilius
1716 1750 1821 1791 Aen.
1842 1763 1899 1802 1x,

449 1817 558 1871 794,
581 1817 818 1859 Macrobius
849 1817 1014 1859 Saturn.
1036 1831 1092 1870 v1‚
1113 1818 1134 1857 1
1154 1848 1163 1858 .

560 1884 627 1926 34.
660 1885 874 1925 Anssoms
902 1897 1162 1924 AMPLEXUS
1184 1897 1380 1924 srmpns
1404 1916 1413 1926 .
1435 1884 1636 1926 Marullus
1667 1898 1872 1924 smmum
1889 1913 1898 1923 .

560 1952 627 1994 35.
657 1953 885 1994 PROPTER
914 1965 1165 1991 ArxAnnnM
1199 1965 1337 1992 mrus
1372 1964 1650 1996 rme-moun
1686 1948 1898 1993 snvnnA.

448 2019 669 2061 Turnebus
713 2020 1045 2072 ATLANTEUM,
1084 2017 1314 2060 Lambinus
1358 2032 1678 2072 PELAGEQUE,
1711 2031 1900 2060 sononA

448 2087 651 2128 Marullus
668 2117 678 2126 .

560 2154 627 2195 38.
659 2154 754 2195 SED
785 2167 876 2194 NON
907 2168 1084 2195 VINCTA
1114 2167 1302 2194 FORENT
1323 2185 1333 2194 .
1366 2152 1461 2194 Itali
1493 2152 1546 2195 SI
1574 2168 1655 2195 non
1685 2166 1857 2195 vlcTA.

560 2221 627 2262 43.
660 2234 753 2266 Qun
782 2233 993 2261 PROELIA
1028 2235 1167 2262 rioms
1197 2221 1366 2266 ATQUE
1401 2234 1643 2261 ancunA
1680 2234 1797 2261 SUNT
1832 2235 1900 2260 IN-

450 2302 622 2328 onArxs
652 2302 1025 2328 INSINUANDUM.
1063 2289 1183 2330 Hanc
1211 2287 1411 2343 syntaxin
1443 2287 1671 2329 Lambinus
1701 2290 1811 2329 recte
1840 2301 1900 2329 re-

449 2355 666 2409 pudiavit,
697 2355 768 2407 qui
798 2356 965 2409 scripsit
995 2356 1186 2411 pericula
1215 2364 1309 2396 tunc
1331 2385 1340 2395 .
1371 2353 1447 2396 sed
1477 2354 1648 2396 verbum
1679 2354 1900 2395 substanti-

448 2434 547 2463 vum
564 2422 751 2463 omittere
766 2435 850 2463 non
868 2426 931 2464 est
945 2434 1045 2464 usus
1061 2421 1301 2464 Lucretiani
1318 2435 1327 2462 :
1351 2433 1454 2474 crgo
1471 2421 1700 2463 scribemus
1722 2434 1876 2461 rnusr
1888 2453 1898 2473 ,

448 2492 492 2529 ut
522 2487 610 2528 dixi
641 2488 696 2529 ad
727 2488 878 2530 librum
898 2503 924 2541 1,
946 2489 1050 2529 111.
1162 2485 1165 2489 ’

558 2555 626 2597 45.
659 2569 959 2596 currnnmns
989 2568 1138 2595 ACRES
1161 2586 1172 2596 .
1202 2555 1304 2596 Itali
1333 2554 1569 2610 cupidinis,
1599 2553 1803 2596 Marullus
1833 2571 1899 2596 cu-

444 2622 613 2677 pedinis
626 2655 637 2676 ,
659 2623 888 2664 Lambinus
910 2635 1204 2663 cuppnmms
1225 2653 1235 2663 .
1256 2622 1300 2662 in
1320 2635 1375 2675 IV,
1396 2622 1503 2663 1090
1523 2621 1730 2674 oblongus
1750 2620 1899 2676 cuppe-

449 2689 544 2731 dine
561 2705 574 2730 .·
594 2689 669 2731 sed
690 2690 958 2731 Florentinus
980 2688 1180 2731 Varronis
1204 2688 1256 2730 de
1282 2689 1430 2742 lingua
1449 2688 1603 2730 Latina
1623 2701 1648 2727 v
1670 2701 1710 2742 p.
1730 2687 1808 2729 148
1825 2688 1899 2743 fo-

448 2772 540 2796 rum
578 2755 823 2811 cuppedinis
837 2788 848 2809 ,
876 2771 1028 2811 cuppes
1065 2765 1101 2797 el
1135 2756 1340 2811 cuppedia
1374 2755 1539 2797 codices
1575 2755 1696 2796 Pauli
1732 2754 1898 2796 diaconi

447 2836 490 2876 p.
510 2823 589 2876 37,
618 2822 800 2863 Plautini
835 2822 879 2863 in
919 2822 1059 2864 Sticho
1091 2836 1128 2876 V,
1150 2823 1189 2872 4,
1211 2822 1266 2863 32
1301 2826 1342 2863 et
1377 2822 1419 2862 in
1457 2822 1698 2862 Trinummo
1727 2835 1771 2875 11,
1793 2821 1827 2874 1,
1849 2821 1898 2862 13

449 2889 654 2944 cuppedia
674 2893 715 2931 ct
734 2905 885 2944 cuppas
899 2922 910 2942 ,
932 2890 1184 2942 glossarium
1203 2893 1322 2932 vetus
1353 2888 1395 2930 in
1416 2888 1516 2931 Maii
1545 2892 1762 2930 auctorum
1786 2891 1897 2929 tomo

449 2969 489 2994 vi
511 2969 550 3010 p.
568 2956 651 2997 530
680 2955 1018 3012 kappadinarius
1034 2987 1043 2998 .
