2040 3328
398 247 451 287 38
1139 249 1158 289 Ι

398 357 451 399 de
471 358 593 400 divis.
616 371 695 399 rer.
718 373 731 398 ι
749 392 757 411 ,
780 360 804 400 8
822 353 831 411 ‚'
853 359 924 400 ubi
946 371 1018 400 eas
1040 371 1106 400 res
1129 372 1237 412 quae
1258 360 1450 413 publicae
1472 365 1566 405 sunt
1585 366 1839 418 pertractat,

397 426 606 466 Naturali
617 426 707 466 iure
724 427 902 466 omnium
920 427 1149 466 communia
1164 435 1257 466 suut
1273 427 1366 479 illa,
1386 434 1475 479 aer,
1493 443 1604 482 aqua
1610 430 1823 484 profluens
1830 463 1841 484 7

398 500 434 532 et
447 507 573 544 mare,
591 500 627 532 et
638 507 714 546 per
730 492 801 532 hoe
818 492 940 532 litora
957 492 1086 532 maris
1102 523 1110 532 .
1128 507 1241 533 nemo
1257 493 1385 546 iqz'tur
1402 493 1460 533 ad
1474 493 1571 534 litus
1586 497 1716 537 maris
1732 512 1842 538 aece-

400 558 494 598 dere
508 558 746 612 prohibetur
758 557 958 612 piseandi
969 573 1097 598 causa
1112 573 1126 610 ;
1147 557 1243 598 dum
1260 566 1392 599 tamen
1406 559 1518 600 villis
1535 569 1571 601 et
1591 561 1793 617 aedificiis
1809 572 1845 604 et

398 625 668 664 mon-umentis
677 625 942 676 abstineatur,
959 625 1059 678 quia
1077 639 1156 664 nou
1172 633 1266 664 suut
1281 625 1388 665 iuris
1401 627 1583 679 yeutium
1597 628 1703 669 sicut
1716 644 1840 670 mare.

397 689 592 730 Horatius
634 693 772 730 autem
804 690 866 730 sie
904 691 1030 732 sentit
1048 722 1056 743 ‚
1096 703 1211 731 mare
1243 690 1396 732 debere
1427 691 1486 733 ita
1516 695 1560 733 ut
1589 693 1644 734 sit
1672 706 1842 736 manere

397 768 532 808 neque
548 756 758 809 privatum
775 755 864 798 fieri
882 756 1244 798 aedificationibus
1263 788 1270 796 .
1294 757 1434 810 itaque
1450 758 1578 812 haee,
1601 759 1680 800 nisi
1697 760 1841 813 fallor,

401 822 621 876 scripsisse
652 823 886 864 censendus
918 827 981 864 est
998 855 1007 875 ‚
1040 823 1267 864 anmenu's
1299 824 1391 865 licet
1420 840 1588 880 occupes
1621 827 1842 869 Terrenum

397 904 510 929 omne
541 890 622 930 cuis
653 899 688 930 ec
715 906 830 931 mare
855 891 1066 945 publicum
1083 922 1091 930 .
1114 898 1316 931 terrenum
1347 906 1460 932 omne
1480 895 1525 932 ut
1544 892 1690 934 Livius
1711 907 1841 947 xxm,

400 955 450 996 19
468 955 676 1010 quidquid
687 956 852 997 herbidi
864 957 1020 997 terreni
1032 965 1150 997 extra
1165 971 1327 997 murum
1345 966 1434 998 erat
1446 990 1457 1010 ,
1477 961 1517 999 et
1532 958 1594 1000 his
1610 959 1731 1012 paria
1745 961 1840 1002 alii.

397 1021 610 1062 simillima
640 1023 850 1063 sententia
881 1022 933 1063 de
964 1035 1091 1064 aureo
1121 1021 1287 1063 saeculo
1311 1023 1584 1066 Germanicus
1618 1026 1697 1066 114
1720 1027 1841 1082 [9ηο-

396 1090 506 1143 tz'que
520 1089 651 1129 maris
665 1105 822 1142 cursus,
836 1090 1084 1144 privataque
1101 1089 1219 1129 tellus
1238 1088 1374 1130 Grata
1389 1091 1507 1144 sati-37·
1521 1092 1590 1132 ubi
1606 1092 1732 1146 paulo
1749 1099 1844 1147 post

396 1154 661 1195 scribendum
684 1158 746 1195 est
775 1171 846 1196 uec
863 1157 999 1211 parvi
1025 1156 1221 1197 terminus
1251 1156 1611 1210 agyriPraestabat
1641 1159 1841 1214 dominis,

395 1222 483 1261 siue
504 1237 548 1262 eo
568 1221 688 1274 (libri
709 1222 854 1277 siquo)
877 1223 1082 1264 tutissima
1097 1255 1108 1275 7
1129 1238 1233 1263 rura
1250 1254 1258 1262 .
1281 1222 1333 1263 de
1351 1221 1607 1265 Graecorum
1628 1227 1840 1268 nominum

396 1287 630 1339 quantitate
650 1292 695 1330 ut
714 1289 756 1329 in
778 1290 1019 1343 praesentia
1038 1288 1142 1330 nihil
1174 1288 1336 1340 dicam,
1370 1290 1468 1330 nolo
1498 1294 1637 1332 tamen
1667 1293 1841 1335 reticere

396 1353 496 1394 mihi
520 1367 591 1395 eos
611 1368 743 1408 pravo
765 1355 920 1396 iudicio
943 1356 1001 1396 uti
1023 1355 1157 1397 videri
1190 1355 1261 1409 qui
1284 1354 1482 1397 Ovidium
1514 1357 1750 1400 existiment
1780 1373 1841 1402 re-

396 1421 606 1473 legatione
626 1421 801 1463 fractum
823 1422 1004 1463 seribere
1026 1422 1214 1476 potuisse
1233 1423 1324 1463 visa
1345 1423 1519 1464 Maeotis
1540 1425 1666 1465 hiems
1687 1426 1729 1466 in
1749 1426 1840 1468 tris-

395 1487 496 1528 tium
515 1502 586 1541 111,
613 1489 687 1541 12,
710 1489 762 1542 23
786 1489 849 1530 cui
870 1493 1021 1543 poetae
1043 1502 1162 1530 suum
1182 1488 1302 1530 reddi
1323 1492 1460 1542 potest
1482 1489 1558 1530 hoe
1573 1491 1726 1544 modo,
1749 1493 1842 1534 Fri-

391 1570 496 1610 yora
517 1556 600 1595 iam
622 1556 795 1611 zephyri
818 1557 1034 1609 minuunt,
1066 1571 1252 1610 armoque
1279 1565 1445 1611 peracto
1466 1557 1650 1612 Louyior
1669 1559 1843 1615 ‘intepuit

395 1621 517 1674 (libri
550 1622 761 1677 arecz‘quz's)
789 1624 880 1663 visa
914 1623 1084 1663 Tomitis
1113 1623 1240 1663 hiems
1257 1654 1265 1662 .

507 1688 602 1729 366.
633 1691 738 1729 Aur
761 1689 958 1731 CONTRA
977 1723 984 1731 .
1008 1689 1210 1730 Marullus
1233 1689 1301 1729 AT
1323 1698 1490 1732 eontra.
1515 1692 1574 1732 sie
1595 1691 1842 1746 saepissime

396 1755 464 1796 hio
479 1758 607 1808 poeta
624 1787 633 1807 ,
657 1755 698 1795 in
722 1769 763 1794 V1
781 1788 789 1808 ‚
816 1755 921 1797 1095
938 1757 993 1796 Et
1007 1764 1148 1796 contra
1165 1788 1175 1808 ,
1197 1756 1238 1796 ἰι]
1257 1757 1404 1797 eodem
1421 1758 1501 1799 929
1519 1758 1731 1814 dilutaque
1750 1775 1841 1801 con-

396 1831 473 1875 tra,
495 1835 578 1863 non
608 1822 659 1863 Ut
674 1831 816 1863 eontra
835 1855 843 1871 ‚
867 1823 980 1876 quod
1002 1821 1147 1863 ‘edidit
1164 1835 1215 1863 ex
1231 1823 1402 1875 ingenio
1420 1825 1507 1865 suo’
1527 1825 1813 1867 Wakefieldus
1830 1857 1840 1866 .

395 1902 491 1930 mox
523 1902 647 1930 versu
676 1888 756 1930 367
790 1889 1021 1942 quadratus
1053 1893 1093 1930 et
1123 1888 1305 1930 schedae
1334 1892 1495 1932 vacuim
1523 1893 1686 1933 minus.

507 1955 601 1996 372.
632 1969 930 1996 mrum-mus
960 1969 1117 1995 ALUNT
1142 1986 1150 1994 .
1179 1955 1397 1997 Correetor
1434 1957 1604 2011 oblongi
1639 1962 1695 2000 et·
1714 1961 1840 2001 ceteri

393 2026 562 2076 praeter
591 2026 755 2064 veteres
783 2023 1047 2064 membranas
1068 2036 1217 2062 AIUNT
1235 2054 1244 2064 .
1266 2022 1340 2063 sed
1361 2023 1471 2065 idem
1492 2028 1700 2067 corrector
1715 2026 1839 2068 etiam

393 2090 477 2130 alio
508 2089 634 2130 modo
665 2094 705 2130 et
734 2090 993 2144 ineptissime
1023 2090 1153 2130 alvei.

507 2157 600 2198 383.
633 2156 772 2198 UNDE
810 2171 1007 2197 ιΝιΤιυΜ
1047 2170 1234 2196 PRIMUM
1259 2188 1268 2198 .
1305 2157 1521 2199 Correetor
1551 2157 1723 2211 oblongi
1752 2173 1798 2199 m
1810 2174 1840 2200 1-

393 2237 601 2320 TUM684.
634 2293 694 2318 DE
726 2292 1012 2320 CONCURSO.
1043 2279 1138 2320 Itali
1169 2283 1210 2320 et
1238 2279 1439 2320 Marullus
1471 2281 1840 2323 coscnasn.ita

392 2345 660 2387 membranae
690 2347 732 2386 in
764 2360 831 2399 vx,
868 2347 942 2387 161
980 2347 1084 2387 172.

504 2412 597 2453 386.
620 2411 772 2452 INTER
789 2426 1010 2453 οοιζΡοιῑΑ
1029 2425 1158 2457 Quon
1177 2426 1310 2453 FLAT.
1330 2413 1424 2454 Itali
1444 2417 1483 2454 et
1497 2413 1700 2455 Marullus
1716 2427 1837 2457 mA‘r.

479 2479 598 2520 '389.
629 2493 724 2519 ΝΛΜ
745 2494 939 2520 nmmum
970 2493 1114 2524 QUISQ
1133 2512 1141 2520 .
1163 2494 1436 2520 NECESSEST
1468 2479 1698 2524 0001]me
1728 2495 1836 2521 ILLE

390 2558 556 2585 Locum
573 2577 581 2585 .
605 2547 806 2587 Marullus
834 2548 1015 2602 primum
1046 2560 1278 2592 QUENQUE
1295 2578 1306 2588 .

502 2613 597 2654 395.
628 2627 814 2654 Pornsr
853 2627 1246 2654 coNDENsERmR
1277 2627 1396 2654 AER.
1421 2613 1638 2656 Cor-rector
1667 2614 1837 2668 oblongi

389 2692 693 2720 DENsumnn.

499 2746 595 2788 404.
627 2760 775 2787 CANES
803 2761 859 2788 UT
885 2761 1204 2788 MONTIVAGAE
1234 2761 1478 2788 PERSAEPE
1507 2762 1717 2790 FERARE.
1739 2748 1836 2790 Cor-

388 2816 524 2854 reetor
555 2813 727 2870 oblongi
745 2815 974 2870 ferarum:
991 2815 1121 2870 ferai
1147 2819 1354 2856 corrector
1380 2814 1597 2870 quadrati,
1629 2815 1834 2856 Antonius

388 2879 534 2933 Marii,
557 2879 655 2920 olim
674 2881 889 2935 impressi,
913 2881 1116 2923 Marullus
1134 2914 1143 2923 .
1165 2882 1317 2936 rectius
1335 2886 1398 2923 est
1412 2896 1579 2935 man,
1602 2882 1702 2935 quia
1721 2897 1830 2923 mon-

387 2947 569 3002 tivafyum
585 2946 786 3001 ferarum
813 2963 944 3002 glenus
975 2949 1125 2990 dieitur
1154 2948 1198 2990 in
1228 2963 1283 3002 11,
1314 2948 1395 2991 597
1434 2949 1537 2991 1081
1560 2979 1570 2989 .
1629 2953 1631 2955 ’
