2040 3328
901 256 959 298 IV
1591 254 1675 295 273

178 371 362 429 fabulae
387 403 398 425 ‚
436 370 537 412 item
575 368 757 412 Ovidius
789 369 996 425 Cyllenes&
1032 372 1072 411 et
1109 369 1366 424 Halcyonest
1400 372 1569 410 metam.
1602 382 1674 420 vn,

191 436 274 482 386
294 453 351 494 xr,
369 438 479 493 545,
503 442 544 480 et
565 438 637 492 qui
659 438 827 493 scripsit
850 437 1076 493 epistulam
1098 436 1285 479 Leandri
1309 436 1384 478 141
1414 437 1464 478 ab
1486 436 1648 478 Hellest
1665 468 1674 476 .

191 511 236 550 at
274 506 511 549 inauditum
549 511 591 549 et
630 505 876 562 pudendum
914 509 978 548 est
1018 505 1133 561 quod
1164 505 1338 560 quidam
1374 503 1554 546 adfinxit
1590 504 1675 559 epi-

191 575 329 618 stulae
360 575 725 631 Hypermnestrae
748 575 829 617 123
851 608 860 629 ,
894 573 952 617 At
973 583 1015 616 tu
1037 608 1047 628 ,
1079 576 1206 630 siqua
1230 575 1333 630 piae
1353 607 1364 627 7
1392 574 1564 629 Lyncea
1583 606 1594 627 ,
1619 581 1677 615 est

191 645 271 687 tibi
286 660 391 686 eura
410 644 568 686 sororis
591 676 600 685 .
624 657 724 685 mox
753 642 908 698 partim
940 643 1101 685 labiosa
1123 642 1342 697 scribunt,
1365 641 1440 683 alii
1470 654 1562 683 cum
1591 642 1676 682 An-

191 712 309 755 tonio
345 712 470 754 Marii
509 716 550 754 et
587 712 769 754 Marullo
802 711 971 754 {abrosa
991 727 1004 753 :
1036 711 1114 754 sed
1156 715 1198 753 et
1238 711 1379 753 labeas
1417 710 1507 751 fere
1547 710 1676 751 scribi

191 780 318 824 video
336 813 346 835 ,
368 784 411 823 ct
427 780 615 823 labeones
631 813 642 834 ,
664 779 780 834 quod
797 779 994 834 agnoscit
1010 779 1175 822 Phocas
1195 793 1235 834 p.
1258 779 1361 822 1691
1383 811 1393 833 ,
1417 791 1677 833 quamquam

192 850 349 892 labium
386 849 560 904 saepius
597 848 813 891 invenitur
854 861 984 902 quam
1025 848 1187 890 labeum
1213 880 1224 902 ‚
1257 850 1299 889 ct
1336 847 1520 889 Zabz'ones
1562 846 1677 902 apud

191 917 434 960 Charisium
464 931 504 972 p.
529 917 582 959 79
600 952 609 960 .

310 986 431 1029 1170.
462 999 662 1027 LoNGUM
692 999 777 1026 EST
807 999 990 1026 memus:
1017 998 1176 1026 corma
1194 1017 1204 1027 .
1226 986 1292 1027 Ita
1312 982 1578 1038 quadratus:
1600 983 1678 1025 sed

193 1069 235 1096 SI
263 1058 363 1110 post
382 1063 441 1097 est
461 1053 655 1097 additum
675 1066 804 1096 manu
826 1053 1127 1109 antiquissima
1149 1085 1158 1094 .
1182 1053 1393 1107 oblongus
1415 1053 1497 1095 esti
1513 1051 1650 1094 dicere
1666 1084 1677 1105 ,

191 1127 290 1179 post
319 1124 340 1165 i
366 1123 511 1165 littera
541 1135 668 1166 erasa
696 1155 705 1176 ,
737 1122 768 1164 cl
797 1135 824 1164 a
853 1126 1092 1165 correctore
1123 1122 1282 1164 inserto
1306 1155 1316 1171 ‚
1349 1129 1407 1163 est
1436 1119 1486 1162 id
1513 1119 1651 1162 dicere
1669 1152 1678 1160 .

193 1192 255 1234 sic
285 1191 386 1234 olim
417 1191 613 1247 impressi
645 1194 687 1234 et
717 1191 813 1233 Itali
847 1200 906 1234 est
935 1190 984 1233 id
1012 1191 1149 1234 dicere
1171 1223 1180 1232 .
1211 1189 1420 1231 Marullus
1451 1190 1515 1231 εἰ.

311 1259 433 1303 1174.
464 1260 638 1302 NEMPE
675 1273 842 1300 EADEM
877 1273 1021 1300 FAcm·
1058 1274 1115 1300 ET
1153 1272 1327 1300 scmus
1363 1271 1555 1298 FACERE
1593 1270 1679 1298 OM-

192 1342 274 1372 ΜΛ
304 1342 480 1369 'tumus
504 1361 513 1371 .
541 1329 791 1371 Rectissime
822 1329 1068 1383 Naugerius
1098 1328 1259 1384 Nempe
1289 1325 1432 1369 eadem
1449 1326 1568 1383 facit
1598 1341 1679 1367 om-

192 1397 268 1439 m‘a
289 1411 434 1438 Tuum
457 1429 466 1438 .
499 1411 671 1440 versum
692 1396 933 1452 proximum
955 1396 1060 1439 mire
1082 1398 1378 1452 perverterunt
1398 1394 1651 1450 interpretes
1670 1424 1679 1434 .

168 1465 274 1514 ⁴hoc
305 1465 433 1519 dicit,
457 1478 550 1508 eam
583 1478 710 1520 sese,
739 1469 968 1521 postquam
1001 1478 1094 1508 cum
1127 1464 1212 1507 alio
1244 1463 1545 1517 consueverit,
1568 1461 1681 1504 suffi-

194 1533 346 1577 mentis
378 1547 597 1590 purgare,
627 1548 682 1576 ne
713 1537 880 1576 amator
911 1534 1067 1576 sentiat
1095 1566 1104 1575 .
1144 1533 1284 1575 simile
1321 1536 1384 1575 est
1422 1530 1528 1573 illud
1567 1529 1681 1585 apud

195 1603 464 1658 Propertium
486 1618 525 1658 V,
543 1603 583 1658 8,
601 1602 656 1645 83
686 1635 696 1658 ,
729 1602 840 1644 Dein
871 1618 1168 1659 quemcumque
1200 1601 1334 1644 locum
1366 1608 1563 1642 eas-ternae
1594 1599 1681 1641 teti-

190 1686 291 1728 9ere
310 1670 486 1728 puellae
515 1670 645 1727 Suffic
675 1679 712 1713 et
741 1687 769 1712 a
794 1687 909 1727 pura
941 1670 1090 1712 limina
1121 1669 1244 1727 tergit
1274 1685 1388 1725 aqua
1405 1701 1414 1710 .

269 1768 271 1770 -
311 1738 433 1781 1176.
467 1737 613 1790 QUAM
642 1753 838 1780 FAMULE
869 1751 1020 1779 noum
1048 1751 1264 1780 suornm
1287 1772 1296 1781 .
1329 1736 1564 1779 Brixiensis
1597 1735 1683 1778 edi-

194 1807 254 1850 tio
283 1821 442 1849 Loncu
464 1840 474 1850 .
502 1807 654 1850 eadem
676 1812 717 1850 et
738 1811 951 1850 corrector
981 1806 1182 1862 quadrati
1216 1819 1463 1848 sumum
1486 1838 1495 1847 .
1526 1808 1683 1847 utrum—

195 1889 278 1931 que
310 1876 520 1919 Antonius
552 1889 723 1931 quoque
756 1876 953 1919 exhibet.

315 1944 436 1988 1180.
467 1943 611 1996 QUEM
649 1959 691 1986 s1
729 1959 815 1986 IAM
845 1958 1027 1986 MISSUM
1057 1958 1341 1986 VENIENTEM
1373 1956 1683 1984 OFFENDERIT

197 2027 325 2055 AURA
356 2012 467 2056 UNA
496 2026 632 2055 MODO
655 2046 664 2055 .
697 2013 908 2056 Antonius
939 2012 1063 2056 Marii
1094 2013 1181 2055 iam
1211 2014 1408 2056 miserum
1430 2012 1682 2065 venientem,

197 2081 404 2124 Marullus
439 2082 524 2124 iam
563 2083 796 2124 immissum
833 2083 1000 2124 veniens
1023 2114 1034 2135 ,
1066 2081 1301 2124 Lambinus
1336 2082 1422 2123 iam
1454 2079 1686 2122 admissum

196 2151 422 2193 venientem
444 2181 454 2191 .
477 2149 772 2193 Wakefieldus
795 2163 887 2192 cum
915 2148 1071 2205 probat
1090 2151 1323 2192 immissum
1342 2183 1350 2204 ‚
1373 2161 1467 2192 sese
1489 2161 1576 2190 rem
1599 2161 1685 2189 non

197 2218 443 2274 percepisse
464 2218 652 2262 ostendit
671 2234 680 2260 :
701 2218 911 2273 Forbiger
927 2231 1024 2260 eam
1045 2217 1155 2260 falso
1173 2217 1457 2272 ‘antiquorum
1480 2217 1685 2259 librorum

198 2287 436 2330 lectionem’
457 2286 560 2329 dicit
581 2286 720 2329 sciens
739 2285 838 2328 dolo
861 2287 974 2329 malo
993 2319 1002 2327 .
1024 2286 1234 2329 Lambino
1258 2286 1378 2329 obest
1400 2286 1538 2328 oratio
1559 2284 1686 2327 hians

199 2369 338 2411 neque
359 2361 459 2411 apte
480 2368 622 2398 nexa:
644 2368 743 2397 nam
774 2355 881 2398 haec
911 2355 1072 2399 diversi
1103 2355 1275 2410 generis
1305 2354 1561 2411 participia,
1584 2366 1686 2407 qua-

198 2424 261 2466 lia
289 2429 388 2467 sunt
419 2423 632 2466 admissus
662 2424 830 2466 veniens
850 2457 862 2478 ‚
885 2424 1228 2466 coniunctionem
1251 2423 1498 2466 desiderant
1521 2453 1529 2462 .
1554 2434 1687 2477 quare

199 2492 356 2535 rectius
391 2492 625 2535 scribemus
655 2493 740 2534 iam
772 2506 990 2534 AMMISSU
1020 2493 1273 2547 venientem,
1306 2490 1520 2547 quomodo
1556 2491 1688 2531 ‘missa

200 2561 342 2603 venire
378 2560 488 2603 dixit
527 2563 569 2602 et
607 2559 767 2603 Cacsar
804 2565 846 2604 et
885 2560 959 2603 alii
998 2562 1147 2616 optimi
1178 2561 1409 2616 scriptores
1433 2593 1442 2602 .
1473 2557 1687 2600 Pacuvius

201 2644 312 2670 nunc
339 2645 514 2684 reqnum
540 2630 703 2684 potitur
732 2630 984 2671 transmissu
1008 2631 1150 2686 patris
1181 2629 1298 2685 apud
1318 2628 1503 2671 Nonium
1532 2641 1574 2682 p.
1590 2626 1686 2679 481,

203 2696 258 2739 32
288 2728 297 2737 .
338 2699 525 2738 ceterum
567 2697 686 2739 modo
727 2698 867 2740 vocali
909 2698 1121 2753 producta
1159 2698 1268 2740 libro
1310 2695 1492 2751 11,1135
1535 2694 1688 2750 proba-

203 2763 373 2806 vimus:
410 2764 479 2806 hic
518 2773 555 2807 et
592 2765 890 2808 coniunctione
930 2765 1080 2808 addita
1119 2765 1258 2808 oratio
1296 2764 1482 2806 firmiore
1517 2760 1688 2805 vinculo

203 2831 431 2887 iungetur.

322 2900 443 2944 1182.
475 2914 634 2942 cADET
656 2934 665 2943 .
697 2901 931 2944 Lambinus
963 2915 1151 2943 cADA'r.

323 2969 446 3012 1183.
477 2969 851 3016 STULTITIAQUE
882 2985 950 3011 1131
980 2984 1034 3011 su
1055 2983 1255 3011 DAMNET
1279 3001 1287 3010 .
1313 2969 1518 3011 Marullus
1541 2969 1690 3011 STUL-

206 3051 507 3094 mmmmm-2,
530 3043 642 3082 recte
663 3054 671 3080 :
695 3038 923 3081 damnatur
954 3038 1067 3081 enim
1097 3037 1253 3093 aliquis
1285 3038 1459 3080 crimine
1484 3037 1553 3080 vel
1580 3036 1690 3080 iudi-

1329 3106 1378 3147 18
