2040 3328
946 244 1006 286 VI
1635 245 1718 289 407

233 359 418 414 denique
439 358 650 414 gentilia,
675 362 722 401 ut
741 359 855 415 Syra
869 392 880 413 ‚
908 358 953 400 in
974 357 1212 402 Mercatore
1231 372 1289 413 ιν,
1306 358 1346 414 5,
1366 359 1392 401 6
1421 359 1608 402 Adstare
1628 368 1723 402 ante

232 428 351 472 aedis
368 459 378 470 .
395 422 512 485 Syra
529 459 538 469 .
557 428 653 484 quis
675 436 733 470 esc
754 428 833 484 qui
847 430 915 470 me'
932 428 1076 470 vocat?
1097 430 1138 470 et
1160 427 1337 482 propria
1359 427 1483 483 quasi
1506 440 1559 470 ex
1581 427 1722 471 adiee-

231 496 332 539 tivis
362 495 616 551 gentilibus,
644 500 690 538 ut
718 496 812 538 Ilia
838 495 994 550 Ennii,
1027 495 1185 552 Pythia
1214 495 1430 551 Lucretii,
1458 496 1614 539 Lesbia
1643 495 1720 540 Ca-

231 564 353 607 tulli.
385 563 608 618 regionum
639 576 810 618 quoque
840 563 1016 606 nomina
1046 563 1100 606 ab
1132 576 1211 605 usu
1235 562 1402 606 Graeco
1424 563 1718 619 desciverant,

230 637 278 676 ut
297 633 507 689 Bithynia
526 633 698 674 Achaia
706 648 721 687 7·
741 632 842 674 item
862 631 1079 674 adiectiva
1100 631 1244 673 omnia
1261 664 1270 686 ,
1294 635 1340 674 ut
1360 632 1650 687 Rhamnusia,
1675 637 1720 676 ut

231 702 454 755 Lernaea,
485 703 531 742 ut
548 700 665 756 fides
694 699 888 758 Cyllenia
906 732 914 741 .
944 703 1162 755 postremo
1183 699 1446 755 Philomela,
1481 700 1596 755 quod
1618 701 1719 743 Ver-

230 770 360 825 gilius
391 773 433 812 et
454 763 636 813 Ovidius
668 767 929 824 corripiunt,
952 767 1207 822 antiquioris
1227 771 1410 824 poetae,
1434 768 1618 812 fortasse
1638 770 1718 812 Ac-

230 838 311 894 cii,
343 851 487 881 errore
518 837 733 880 invectum
764 836 959 892 suspicor
977 868 986 879 .
1008 835 1185 879 Ionicae
1216 840 1360 879 autem
1391 838 1559 891 vocali,
1588 851 1718 892 quam

230 906 535 961 Hertzbergius
566 905 623 948 ad
652 905 921 962 Propertium
941 903 1115 960 11,14,5
1141 919 1202 960 111,
1223 905 1288 960 19,
1309 905 1361 948 19
1391 905 1529 961 poetis
1551 906 1717 949 Latinis

227 976 272 1018 in
302 987 407 1018 casu
437 978 552 1017 recto
583 973 862 1030 producendo
895 973 1031 1017 solam
1062 973 1282 1029 concedit,
1320 973 1363 1016 in
1394 974 1540 1016 multis
1571 988 1626 1017 ne
1657 976 1718 1017 lo·

229 1056 304 1087 cus
325 1043 498 1099 quidem
519 1047 584 1086 est
600 1075 610 1098 ,
628 1055 767 1098 neque
789 1041 996 1085 credibile
1018 1046 1082 1085 est
1103 1054 1156 1085 ea
1176 1042 1301 1085 unice
1321 1055 1423 1086 usos
1445 1055 1540 1086 esse
1561 1043 1717 1098 quibus

229 1111 534 1155 Andromedan
564 1111 780 1169 Glyceran
810 1111 998 1154 Phthian
1027 1110 1285 1168 Glaphyran
1314 1110 1489 1154 Malean
1515 1112 1716 1155 Electran

228 1180 372 1224 dicere
400 1179 590 1236 placuit;
626 1179 879 1236 praesertim
911 1191 1005 1221 cum
1036 1191 1090 1222 ea
1120 1191 1231 1234 quae
1261 1178 1415 1222 Latine
1446 1180 1717 1237 corripienda

227 1252 352 1292 erant
381 1248 600 1291 rarissime
630 1248 688 1291 ad
709 1249 862 1291 Ionum
883 1260 1044 1290 morem
1066 1246 1226 1290 inflexa
1245 1247 1554 1304 produxerint,
1579 1253 1623 1292 ut
1644 1249 1716 1292 ad-

226 1317 384 1361 iectiva
412 1317 620 1372 gentilia,
652 1316 872 1371 Vergilius
894 1316 1030 1359 Aonie
1050 1316 1280 1373 Aqanippe
1297 1350 1308 1371 ,
1331 1315 1493 1360 Statius
1521 1318 1714 1375 Paphie,

227 1387 421 1443 Paphien
438 1385 677 1430 Columella
693 1389 736 1428 et
751 1384 980 1439 Martialis,
999 1384 1132 1428 Silius
1150 1385 1324 1442 Ortyqie
1339 1386 1564 1440 Arethusa,
1582 1385 1714 1429 idem-

226 1469 336 1511 que,
358 1459 407 1497 ut
425 1458 528 1511 puto
547 1487 557 1511 ,
588 1455 690 1497 urbs
710 1454 933 1511 Syracosie
948 1468 1034 1509 xrv,
1054 1454 1157 1509 277,
1179 1453 1254 1496 ubi
1274 1454 1526 1497 membrana
1547 1454 1611 1510 cui
1633 1455 1714 1497 soli

225 1523 332 1567 fides
353 1523 613 1582 Syracosae.
645 1522 766 1566 euius
798 1522 968 1578 generis
995 1535 1082 1565 non
1110 1522 1241 1565 multo
1263 1523 1390 1578 plura
1410 1522 1476 1565 his
1497 1522 1715 1566 invenien-

225 1597 322 1648 tur;
352 1591 436 1635 nisi
466 1590 585 1646 quod
606 1590 796 1647 Statius,
830 1591 902 1646 qui
934 1604 1026 1634 cum
1059 1591 1375 1646 antiquioribus
1406 1590 1608 1647 produxit
1628 1592 1711 1635 Ne-

225 1677 318 1704 mea
338 1660 542 1704 Pasithea
565 1661 702 1718 Teqea
722 1660 867 1703 Malea
886 1659 1034 1703 Midea
1050 1693 1062 1714 ‚
1085 1673 1180 1703 cum
1201 1659 1422 1716 Polynicis
1444 1673 1552 1703 uxor
1572 1661 1714 1718 Aryia

224 1733 341 1773 recto
373 1741 476 1772 casu
506 1728 692 1772 dicenda
722 1732 862 1785 esset,
895 1745 922 1771 a
943 1728 1202 1785 quinquiens
1231 1727 1436 1784 produxit
1456 1728 1499 1770 in
1521 1728 1631 1772 libro
1652 1743 1714 1770 xn

224 1796 499 1852 Thebaidos,
517 1797 618 1841 item
634 1798 805 1854 Arqian
826 1797 869 1839 in
890 1811 947 1855 xv,
966 1798 1018 1840 91
1036 1829 1047 1852 ‚
1065 1797 1193 1840 nimis
1211 1797 1474 1840 Graecaniee
1492 1829 1502 1852 ,
1520 1796 1598 1840 sed
1618 1798 1712 1840 sine

223 1867 370 1910 littera
388 1866 565 1922 Ionica,
592 1865 791 1920 idemque
811 1882 838 1908 a
859 1865 981 1909 brevi
1007 1866 1198 1921 septiens
1219 1865 1360 1922 Argia
1387 1865 1432 1907 in
1454 1879 1487 1905 11
1501 1879 1549 1906 111
1564 1879 1609 1906 x1
1624 1879 1710 1907 x11.

225 1934 332 1978 haec
367 1935 500 1991 paulo
539 1933 751 1977 curiosius
787 1932 1013 1975 tractanda
1048 1933 1223 1989 putavi,
1261 1937 1307 1976 ut
1343 1937 1384 1976 et
1414 1934 1710 1988 grammatico-

224 2017 319 2046 rum
353 2003 574 2046 levitatem
613 2005 807 2045 notarem
845 2005 887 2044 et
924 2001 969 2043 in
1000 2002 1185 2044 Lucretii
1222 2015 1350 2045 versu
1385 2002 1482 2045 huic
1518 2002 1711 2045 nomina-

224 2071 342 2126 tivo,
374 2071 448 2126 qui
479 2075 545 2114 est
575 2071 812 2124 ambrosia,
850 2069 978 2112 fidem
1009 2070 1195 2113 facerem
1214 2103 1223 2114 .
1261 2084 1360 2113 nam
1391 2070 1592 2124 genetivo
1624 2088 1709 2114 am-

224 2140 386 2183 brosias
417 2139 556 2182 forma
577 2139 747 2182 Graeca
775 2138 888 2181 hunc
908 2141 1080 2194 poetam
1103 2138 1266 2182 dixisse
1286 2152 1374 2181 non
1394 2138 1522 2181 credo
1540 2173 1550 2190 ‚
1573 2139 1644 2194 qui
1666 2140 1711 2182 in

223 2209 342 2265 paris
372 2207 636 2251 condicionis
666 2207 878 2250 vocabulo
899 2207 1163 2250 harmoniam
1190 2212 1232 2251 et
1258 2208 1502 2250 harmoniai
1526 2207 1710 2251 dixerit.

224 2281 410 2320 ceterum
449 2275 688 2319 sententiae
723 2279 902 2330 uterque
939 2287 1064 2317 casus
1101 2288 1241 2330 aeque
1286 2276 1513 2331 convenit,
1560 2276 1711 2319 ablati-

223 2359 302 2389 vus
346 2348 488 2388 autem
523 2358 612 2387 non
651 2344 878 2388 convenit:
915 2356 1016 2386 nam
1047 2344 1224 2386 oleaster
1253 2356 1392 2398 neque
1422 2345 1639 2388 ambrosia
1670 2349 1711 2388 et

222 2419 394 2458 nectare
426 2414 562 2471 effluit
581 2425 722 2469 neque
743 2416 790 2454 ut
810 2411 1019 2455 Lambino
1042 2413 1182 2455 visum
1204 2416 1268 2455 est
1290 2413 1474 2470 diffluit,
1502 2413 1580 2455 sed
1602 2412 1710 2455 forte

223 2483 378 2540 affluat
393 2499 408 2538 ,·
428 2494 568 2537 neque
590 2481 705 2524 idem
726 2485 899 2524 nectare
931 2484 1004 2523 aut
1034 2480 1251 2524 ambrosia
1281 2481 1405 2536 quasi
1436 2482 1579 2524 colore
1610 2483 1709 2523 tine-

223 2560 290 2594 tas
326 2555 417 2594 est.
457 2550 589 2593 nihilo
626 2550 765 2592 minus
803 2549 910 2591 haec
952 2549 1206 2605 interpretes
1247 2550 1459 2606 patienter
1495 2549 1708 2604 tulerunt,

223 2632 319 2662 cum
354 2632 527 2662 manum
562 2622 718 2675 poetae
753 2617 930 2660 minima
969 2631 1102 2674 opera
1137 2619 1359 2662 restituere
1395 2621 1572 2674 possent
1607 2617 1709 2660 scri-

223 2687 365 2730 bendo
395 2687 562 2745 Effluat
590 2687 803 2730 ambrosia
843 2686 933 2742 (vel
962 2688 1213 2742 ambrosiae)
1250 2688 1380 2743 quasi
1405 2703 1498 2729 vere
1530 2695 1566 2728 ec
1595 2700 1707 2726 NEC-

223 2755 358 2796 TARI'
391 2769 599 2797 miserus
618 2787 628 2798 .
676 2755 854 2810 capellis
899 2755 1012 2797 enim
1056 2755 1162 2809 quid
1205 2756 1343 2809 magis
1388 2754 1606 2810 proprium
1644 2757 1708 2795 est

225 2823 392 2866 linctu?
422 2826 465 2865 et
494 2823 575 2866 hoc
604 2823 815 2867 vocabulo
847 2836 933 2865 non
955 2823 1083 2865 modo
1105 2823 1271 2865 Plinius
1299 2836 1402 2865 usus
1424 2826 1514 2876 est,
1537 2821 1614 2863 sed
1634 2835 1708 2876 po-

224 2891 304 2933 tuit
333 2891 448 2933 omni
478 2894 670 2946 tempore
700 2891 842 2946 quivis
873 2891 961 2933 uti.
983 2891 1089 2934 haec
1120 2891 1210 2934 fere
1242 2889 1458 2945 disputavi
1489 2889 1534 2931 in
1563 2893 1708 2944 proe'c-

224 2958 346 3014 dosi,
379 2971 492 3013 quae
522 2960 638 3004 facta
667 2964 733 3002 est
763 2973 877 3002 anno
899 2973 1156 3000 Mocccxnvn
1188 2958 1259 3001 die
1289 2972 1391 2999 xxxv
1413 2957 1537 3012 Iulii,
1570 2970 1708 3012 neque

224 3040 337 3070 nunc
358 3031 474 3071 muto
492 3060 502 3070 .
523 3027 601 3071 sed
622 3029 819 3085 quamvis
839 3030 954 3069 recte
975 3027 1187 3070 ambrosia
1203 3026 1370 3069 dicatur
1386 3025 1537 3068 ultima
1550 3024 1706 3081 longa,
