2040 3328
989 236 1044 277 VI
1671 235 1756 278 425

394 350 517 393 1270.
556 363 729 390 Penus
767 363 922 391 SUPER
959 363 1162 391 OSSIBUS
1201 365 1296 391 UNA
1329 350 1602 392 memsus
1640 364 1756 390 TAE-

277 433 384 460 rius
416 432 575 460 PROPE
607 433 693 459 IAM
725 432 990 466 sonanun
1021 433 1268 461 SEPULTA.
1309 419 1552 461 Vicaerz‘bus
1573 418 1756 473 quadra-

275 492 371 542 tus,
412 492 625 530 corrector
656 487 830 542 oblongi
875 487 1134 529 Visceribus.-
1170 486 1457 529 Uncnmssns
1496 488 1728 530 Lambinus
1747 520 1755 530 .

274 555 389 599 idem
421 569 696 602 sonmous.
741 555 818 597 sed
850 555 903 598 de
933 555 1047 610 pelle
1078 554 1278 598 sordibus
1311 571 1443 612 prope
1474 557 1560 598 iam
1591 557 1758 612 sepulta

275 637 417 679 nugae
437 629 554 679 sunt,
579 623 705 679 quasi
727 623 1048 666 consuetudinis
1071 623 1125 665 sit
1141 627 1400 666 mortuorum
1418 624 1552 679 pelles
1570 623 1754 667 humari.

275 706 408 748 quare
438 692 672 749 prudenter
693 691 900 734 Marullus
931 691 1106 748 scripsit
1135 691 1310 747 sepultis
1326 709 1340 746 ,-
1369 692 1453 734 nisi
1484 693 1598 746 quod
1622 693 1756 735 oratio

274 761 442 817 aptiore
471 761 641 804 vinculo
672 760 899 815 iungetur,
932 760 969 801 Si
1002 759 1235 802 scribemus
1266 774 1409 801 PELL1
1438 777 1565 818 super
1596 761 1757 803 ossibus

274 845 388 872 una.-
425 843 525 872 nam
561 829 605 871 in
641 827 722 871 hac
753 828 930 871 ablativi
968 827 1106 870 forma
1135 827 1255 870 nulla
1286 828 1466 871 offensio
1498 832 1590 883 est,
1620 842 1758 883 neque

274 897 424 940 dubito
457 898 560 953 quin
591 897 634 939 in
658 896 744 940 Ciri
765 896 849 940 505
871 900 985 939 recte
1005 897 1201 952 plerique
1223 897 1470 952 scripserint
1493 897 1631 940 Crura
1651 913 1758 939 nova

274 967 428 1009 macies
449 966 624 1008 obduxit
647 964 849 1021 squalida
863 965 990 1022 pelli.
1011 964 1148 1007 nihilo
1170 965 1310 1008 minus
1332 965 1398 1007 hic
1414 978 1585 1022 verSUS‚
1606 965 1756 1021 Corpo-

274 1036 336 1077 ris
367 1035 548 1089 inluvie,
575 1034 686 1091 pelli
707 1049 834 1089 super
855 1033 1016 1075 ossibus
1036 1049 1125 1075 una
1140 1066 1151 1088 ‚
1175 1033 1303 1076 valde
1325 1034 1530 1076 molestus
1552 1038 1641 1088 est,
1664 1046 1758 1077 cum

273 1102 402 1146 modo
432 1101 748 1158 praecesserint
778 1102 1006 1144 semanimo
1036 1117 1129 1144 cum
1160 1118 1331 1158 corpore
1361 1102 1542 1144 membra
1563 1102 1759 1144 Horrida

270 1171 475 1228 paedore.
495 1171 640 1225 itaque
660 1170 774 1212 hunc
794 1181 964 1211 versum
985 1183 1012 1212 a
1027 1170 1224 1213 Lucretio
1246 1184 1330 1213 non
1353 1183 1403 1213 eo
1426 1170 1605 1213 consilio
1628 1171 1757 1227 scrip-

274 1244 363 1282 tum
385 1252 479 1282 esse
502 1238 720 1292 existimo,
751 1242 798 1279 ut
829 1238 980 1280 ceteris
1010 1239 1071 1280 ita
1100 1242 1146 1280 ut
1168 1251 1279 1281 nunc
1300 1239 1498 1293 leguntur
1520 1240 1757 1282 constitutis

273 1311 540 1351 servaretur.
566 1306 762 1350 similiter
783 1306 973 1349 iudicavi
994 1319 1125 1362 supra
1142 1306 1196 1349 de
1212 1307 1264 1349 iis
1282 1321 1392 1362 quae
1411 1312 1506 1350 sunt
1526 1308 1570 1350 in
1590 1323 1634 1364 11,
1651 1308 1755 1364 522,

273 1376 327 1419 de
358 1389 485 1419 versu
516 1375 613 1418 libri
645 1390 692 1416 111
717 1375 821 1418 1031
843 1408 852 1430 ,
886 1375 938 1417 de
974 1374 1084 1417 1230
1111 1379 1152 1417 et
1176 1375 1285 1418 1328
1307 1377 1471 1431 quinti,
1495 1377 1682 1432 itemque
1703 1376 1757 1419 de

272 1445 396 1488 huius
427 1444 526 1487 libri
548 1444 602 1487 85
634 1457 727 1486 cum
759 1443 966 1499 proximis
985 1476 994 1485 .
1018 1443 1083 1485 his
1105 1444 1303 1486 convenit
1323 1450 1442 1501 nota,
1466 1445 1520 1487 de
1543 1458 1629 1500 qua
1650 1445 1757 1488 haec

273 1513 434 1569 scripta
464 1517 611 1556 extant
640 1514 685 1555 in
716 1511 864 1555 libello
896 1512 950 1554 de
981 1512 1092 1554 notis
1120 1511 1374 1556 Probianis.
1406 1514 1634 1570 antz'sz‘yma
1664 1530 1756 1556 cum

268 1591 427 1639 puncto
455 1582 690 1638 ponebatur
721 1597 814 1623 cum
845 1579 1030 1623 eiusdem
1059 1596 1206 1622 sensus
1235 1597 1380 1624 versus
1411 1581 1600 1638 duplices
1627 1591 1759 1625 essent

273 1660 310 1694 et
340 1650 604 1693 dubitaretur
635 1650 714 1705 qui
733 1650 876 1706 potius
909 1648 1078 1705 leyendi
1091 1679 1100 1689 .
1132 1650 1193 1691 sic
1223 1658 1260 1691 et
1289 1648 1407 1706 apud
1435 1659 1596 1693 nostros
1614 1683 1623 1693 .

390 1717 512 1762 1272.
559 1731 788 1758 DELUBRA
832 1731 1114 1758 RELLERAT.
1162 1717 1388 1760 Corrector
1439 1717 1614 1772 oblongi
1665 1733 1757 1759 nn-

270 1802 491 1830 PLERAT.

390 1855 512 1898 1273.
560 1868 891 1900 ONERATAQUE
935 1869 1110 1896 PAssm
1156 1854 1357 1898 CUNCTA
1404 1869 1755 1897 cADAvEmsth

273 1937 567 1967 CAELESTUM
597 1936 794 1963 TEMPLA
825 1936 1057 1964 MANEBAT
1074 1955 1084 1965 .
1117 1922 1362 1974 Quadratus
1384 1925 1563 1967 manebit
1581 1957 1590 1967 .
1611 1925 1655 1967 in
1676 1925 1757 1967 hoc

271 1991 482 2036 vocabulo
514 2003 567 2033 ea
596 1990 757 2033 scheda
787 1991 948 2034 codicis
974 1991 1196 2047 archetypi
1218 1992 1443 2035 desinebat
1463 2006 1548 2047 qua
1568 1993 1756 2048 paginae

271 2060 370 2103 libri
391 2060 499 2103 sexti
522 2073 654 2100 xnvm
676 2063 717 2102 et
732 2074 832 2101 xmx
855 2060 1203 2116 continebantur,
1222 2074 1361 2117 eaque
1382 2065 1474 2104 erat
1493 2062 1757 2116 paenultima

271 2129 433 2173 codicis
455 2142 478 2183 3·
499 2142 583 2184 quo
615 2127 754 2170 minus
787 2129 939 2170 mirum
973 2132 1064 2184 est,
1096 2130 1222 2185 siqua
1251 2129 1439 2173 litterula
1471 2129 1539 2172 hic
1567 2130 1755 2173 librariis

271 2197 428 2240 nostris
459 2210 546 2239 non
578 2196 682 2238 satis
714 2197 832 2239 clara
863 2196 967 2241 fuit.
1001 2197 1088 2240 iam
1118 2203 1253 2241 totum
1283 2198 1520 2241 sententiae
1552 2199 1755 2241 ambitum

271 2265 516 2308 considera.
539 2264 685 2307 omnia
701 2264 879 2307 delubra
895 2282 1007 2308 mors
1024 2266 1273 2322 corporibus
1290 2267 1523 2324 repleverat
1540 2271 1581 2310 et
1596 2267 1756 2322 templa

270 2333 447 2376 deorum
478 2337 631 2376 cuncta
662 2333 948 2377 cadaveribus
979 2339 1164 2389 gravata
1194 2337 1354 2379 tenebat
1371 2354 1386 2392 ,-
1417 2349 1528 2391 quae
1558 2336 1655 2378 loca
1684 2348 1754 2378 ae-

270 2403 378 2446 ditui
420 2401 660 2458 hospitibus
702 2403 959 2459 complerant
988 2403 1100 2446 vivis
1138 2408 1179 2446 et
1209 2405 1390 2448 salutem
1421 2404 1724 2460 quaerentibus
1743 2436 1752 2446 .

269 2471 549 2528 Thucydides
589 2467 645 2513 τά
683 2486 732 2514 τε
764 2467 860 2528 ἱερὰ
892 2467 938 2515 ἐν
969 2465 1038 2523 οἷς
1067 2468 1302 2530 ἓσκήνηντο
1336 2475 1497 2531 νεκρῶν
1527 2471 1644 2516 πλέα
1673 2466 1751 2529 ἦν,

270 2536 411 2584 αὐτοῦ
443 2537 901 2596 ἐναποθνησκόντων.
933 2542 1056 2596 posui
1088 2541 1132 2584 id
1162 2543 1336 2586 verbum
1370 2542 1485 2598 quod
1516 2542 1752 2584 orationem

269 2613 362 2652 arte
394 2613 436 2651 et
465 2609 689 2664 eleganter
720 2613 987 2664 conecteret,
1020 2610 1102 2652 hoc
1133 2615 1197 2654 est
1228 2624 1474 2665 TENEBAT,
1503 2623 1638 2664 eoque
1659 2609 1751 2651 solo

268 2681 400 2733 poeta
435 2677 503 2720 hic
539 2679 598 2720 uti
636 2678 801 2733 potuit.
842 2682 886 2720 at
917 2678 1124 2721 Marullus
1156 2679 1289 2721 Italos
1324 2683 1491 2721 secutus
1530 2690 1609 2720 nec
1645 2676 1751 2719 satis

267 2746 442 2802 proprie
479 2747 650 2802 scripsit
687 2755 863 2789 onerata
900 2746 1054 2802 templa
1090 2748 1312 2789 manebant
1328 2780 1339 2801 ‚
1378 2750 1420 2787 et
1458 2759 1507 2788 eo
1538 2744 1665 2787 modo
1697 2758 1750 2786 ex

269 2814 437 2856 duobus
458 2815 661 2857 membris
692 2814 775 2857 tria
796 2813 914 2864 fecit,
938 2826 1118 2868 quorum
1138 2815 1331 2856 ultimum
1354 2814 1398 2855 in
1420 2812 1609 2855 eiusdem
1631 2813 1750 2855 vocis

268 2883 524 2937 repetitione
554 2896 642 2925 non
673 2882 779 2925 satis
801 2895 855 2924 ex
875 2885 966 2923 arte
988 2881 1044 2923 ad
1064 2883 1249 2937 primum
1269 2881 1468 2937 respicit.
1498 2880 1750 2938 aedituentes

267 2963 346 3006 pro
377 2951 564 2993 aedituis
595 2951 640 2992 in
662 2949 850 2992 carmine
871 2962 949 2992 suo
972 2949 1212 2992 Lucretium
1240 2950 1462 3006 appellare
1483 2948 1649 2991 Gellius
1669 2952 1749 2992 ret-

270 3018 370 3061 tulit
400 3018 508 3061 libro
540 3032 614 3074 XII,
635 3018 688 3062 10
704 3049 714 3061 .
