<?xml version="1.0" encoding="UTF-8"?>
<!DOCTYPE html PUBLIC "-//W3C//DTD XHTML 1.0 Transitional//EN"
    "http://www.w3.org/TR/xhtml1/DTD/xhtml1-transitional.dtd">
<html xmlns="http://www.w3.org/1999/xhtml" xml:lang="en" lang="en">
 <head>
  <title>
</title>
<meta http-equiv="Content-Type" content="text/html;charset=utf-8" />
  <meta name='ocr-system' content='tesseract 3.04.00' />
  <meta name='ocr-capabilities' content='ocr_page ocr_carea ocr_par ocr_line ocrx_word'/>
</head>
<body>
  <div class='ocr_page' id='page_1' title='image "./intlucretiicarid00lachuoft_0302.png"; bbox 0 0 2040 3328; ppageno 0'>
   <div class='ocr_carea' id='block_1_1' title="bbox 421 234 1162 276">
    <p class='ocr_par' dir='ltr' id='par_1_1' title="bbox 421 234 1162 276">
     <span class='ocr_line' id='line_1_1' title="bbox 421 234 1162 276; baseline -0.001 0"><span class='ocrx_word' id='word_1_1' title='bbox 421 234 502 276; x_wconf 87' lang='grc'>298</span> <span class='ocrx_word' id='word_1_2' title='bbox 1126 235 1162 275; x_wconf 95' lang='lat' dir='ltr'>V</span> 
     </span>
    </p>
   </div>
   <div class='ocr_carea' id='block_1_2' title="bbox 414 344 1874 2995">
    <p class='ocr_par' dir='ltr' id='par_1_2' title="bbox 416 344 1869 865">
     <span class='ocr_line' id='line_1_2' title="bbox 529 344 1869 400; baseline 0.002 -13"><span class='ocrx_word' id='word_1_3' title='bbox 529 344 626 387; x_wconf 90' lang='lat'>538.</span> <span class='ocrx_word' id='word_1_4' title='bbox 658 358 838 390; x_wconf 74' lang='lat' dir='ltr'>omnus</span> <span class='ocrx_word' id='word_1_5' title='bbox 869 357 1036 384; x_wconf 76' lang='lat' dir='ltr'>msxrA</span> <span class='ocrx_word' id='word_1_6' title='bbox 1066 357 1229 387; x_wconf 75' lang='lat' dir='ltr'>vwrr.</span> <span class='ocrx_word' id='word_1_7' title='bbox 1257 344 1371 387; x_wconf 86' lang='lat' dir='ltr'>Dixit</span> <span class='ocrx_word' id='word_1_8' title='bbox 1403 349 1618 400; x_wconf 65' lang='lat' dir='ltr'>poetarum</span> <span class='ocrx_word' id='word_1_9' title='bbox 1646 360 1761 390; x_wconf 90' lang='lat' dir='ltr'>more</span> <span class='ocrx_word' id='word_1_10' title='bbox 1789 348 1869 390; x_wconf 89' lang='lat' dir='ltr'>Lu-</span> 
     </span>
     <span class='ocr_line' id='line_1_3' title="bbox 420 406 1869 470; baseline 0.002 -17"><span class='ocrx_word' id='word_1_11' title='bbox 420 411 574 453; x_wconf 86' lang='lat' dir='ltr'>eretius</span> <span class='ocrx_word' id='word_1_12' title='bbox 596 412 716 463; x_wconf 88' lang='lat' dir='ltr'>ignes</span> <span class='ocrx_word' id='word_1_13' title='bbox 738 410 919 452; x_wconf 86' lang='lat' dir='ltr'>aetheris</span> <span class='ocrx_word' id='word_1_14' title='bbox 939 411 1075 452; x_wconf 78' lang='lat' dir='ltr'>vivere</span> <span class='ocrx_word' id='word_1_15' title='bbox 1094 424 1121 464; x_wconf 87' lang='lat'>1,</span> <span class='ocrx_word' id='word_1_16' title='bbox 1143 410 1276 463; x_wconf 89' lang='lat'>1034,</span> <span class='ocrx_word' id='word_1_17' title='bbox 1302 406 1401 453; x_wconf 88' lang='lat' dir='ltr'>item</span> <span class='ocrx_word' id='word_1_18' title='bbox 1419 413 1514 455; x_wconf 81' lang='lat' dir='ltr'>viva</span> <span class='ocrx_word' id='word_1_19' title='bbox 1538 414 1640 455; x_wconf 91' lang='lat' dir='ltr'>solis</span> <span class='ocrx_word' id='word_1_20' title='bbox 1659 415 1869 470; x_wconf 87' lang='lat' dir='ltr'>lunaeque</span> 
     </span>
     <span class='ocr_line' id='line_1_4' title="bbox 420 476 1869 531; baseline 0.003 -13"><span class='ocrx_word' id='word_1_21' title='bbox 420 489 598 530; x_wconf 91' lang='lat' dir='ltr'>corpora</span> <span class='ocrx_word' id='word_1_22' title='bbox 618 489 657 531; x_wconf 89' lang='lat' dir='ltr'>v,</span> <span class='ocrx_word' id='word_1_23' title='bbox 674 477 783 530; x_wconf 92' lang='lat'>476,</span> <span class='ocrx_word' id='word_1_24' title='bbox 807 477 1040 530; x_wconf 89' lang='lat' dir='ltr'>eodemque</span> <span class='ocrx_word' id='word_1_25' title='bbox 1055 476 1180 518; x_wconf 88' lang='lat' dir='ltr'>modo</span> <span class='ocrx_word' id='word_1_26' title='bbox 1197 477 1325 531; x_wconf 87' lang='lat' dir='ltr'>paulo</span> <span class='ocrx_word' id='word_1_27' title='bbox 1344 482 1440 520; x_wconf 90' lang='lat' dir='ltr'>ante</span> <span class='ocrx_word' id='word_1_28' title='bbox 1456 478 1540 520; x_wconf 90' lang='lat'>514</span> <span class='ocrx_word' id='word_1_29' title='bbox 1555 481 1715 522; x_wconf 77' lang='lat' dir='ltr'>aeterni</span> <span class='ocrx_word' id='word_1_30' title='bbox 1728 480 1869 523; x_wconf 75' lang='lat' dir='ltr'>sidera</span> 
     </span>
     <span class='ocr_line' id='line_1_5' title="bbox 417 542 1868 597; baseline 0.004 -14"><span class='ocrx_word' id='word_1_31' title='bbox 417 542 569 584; x_wconf 76' lang='lat' dir='ltr'>mundi</span> <span class='ocrx_word' id='word_1_32' title='bbox 579 558 592 583; x_wconf 91' lang='lat'>.·</span> <span class='ocrx_word' id='word_1_33' title='bbox 612 542 686 584; x_wconf 90' lang='lat' dir='ltr'>sed</span> <span class='ocrx_word' id='word_1_34' title='bbox 708 546 862 584; x_wconf 89' lang='lat' dir='ltr'>terram</span> <span class='ocrx_word' id='word_1_35' title='bbox 884 542 1094 596; x_wconf 91' lang='lat' dir='ltr'>quomodo</span> <span class='ocrx_word' id='word_1_36' title='bbox 1124 542 1267 585; x_wconf 87' lang='lat' dir='ltr'>vivere</span> <span class='ocrx_word' id='word_1_37' title='bbox 1297 542 1435 597; x_wconf 85' lang='lat' dir='ltr'>dicat,</span> <span class='ocrx_word' id='word_1_38' title='bbox 1456 546 1579 587; x_wconf 78' lang='lat' dir='ltr'>vitali</span> <span class='ocrx_word' id='word_1_39' title='bbox 1592 555 1701 588; x_wconf 80' lang='lat' dir='ltr'>motu</span> <span class='ocrx_word' id='word_1_40' title='bbox 1729 562 1868 589; x_wconf 79' lang='lat' dir='ltr'>sensu-</span> 
     </span>
     <span class='ocr_line' id='line_1_6' title="bbox 417 608 1868 666; baseline 0.003 -15"><span class='ocrx_word' id='word_1_41' title='bbox 417 625 497 664; x_wconf 80' lang='lat' dir='ltr'>que</span> <span class='ocrx_word' id='word_1_42' title='bbox 525 618 719 650; x_wconf 76' lang='lat' dir='ltr'>remotam</span> <span class='ocrx_word' id='word_1_43' title='bbox 748 623 788 663; x_wconf 77' lang='lat' dir='ltr'>V,</span> <span class='ocrx_word' id='word_1_44' title='bbox 810 608 913 663; x_wconf 92' lang='lat'>125,</span> <span class='ocrx_word' id='word_1_45' title='bbox 935 622 1021 650; x_wconf 91' lang='lat' dir='ltr'>non</span> <span class='ocrx_word' id='word_1_46' title='bbox 1047 622 1218 663; x_wconf 90' lang='lat' dir='ltr'>possum</span> <span class='ocrx_word' id='word_1_47' title='bbox 1249 610 1494 664; x_wconf 82' lang='lat' dir='ltr'>intellegere</span> <span class='ocrx_word' id='word_1_48' title='bbox 1511 642 1522 653; x_wconf 87' lang='lat'><strong>.</strong></span> <span class='ocrx_word' id='word_1_49' title='bbox 1542 611 1682 666; x_wconf 89' lang='lat' dir='ltr'>inepte</span> <span class='ocrx_word' id='word_1_50' title='bbox 1703 612 1868 655; x_wconf 89' lang='lat' dir='ltr'>Lambi-</span> 
     </span>
     <span class='ocr_line' id='line_1_7' title="bbox 416 675 1867 731; baseline 0.004 -16"><span class='ocrx_word' id='word_1_51' title='bbox 416 688 497 716; x_wconf 89' lang='lat' dir='ltr'>nus</span> <span class='ocrx_word' id='word_1_52' title='bbox 526 675 627 717; x_wconf 74' lang='lat' dir='ltr'>sidit</span> <span class='ocrx_word' id='word_1_53' title='bbox 646 687 698 717; x_wconf 86' lang='lat' dir='ltr'>ex</span> <span class='ocrx_word' id='word_1_54' title='bbox 718 675 860 716; x_wconf 87' lang='lat' dir='ltr'>neseio</span> <span class='ocrx_word' id='word_1_55' title='bbox 892 675 1041 729; x_wconf 89' lang='lat' dir='ltr'>quibus</span> <span class='ocrx_word' id='word_1_56' title='bbox 1071 676 1270 730; x_wconf 85' lang='lat' dir='ltr'>antiquae</span> <span class='ocrx_word' id='word_1_57' title='bbox 1300 676 1531 731; x_wconf 79' lang='lat' dir='ltr'>scripturae</span> <span class='ocrx_word' id='word_1_58' title='bbox 1559 678 1604 719; x_wconf 91' lang='lat' dir='ltr'>in</span> <span class='ocrx_word' id='word_1_59' title='bbox 1625 678 1867 721; x_wconf 88' lang='lat' dir='ltr'>Bertiniano</span> 
     </span>
     <span class='ocr_line' id='line_1_8' title="bbox 418 741 1868 797; baseline 0.003 -14"><span class='ocrx_word' id='word_1_60' title='bbox 418 741 636 794; x_wconf 87' lang='lat' dir='ltr'>vestigiis,</span> <span class='ocrx_word' id='word_1_61' title='bbox 659 741 775 783; x_wconf 92' lang='lat' dir='ltr'>cuius</span> <span class='ocrx_word' id='word_1_62' title='bbox 811 741 926 783; x_wconf 90' lang='lat' dir='ltr'>modi</span> <span class='ocrx_word' id='word_1_63' title='bbox 965 746 1076 784; x_wconf 90' lang='lat' dir='ltr'>certe</span> <span class='ocrx_word' id='word_1_64' title='bbox 1111 743 1230 784; x_wconf 90' lang='lat' dir='ltr'>nulla</span> <span class='ocrx_word' id='word_1_65' title='bbox 1258 747 1354 785; x_wconf 90' lang='lat' dir='ltr'>sunt</span> <span class='ocrx_word' id='word_1_66' title='bbox 1388 743 1431 784; x_wconf 92' lang='lat' dir='ltr'>in</span> <span class='ocrx_word' id='word_1_67' title='bbox 1461 743 1666 797; x_wconf 81' lang='lat' dir='ltr'>quadrato</span> <span class='ocrx_word' id='word_1_68' title='bbox 1697 745 1868 788; x_wconf 89' lang='lat' dir='ltr'>codice.</span> 
     </span>
     <span class='ocr_line' id='line_1_9' title="bbox 418 808 1866 865; baseline 0.003 -17"><span class='ocrx_word' id='word_1_69' title='bbox 418 808 478 849; x_wconf 88' lang='lat' dir='ltr'>rei</span> <span class='ocrx_word' id='word_1_70' title='bbox 509 808 948 850; x_wconf 86' lang='lat' dir='ltr'>convenientissimum</span> <span class='ocrx_word' id='word_1_71' title='bbox 978 821 1071 851; x_wconf 84' lang='lat' dir='ltr'>esse</span> <span class='ocrx_word' id='word_1_72' title='bbox 1102 809 1297 851; x_wconf 85' lang='lat' dir='ltr'>existimo</span> <span class='ocrx_word' id='word_1_73' title='bbox 1334 810 1482 865; x_wconf 78' lang='lat' dir='ltr'>quibus</span> <span class='ocrx_word' id='word_1_74' title='bbox 1510 810 1638 851; x_wconf 79' lang='lat' dir='ltr'>insita</span> <span class='ocrx_word' id='word_1_75' title='bbox 1667 825 1840 853; x_wconf 67' lang='lat' dir='ltr'>cunvu·</span> <span class='ocrx_word' id='word_1_76' title='bbox 1857 844 1866 853; x_wconf 88' lang='lat'><strong><em>.</em></strong></span> 
     </span>
    </p>

    <p class='ocr_par' dir='ltr' id='par_1_3' title="bbox 417 874 1870 1396">
     <span class='ocr_line' id='line_1_10' title="bbox 529 874 1868 923; baseline 0.003 -8"><span class='ocrx_word' id='word_1_77' title='bbox 529 874 624 917; x_wconf 88' lang='lat'>545.</span> <span class='ocrx_word' id='word_1_78' title='bbox 646 874 812 921; x_wconf 75' lang='lat' dir='ltr'>USQUE</span> <span class='ocrx_word' id='word_1_79' title='bbox 833 889 960 916; x_wconf 73' lang='lat' dir='ltr'>Anno</span> <span class='ocrx_word' id='word_1_80' title='bbox 981 889 1102 916; x_wconf 83' lang='lat' dir='ltr'>MAGI</span> <span class='ocrx_word' id='word_1_81' title='bbox 1122 889 1306 917; x_wconf 62' lang='lat' dir='ltr'>anunm·</span> <span class='ocrx_word' id='word_1_82' title='bbox 1328 889 1443 922; x_wconf 70' lang='lat' dir='ltr'>Qum</span> <span class='ocrx_word' id='word_1_83' title='bbox 1461 889 1654 922; x_wconf 74' lang='lat' dir='ltr'>QunQun</span> <span class='ocrx_word' id='word_1_84' title='bbox 1675 891 1868 923; x_wconf 74' lang='lat' dir='ltr'><strong>QUAEAT</strong></span> 
     </span>
     <span class='ocr_line' id='line_1_11' title="bbox 419 942 1869 999; baseline 0.005 -18"><span class='ocrx_word' id='word_1_85' title='bbox 419 955 504 982; x_wconf 68' lang='lat' dir='ltr'>uns</span> <span class='ocrx_word' id='word_1_86' title='bbox 523 973 532 981; x_wconf 94' lang='lat'><strong>.</strong></span> <span class='ocrx_word' id='word_1_87' title='bbox 554 942 648 983; x_wconf 88' lang='lat' dir='ltr'>Itali</span> <span class='ocrx_word' id='word_1_88' title='bbox 679 946 720 983; x_wconf 91' lang='lat' dir='ltr'>et</span> <span class='ocrx_word' id='word_1_89' title='bbox 748 942 943 996; x_wconf 79' lang='lat' dir='ltr'>impressi</span> <span class='ocrx_word' id='word_1_90' title='bbox 971 956 1036 983; x_wconf 82' lang='lat' dir='ltr'>MA</span> <span class='ocrx_word' id='word_1_91' title='bbox 1047 958 1127 983; x_wconf 75' lang='lat' dir='ltr'>em</span> <span class='ocrx_word' id='word_1_92' title='bbox 1156 944 1309 999; x_wconf 76' lang='lat' dir='ltr'>refert.</span> <span class='ocrx_word' id='word_1_93' title='bbox 1330 946 1417 984; x_wconf 92' lang='lat' dir='ltr'>tum</span> <span class='ocrx_word' id='word_1_94' title='bbox 1447 946 1544 996; x_wconf 90' lang='lat' dir='ltr'>post</span> <span class='ocrx_word' id='word_1_95' title='bbox 1572 955 1726 987; x_wconf 87' lang='lat' dir='ltr'>vanum</span> <span class='ocrx_word' id='word_1_96' title='bbox 1747 945 1869 988; x_wconf 86' lang='lat' dir='ltr'>Lam-</span> 
     </span>
     <span class='ocr_line' id='line_1_12' title="bbox 418 1007 1868 1066; baseline 0.005 -18"><span class='ocrx_word' id='word_1_97' title='bbox 418 1007 506 1049; x_wconf 92' lang='lat' dir='ltr'>bini</span> <span class='ocrx_word' id='word_1_98' title='bbox 538 1012 732 1049; x_wconf 89' lang='lat' dir='ltr'>conatum</span> <span class='ocrx_word' id='word_1_99' title='bbox 758 1008 791 1049; x_wconf 92' lang='lat' dir='ltr'>I.</span> <span class='ocrx_word' id='word_1_100' title='bbox 813 1008 859 1049; x_wconf 89' lang='lat' dir='ltr'>F.</span> <span class='ocrx_word' id='word_1_101' title='bbox 881 1009 1120 1052; x_wconf 84' lang='lat' dir='ltr'>Gronovius</span> <span class='ocrx_word' id='word_1_102' title='bbox 1150 1010 1193 1051; x_wconf 93' lang='lat' dir='ltr'>in</span> <span class='ocrx_word' id='word_1_103' title='bbox 1225 1009 1566 1051; x_wconf 86' lang='lat' dir='ltr'>observationum</span> <span class='ocrx_word' id='word_1_104' title='bbox 1595 1011 1698 1064; x_wconf 89' lang='lat'>111,5</span> <span class='ocrx_word' id='word_1_105' title='bbox 1727 1025 1770 1066; x_wconf 88' lang='lat' dir='ltr'>p.</span> <span class='ocrx_word' id='word_1_106' title='bbox 1785 1011 1868 1054; x_wconf 83' lang='lat'>465</span> 
     </span>
     <span class='ocr_line' id='line_1_13' title="bbox 417 1074 1868 1130; baseline 0.003 -15"><span class='ocrx_word' id='word_1_107' title='bbox 417 1074 522 1130; x_wconf 78' lang='lat' dir='ltr'>quid</span> <span class='ocrx_word' id='word_1_108' title='bbox 539 1090 723 1129; x_wconf 78' lang='lat' dir='ltr'>quaeque</span> <span class='ocrx_word' id='word_1_109' title='bbox 738 1075 855 1116; x_wconf 79' lang='lat' dir='ltr'>vehat</span> <span class='ocrx_word' id='word_1_110' title='bbox 873 1090 940 1116; x_wconf 77' lang='lat' dir='ltr'>res</span> <span class='ocrx_word' id='word_1_111' title='bbox 954 1107 965 1127; x_wconf 87' lang='lat'>,</span> <span class='ocrx_word' id='word_1_112' title='bbox 986 1075 1030 1116; x_wconf 92' lang='lat' dir='ltr'>id</span> <span class='ocrx_word' id='word_1_113' title='bbox 1047 1080 1109 1117; x_wconf 90' lang='lat' dir='ltr'>est</span> <span class='ocrx_word' id='word_1_114' title='bbox 1125 1075 1226 1129; x_wconf 90' lang='lat' dir='ltr'>quid</span> <span class='ocrx_word' id='word_1_115' title='bbox 1242 1079 1405 1130; x_wconf 86' lang='lat' dir='ltr'>portet.</span> <span class='ocrx_word' id='word_1_116' title='bbox 1427 1088 1575 1117; x_wconf 89' lang='lat' dir='ltr'>verum</span> <span class='ocrx_word' id='word_1_117' title='bbox 1595 1075 1640 1118; x_wconf 84' lang='lat' dir='ltr'>id</span> <span class='ocrx_word' id='word_1_118' title='bbox 1656 1089 1765 1119; x_wconf 90' lang='lat' dir='ltr'>nunc</span> <span class='ocrx_word' id='word_1_119' title='bbox 1782 1090 1868 1120; x_wconf 90' lang='lat' dir='ltr'>non</span> 
     </span>
     <span class='ocr_line' id='line_1_14' title="bbox 417 1140 1870 1198; baseline 0.003 -17"><span class='ocrx_word' id='word_1_120' title='bbox 417 1140 582 1194; x_wconf 88' lang='lat' dir='ltr'>agitur,</span> <span class='ocrx_word' id='word_1_121' title='bbox 613 1140 689 1182; x_wconf 89' lang='lat' dir='ltr'>sed</span> <span class='ocrx_word' id='word_1_122' title='bbox 719 1141 820 1194; x_wconf 88' lang='lat' dir='ltr'>quid</span> <span class='ocrx_word' id='word_1_123' title='bbox 850 1141 1002 1195; x_wconf 89' lang='lat' dir='ltr'>cuique</span> <span class='ocrx_word' id='word_1_124' title='bbox 1032 1143 1256 1184; x_wconf 90' lang='lat' dir='ltr'>conveniat</span> <span class='ocrx_word' id='word_1_125' title='bbox 1288 1146 1329 1183; x_wconf 91' lang='lat' dir='ltr'>et</span> <span class='ocrx_word' id='word_1_126' title='bbox 1359 1142 1622 1184; x_wconf 81' lang='lat' dir='ltr'>coniunctum</span> <span class='ocrx_word' id='word_1_127' title='bbox 1651 1143 1706 1185; x_wconf 86' lang='lat' dir='ltr'>sit</span> <span class='ocrx_word' id='word_1_128' title='bbox 1732 1156 1870 1198; x_wconf 88' lang='lat' dir='ltr'>neque</span> 
     </span>
     <span class='ocr_line' id='line_1_15' title="bbox 418 1205 1864 1266; baseline 0.003 -19"><span class='ocrx_word' id='word_1_129' title='bbox 418 1206 626 1248; x_wconf 87' lang='lat' dir='ltr'>alienum:</span> <span class='ocrx_word' id='word_1_130' title='bbox 655 1207 759 1249; x_wconf 90' lang='lat' dir='ltr'>haec</span> <span class='ocrx_word' id='word_1_131' title='bbox 787 1207 898 1249; x_wconf 92' lang='lat' dir='ltr'>enim</span> <span class='ocrx_word' id='word_1_132' title='bbox 928 1220 1057 1250; x_wconf 87' lang='lat' dir='ltr'>causa</span> <span class='ocrx_word' id='word_1_133' title='bbox 1087 1213 1150 1250; x_wconf 88' lang='lat' dir='ltr'>est</span> <span class='ocrx_word' id='word_1_134' title='bbox 1180 1221 1254 1250; x_wconf 88' lang='lat' dir='ltr'>cur</span> <span class='ocrx_word' id='word_1_135' title='bbox 1274 1241 1284 1262; x_wconf 98' lang='lat'>,</span> <span class='ocrx_word' id='word_1_136' title='bbox 1306 1213 1350 1250; x_wconf 89' lang='lat' dir='ltr'>ut</span> <span class='ocrx_word' id='word_1_137' title='bbox 1379 1208 1545 1251; x_wconf 90' lang='lat' dir='ltr'>dicebat</span> <span class='ocrx_word' id='word_1_138' title='bbox 1575 1210 1808 1264; x_wconf 89' lang='lat' dir='ltr'>Epicurus,</span> <span class='ocrx_word' id='word_1_139' title='bbox 1836 1205 1864 1266; x_wconf 86' lang='grc' dir='ltr'><strong><em>ἡ</em></strong></span> 
     </span>
     <span class='ocr_line' id='line_1_16' title="bbox 417 1270 1868 1332; baseline 0.003 -17"><span class='ocrx_word' id='word_1_140' title='bbox 417 1274 471 1329; x_wconf 82' lang='grc' dir='ltr'>γῆ</span> <span class='ocrx_word' id='word_1_141' title='bbox 498 1274 559 1329; x_wconf 81' lang='grc' dir='ltr'>τῷ</span> <span class='ocrx_word' id='word_1_142' title='bbox 589 1270 687 1330; x_wconf 79' lang='grc' dir='ltr'><em>ἀέρι</em></span> <span class='ocrx_word' id='word_1_143' title='bbox 716 1272 939 1326; x_wconf 77' lang='grc' dir='ltr'><strong><em>ἐποχεῖται</em></strong></span> <span class='ocrx_word' id='word_1_144' title='bbox 956 1306 965 1315; x_wconf 90' lang='grc'><strong>.</strong></span> <span class='ocrx_word' id='word_1_145' title='bbox 995 1288 1167 1328; x_wconf 86' lang='lat' dir='ltr'>prorsus</span> <span class='ocrx_word' id='word_1_146' title='bbox 1199 1275 1493 1317; x_wconf 87' lang='lat' dir='ltr'>Lucretianum</span> <span class='ocrx_word' id='word_1_147' title='bbox 1525 1279 1588 1318; x_wconf 90' lang='lat' dir='ltr'>est</span> <span class='ocrx_word' id='word_1_148' title='bbox 1616 1276 1721 1332; x_wconf 79' lang='lat' dir='ltr'>quid</span> <span class='ocrx_word' id='word_1_149' title='bbox 1746 1292 1868 1332; x_wconf 82' lang='lat' dir='ltr'>quae-</span> 
     </span>
     <span class='ocr_line' id='line_1_17' title="bbox 420 1354 807 1396; baseline 0 -14"><span class='ocrx_word' id='word_1_150' title='bbox 420 1357 497 1396; x_wconf 83' lang='lat' dir='ltr'>que</span> <span class='ocrx_word' id='word_1_151' title='bbox 526 1354 686 1382; x_wconf 77' lang='lat' dir='ltr'>AVEAT</span> <span class='ocrx_word' id='word_1_152' title='bbox 716 1357 807 1383; x_wconf 81' lang='lat' dir='ltr'>res.</span> 
     </span>
    </p>

    <p class='ocr_par' dir='ltr' id='par_1_4' title="bbox 529 1408 1860 1463">
     <span class='ocr_line' id='line_1_18' title="bbox 529 1408 1860 1463; baseline 0 -12"><span class='ocrx_word' id='word_1_153' title='bbox 529 1408 625 1451; x_wconf 88' lang='lat'>551.</span> <span class='ocrx_word' id='word_1_154' title='bbox 657 1422 808 1449; x_wconf 72' lang='lat' dir='ltr'>surm]</span> <span class='ocrx_word' id='word_1_155' title='bbox 844 1421 939 1453; x_wconf 75' lang='lat' dir='ltr'>Qun</span> <span class='ocrx_word' id='word_1_156' title='bbox 977 1421 1028 1448; x_wconf 74' lang='lat' dir='ltr'>sn</span> <span class='ocrx_word' id='word_1_157' title='bbox 1059 1421 1205 1450; x_wconf 74' lang='lat' dir='ltr'>sum.</span> <span class='ocrx_word' id='word_1_158' title='bbox 1234 1408 1450 1451; x_wconf 88' lang='lat' dir='ltr'>Corrector</span> <span class='ocrx_word' id='word_1_159' title='bbox 1485 1409 1658 1463; x_wconf 87' lang='lat' dir='ltr'>oblongi</span> <span class='ocrx_word' id='word_1_160' title='bbox 1689 1423 1860 1452; x_wconf 63' lang='lat' dir='ltr'>sumu.</span> 
     </span>
    </p>

    <p class='ocr_par' dir='ltr' id='par_1_5' title="bbox 529 1475 1868 1530">
     <span class='ocr_line' id='line_1_19' title="bbox 529 1475 1868 1530; baseline 0 -12"><span class='ocrx_word' id='word_1_161' title='bbox 529 1475 625 1518; x_wconf 84' lang='grc'><strong>553.</strong></span> <span class='ocrx_word' id='word_1_162' title='bbox 646 1476 893 1516; x_wconf 72' lang='grc' dir='ltr'><strong>ΡΑΒΤῙΒυε</strong></span> <span class='ocrx_word' id='word_1_163' title='bbox 913 1487 1029 1515; x_wconf 76' lang='lat' dir='ltr'>Amu</span> <span class='ocrx_word' id='word_1_164' title='bbox 1043 1488 1199 1516; x_wconf 82' lang='lat' dir='ltr'><strong>MUNDI</strong></span> <span class='ocrx_word' id='word_1_165' title='bbox 1216 1506 1226 1517; x_wconf 86' lang='lat'><strong>.</strong></span> <span class='ocrx_word' id='word_1_166' title='bbox 1245 1476 1341 1517; x_wconf 85' lang='lat' dir='ltr'>Itali</span> <span class='ocrx_word' id='word_1_167' title='bbox 1356 1489 1548 1530; x_wconf 77' lang='lat' dir='ltr'>AERIIS,</span> <span class='ocrx_word' id='word_1_168' title='bbox 1570 1479 1618 1518; x_wconf 83' lang='lat' dir='ltr'>ut</span> <span class='ocrx_word' id='word_1_169' title='bbox 1633 1489 1759 1518; x_wconf 81' lang='lat' dir='ltr'>versu</span> <span class='ocrx_word' id='word_1_170' title='bbox 1772 1475 1868 1519; x_wconf 86' lang='lat'>538.</span> 
     </span>
    </p>

    <p class='ocr_par' dir='ltr' id='par_1_6' title="bbox 417 1541 1870 1734">
     <span class='ocr_line' id='line_1_20' title="bbox 528 1541 1869 1588; baseline -0.001 -4"><span class='ocrx_word' id='word_1_171' title='bbox 528 1542 623 1584; x_wconf 89' lang='grc'><strong>555.</strong></span> <span class='ocrx_word' id='word_1_172' title='bbox 655 1555 813 1587; x_wconf 77' lang='lat' dir='ltr'><strong>ATQUE</strong></span> <span class='ocrx_word' id='word_1_173' title='bbox 830 1555 1006 1582; x_wconf 64' lang='lat' dir='ltr'>uun-ER</span> <span class='ocrx_word' id='word_1_174' title='bbox 1021 1554 1187 1582; x_wconf 81' lang='lat' dir='ltr'>AUCTA</span> <span class='ocrx_word' id='word_1_175' title='bbox 1204 1573 1213 1582; x_wconf 92' lang='lat'>.</span> <span class='ocrx_word' id='word_1_176' title='bbox 1228 1541 1325 1584; x_wconf 89' lang='lat'>558.</span> <span class='ocrx_word' id='word_1_177' title='bbox 1340 1555 1503 1588; x_wconf 76' lang='lat' dir='ltr'><strong>ATQUE</strong></span> <span class='ocrx_word' id='word_1_178' title='bbox 1519 1556 1699 1584; x_wconf 71' lang='lat' dir='ltr'>omnm</span> <span class='ocrx_word' id='word_1_179' title='bbox 1712 1555 1869 1584; x_wconf 75' lang='lat' dir='ltr'>RAPTA</span> 
     </span>
     <span class='ocr_line' id='line_1_21' title="bbox 417 1607 1870 1663; baseline 0.001 -15"><span class='ocrx_word' id='word_1_180' title='bbox 417 1622 503 1648; x_wconf 79' lang='lat' dir='ltr'>EST</span> <span class='ocrx_word' id='word_1_181' title='bbox 522 1641 530 1649; x_wconf 95' lang='lat'><strong>.</strong></span> <span class='ocrx_word' id='word_1_182' title='bbox 552 1609 602 1650; x_wconf 95' lang='lat' dir='ltr'>In</span> <span class='ocrx_word' id='word_1_183' title='bbox 631 1609 770 1663; x_wconf 87' lang='lat' dir='ltr'>priore</span> <span class='ocrx_word' id='word_1_184' title='bbox 789 1621 914 1650; x_wconf 91' lang='lat' dir='ltr'>versu</span> <span class='ocrx_word' id='word_1_185' title='bbox 943 1621 1066 1648; x_wconf 75' lang='lat' dir='ltr'>APrA</span> <span class='ocrx_word' id='word_1_186' title='bbox 1087 1607 1316 1661; x_wconf 90' lang='lat' dir='ltr'>Marullus,</span> <span class='ocrx_word' id='word_1_187' title='bbox 1338 1608 1382 1650; x_wconf 92' lang='lat' dir='ltr'>in</span> <span class='ocrx_word' id='word_1_188' title='bbox 1402 1610 1535 1651; x_wconf 89' lang='lat' dir='ltr'>altero</span> <span class='ocrx_word' id='word_1_189' title='bbox 1556 1609 1641 1651; x_wconf 90' lang='lat' dir='ltr'>iam</span> <span class='ocrx_word' id='word_1_190' title='bbox 1661 1612 1870 1652; x_wconf 87' lang='lat' dir='ltr'>corrector</span> 
     </span>
     <span class='ocr_line' id='line_1_22' title="bbox 418 1675 1683 1734; baseline -0.001 -17"><span class='ocrx_word' id='word_1_191' title='bbox 418 1675 644 1730; x_wconf 90' lang='lat' dir='ltr'>quadrati,</span> <span class='ocrx_word' id='word_1_192' title='bbox 666 1676 765 1718; x_wconf 91' lang='lat' dir='ltr'>item</span> <span class='ocrx_word' id='word_1_193' title='bbox 796 1675 1004 1716; x_wconf 89' lang='lat' dir='ltr'>Antonius</span> <span class='ocrx_word' id='word_1_194' title='bbox 1033 1675 1155 1734; x_wconf 82' lang='lat' dir='ltr'>Marii</span> <span class='ocrx_word' id='word_1_195' title='bbox 1187 1678 1228 1716; x_wconf 88' lang='lat' dir='ltr'>et</span> <span class='ocrx_word' id='word_1_196' title='bbox 1257 1675 1491 1717; x_wconf 82' lang='lat' dir='ltr'>Brixiensis</span> <span class='ocrx_word' id='word_1_197' title='bbox 1522 1675 1652 1717; x_wconf 89' lang='lat' dir='ltr'>editio</span> <span class='ocrx_word' id='word_1_198' title='bbox 1674 1707 1683 1716; x_wconf 89' lang='lat'>.</span> 
     </span>
    </p>

    <p class='ocr_par' dir='ltr' id='par_1_7' title="bbox 414 1741 1874 2995">
     <span class='ocr_line' id='line_1_23' title="bbox 528 1741 1868 1792; baseline -0.001 -7"><span class='ocrx_word' id='word_1_199' title='bbox 528 1743 624 1785; x_wconf 86' lang='lat'>559.</span> <span class='ocrx_word' id='word_1_200' title='bbox 655 1756 806 1783; x_wconf 81' lang='lat' dir='ltr'><strong>SALTU</strong></span> <span class='ocrx_word' id='word_1_201' title='bbox 842 1755 1050 1782; x_wconf 72' lang='lat' dir='ltr'>Pnnmcn</span> <span class='ocrx_word' id='word_1_202' title='bbox 1090 1755 1307 1782; x_wconf 70' lang='lat' dir='ltr'>Tonmrnn</span> <span class='ocrx_word' id='word_1_203' title='bbox 1345 1755 1530 1783; x_wconf 73' lang='lat' dir='ltr'>conrus</span> <span class='ocrx_word' id='word_1_204' title='bbox 1567 1741 1688 1792; x_wconf 82' lang='lat' dir='ltr'>Qms</span> <span class='ocrx_word' id='word_1_205' title='bbox 1728 1755 1868 1783; x_wconf 70' lang='lat' dir='ltr'>Po’rxs</span> 
     </span>
     <span class='ocr_line' id='line_1_24' title="bbox 416 1808 1874 1864; baseline 0.001 -15"><span class='ocrx_word' id='word_1_206' title='bbox 416 1823 530 1863; x_wconf 80' lang='lat' dir='ltr'>EST,</span> <span class='ocrx_word' id='word_1_207' title='bbox 560 1823 661 1850; x_wconf 79' lang='lat' dir='ltr'>N1s1</span> <span class='ocrx_word' id='word_1_208' title='bbox 694 1823 770 1849; x_wconf 77' lang='lat' dir='ltr'>V1s</span> <span class='ocrx_word' id='word_1_209' title='bbox 810 1822 996 1849; x_wconf 75' lang='lat' dir='ltr'>ANIMAE</span> <span class='ocrx_word' id='word_1_210' title='bbox 1019 1808 1041 1850; x_wconf 63' lang='grc' dir='ltr'>*Ρ</span> <span class='ocrx_word' id='word_1_211' title='bbox 1070 1808 1276 1851; x_wconf 85' lang='lat' dir='ltr'>Antonius</span> <span class='ocrx_word' id='word_1_212' title='bbox 1310 1808 1434 1850; x_wconf 86' lang='lat' dir='ltr'>Marii</span> <span class='ocrx_word' id='word_1_213' title='bbox 1468 1808 1650 1850; x_wconf 70' lang='lat' dir='ltr'>attollere</span> <span class='ocrx_word' id='word_1_214' title='bbox 1669 1841 1680 1862; x_wconf 89' lang='lat'>,</span> <span class='ocrx_word' id='word_1_215' title='bbox 1705 1809 1874 1864; x_wconf 78' lang='lat' dir='ltr'>pernici</span> 
     </span>
     <span class='ocr_line' id='line_1_25' title="bbox 417 1875 1868 1930; baseline 0.001 -14"><span class='ocrx_word' id='word_1_216' title='bbox 417 1876 648 1918; x_wconf 83' lang='lat' dir='ltr'>Brixiensis</span> <span class='ocrx_word' id='word_1_217' title='bbox 679 1876 815 1918; x_wconf 88' lang='lat' dir='ltr'>editor</span> <span class='ocrx_word' id='word_1_218' title='bbox 850 1879 892 1917; x_wconf 87' lang='lat' dir='ltr'>et</span> <span class='ocrx_word' id='word_1_219' title='bbox 921 1876 1151 1929; x_wconf 82' lang='lat' dir='ltr'>Marullus3</span> <span class='ocrx_word' id='word_1_220' title='bbox 1180 1888 1356 1929; x_wconf 87' lang='lat' dir='ltr'>quorum</span> <span class='ocrx_word' id='word_1_221' title='bbox 1393 1875 1495 1930; x_wconf 89' lang='lat' dir='ltr'>quia</span> <span class='ocrx_word' id='word_1_222' title='bbox 1528 1878 1720 1917; x_wconf 88' lang='lat' dir='ltr'>neutrum</span> <span class='ocrx_word' id='word_1_223' title='bbox 1749 1875 1868 1918; x_wconf 84' lang='lat' dir='ltr'>alteri</span> 
     </span>
     <span class='ocr_line' id='line_1_26' title="bbox 416 1941 1869 1997; baseline -0.001 -13"><span class='ocrx_word' id='word_1_224' title='bbox 416 1946 631 1997; x_wconf 85' lang='lat' dir='ltr'>praestat,</span> <span class='ocrx_word' id='word_1_225' title='bbox 652 1947 823 1985; x_wconf 90' lang='lat' dir='ltr'>maneat</span> <span class='ocrx_word' id='word_1_226' title='bbox 838 1942 881 1983; x_wconf 92' lang='lat' dir='ltr'>in</span> <span class='ocrx_word' id='word_1_227' title='bbox 898 1943 1166 1996; x_wconf 86' lang='lat' dir='ltr'>possessione</span> <span class='ocrx_word' id='word_1_228' title='bbox 1185 1956 1381 1983; x_wconf 83' lang='lat' dir='ltr'>PERNICI</span> <span class='ocrx_word' id='word_1_229' title='bbox 1397 1972 1407 1983; x_wconf 92' lang='grc'><strong>.</strong></span> <span class='ocrx_word' id='word_1_230' title='bbox 1427 1946 1514 1984; x_wconf 92' lang='lat' dir='ltr'>tum</span> <span class='ocrx_word' id='word_1_231' title='bbox 1535 1945 1647 1984; x_wconf 89' lang='lat' dir='ltr'>recte</span> <span class='ocrx_word' id='word_1_232' title='bbox 1661 1941 1869 1996; x_wconf 87' lang='lat' dir='ltr'>Tanaquil</span> 
     </span>
     <span class='ocr_line' id='line_1_27' title="bbox 416 2001 1867 2065; baseline -0.001 -15"><span class='ocrx_word' id='word_1_233' title='bbox 416 2001 553 2051; x_wconf 79' lang='lat' dir='ltr'>Faber</span> <span class='ocrx_word' id='word_1_234' title='bbox 574 2009 699 2060; x_wconf 76' lang='lat' dir='ltr'>Qun)</span> <span class='ocrx_word' id='word_1_235' title='bbox 721 2010 836 2065; x_wconf 75' lang='lat' dir='ltr'>potis</span> <span class='ocrx_word' id='word_1_236' title='bbox 866 2018 948 2050; x_wconf 76' lang='lat' dir='ltr'>est.</span> <span class='ocrx_word' id='word_1_237' title='bbox 970 2009 1046 2050; x_wconf 87' lang='lat' dir='ltr'>sed</span> <span class='ocrx_word' id='word_1_238' title='bbox 1076 2013 1297 2063; x_wconf 86' lang='lat' dir='ltr'>praeterea</span> <span class='ocrx_word' id='word_1_239' title='bbox 1324 2008 1680 2051; x_wconf 69' lang='lat' dir='ltr'>scribendum‘est</span> <span class='ocrx_word' id='word_1_240' title='bbox 1699 2023 1867 2063; x_wconf 73' lang='lat' dir='ltr'>Aunn,</span> 
     </span>
     <span class='ocr_line' id='line_1_28' title="bbox 417 2075 1868 2130; baseline 0.001 -13"><span class='ocrx_word' id='word_1_241' title='bbox 417 2076 627 2130; x_wconf 92' lang='lat' dir='ltr'>quomodo</span> <span class='ocrx_word' id='word_1_242' title='bbox 658 2081 768 2118; x_wconf 86' lang='lat' dir='ltr'>recte</span> <span class='ocrx_word' id='word_1_243' title='bbox 797 2076 995 2130; x_wconf 87' lang='lat' dir='ltr'>scriptum</span> <span class='ocrx_word' id='word_1_244' title='bbox 1026 2079 1141 2118; x_wconf 83' lang='lat' dir='ltr'>extat</span> <span class='ocrx_word' id='word_1_245' title='bbox 1168 2089 1293 2118; x_wconf 88' lang='lat' dir='ltr'>versu</span> <span class='ocrx_word' id='word_1_246' title='bbox 1318 2075 1401 2118; x_wconf 88' lang='lat'>563</span> <span class='ocrx_word' id='word_1_247' title='bbox 1419 2106 1428 2117; x_wconf 90' lang='lat'><strong>.</strong></span> <span class='ocrx_word' id='word_1_248' title='bbox 1456 2075 1563 2116; x_wconf 90' lang='lat' dir='ltr'>libro</span> <span class='ocrx_word' id='word_1_249' title='bbox 1584 2089 1626 2130; x_wconf 88' lang='lat'>11,</span> <span class='ocrx_word' id='word_1_250' title='bbox 1644 2075 1724 2118; x_wconf 85' lang='lat'>261</span> <span class='ocrx_word' id='word_1_251' title='bbox 1756 2076 1868 2118; x_wconf 81' lang='lat' dir='ltr'>Nam</span> 
     </span>
     <span class='ocr_line' id='line_1_29' title="bbox 415 2141 1866 2199; baseline 0 -15"><span class='ocrx_word' id='word_1_252' title='bbox 415 2143 538 2185; x_wconf 72' lang='lat' dir='ltr'>dubio</span> <span class='ocrx_word' id='word_1_253' title='bbox 564 2143 713 2199; x_wconf 73' lang='lat' dir='ltr'>procul</span> <span class='ocrx_word' id='word_1_254' title='bbox 730 2143 795 2183; x_wconf 75' lang='lat' dir='ltr'>his</span> <span class='ocrx_word' id='word_1_255' title='bbox 815 2143 936 2184; x_wconf 78' lang='lat' dir='ltr'>rebus</span> <span class='ocrx_word' id='word_1_256' title='bbox 954 2158 1032 2183; x_wconf 82' lang='lat' dir='ltr'>sua</span> <span class='ocrx_word' id='word_1_257' title='bbox 1051 2143 1198 2198; x_wconf 79' lang='lat' dir='ltr'>cuique</span> <span class='ocrx_word' id='word_1_258' title='bbox 1218 2143 1406 2184; x_wconf 75' lang='lat' dir='ltr'>volunta-s·</span> <span class='ocrx_word' id='word_1_259' title='bbox 1426 2142 1690 2197; x_wconf 75' lang='lat' dir='ltr'>Principium</span> <span class='ocrx_word' id='word_1_260' title='bbox 1711 2141 1783 2184; x_wconf 82' lang='lat' dir='ltr'>dat</span> <span class='ocrx_word' id='word_1_261' title='bbox 1797 2174 1808 2196; x_wconf 89' lang='lat'>‚</span> <span class='ocrx_word' id='word_1_262' title='bbox 1830 2151 1866 2184; x_wconf 82' lang='lat' dir='ltr'>et</span> 
     </span>
     <span class='ocr_line' id='line_1_30' title="bbox 415 2207 1870 2264; baseline 0 -14"><span class='ocrx_word' id='word_1_263' title='bbox 415 2210 509 2251; x_wconf 72' lang='lat' dir='ltr'>hinc</span> <span class='ocrx_word' id='word_1_264' title='bbox 538 2219 668 2252; x_wconf 81' lang='lat' dir='ltr'>motus</span> <span class='ocrx_word' id='word_1_265' title='bbox 679 2225 761 2264; x_wconf 74' lang='lat' dir='ltr'>per</span> <span class='ocrx_word' id='word_1_266' title='bbox 780 2209 960 2250; x_wconf 78' lang='lat' dir='ltr'>membra</span> <span class='ocrx_word' id='word_1_267' title='bbox 988 2210 1180 2264; x_wconf 71' lang='lat' dir='ltr'>&#39;riqantur</span> <span class='ocrx_word' id='word_1_268' title='bbox 1198 2241 1207 2250; x_wconf 91' lang='lat'><em>.</em></span> <span class='ocrx_word' id='word_1_269' title='bbox 1230 2209 1275 2249; x_wconf 87' lang='lat' dir='ltr'>in</span> <span class='ocrx_word' id='word_1_270' title='bbox 1295 2208 1563 2261; x_wconf 81' lang='lat' dir='ltr'>Sangallensi</span> <span class='ocrx_word' id='word_1_271' title='bbox 1590 2207 1734 2250; x_wconf 79' lang='lat' dir='ltr'>codiee</span> <span class='ocrx_word' id='word_1_272' title='bbox 1753 2207 1870 2250; x_wconf 78' lang='lat' dir='ltr'>seho-</span> 
     </span>
     <span class='ocr_line' id='line_1_31' title="bbox 415 2274 1868 2329; baseline -0.001 -12"><span class='ocrx_word' id='word_1_273' title='bbox 415 2276 565 2319; x_wconf 84' lang='lat' dir='ltr'>liorum</span> <span class='ocrx_word' id='word_1_274' title='bbox 596 2277 639 2317; x_wconf 93' lang='lat' dir='ltr'>in</span> <span class='ocrx_word' id='word_1_275' title='bbox 669 2275 939 2328; x_wconf 86' lang='lat' dir='ltr'>Iuvenalem,</span> <span class='ocrx_word' id='word_1_276' title='bbox 967 2276 1038 2328; x_wconf 93' lang='lat' dir='ltr'>qui</span> <span class='ocrx_word' id='word_1_277' title='bbox 1067 2275 1235 2317; x_wconf 88' lang='lat' dir='ltr'>saeculo</span> <span class='ocrx_word' id='word_1_278' title='bbox 1261 2287 1373 2316; x_wconf 92' lang='lat' dir='ltr'>nono</span> <span class='ocrx_word' id='word_1_279' title='bbox 1403 2274 1580 2328; x_wconf 86' lang='lat' dir='ltr'>scriptus</span> <span class='ocrx_word' id='word_1_280' title='bbox 1610 2278 1700 2329; x_wconf 89' lang='lat' dir='ltr'>est,</span> <span class='ocrx_word' id='word_1_281' title='bbox 1721 2274 1868 2329; x_wconf 87' lang='lat' dir='ltr'>primis</span> 
     </span>
     <span class='ocr_line' id='line_1_32' title="bbox 415 2340 1869 2396; baseline -0.001 -12"><span class='ocrx_word' id='word_1_282' title='bbox 415 2342 584 2396; x_wconf 86' lang='lat' dir='ltr'>paginis</span> <span class='ocrx_word' id='word_1_283' title='bbox 607 2342 869 2384; x_wconf 78' lang='lat' dir='ltr'>conti-nentur</span> <span class='ocrx_word' id='word_1_284' title='bbox 889 2354 1034 2383; x_wconf 85' lang='lat' dir='ltr'>versus</span> <span class='ocrx_word' id='word_1_285' title='bbox 1056 2354 1079 2383; x_wconf 93' lang='lat' dir='ltr'>e</span> <span class='ocrx_word' id='word_1_286' title='bbox 1099 2342 1235 2395; x_wconf 69' lang='lat' dir='ltr'>poetis</span> <span class='ocrx_word' id='word_1_287' title='bbox 1252 2340 1537 2395; x_wconf 78' lang='lat' dir='ltr'>compluribus</span> <span class='ocrx_word' id='word_1_288' title='bbox 1555 2372 1565 2394; x_wconf 96' lang='lat'>,</span> <span class='ocrx_word' id='word_1_289' title='bbox 1586 2353 1763 2394; x_wconf 89' lang='lat' dir='ltr'>quorum</span> <span class='ocrx_word' id='word_1_290' title='bbox 1783 2353 1869 2382; x_wconf 91' lang='lat' dir='ltr'>non</span> 
     </span>
     <span class='ocr_line' id='line_1_33' title="bbox 417 2406 1869 2463; baseline -0.001 -13"><span class='ocrx_word' id='word_1_291' title='bbox 417 2413 512 2450; x_wconf 87' lang='lat' dir='ltr'>sunt</span> <span class='ocrx_word' id='word_1_292' title='bbox 542 2409 756 2463; x_wconf 87' lang='lat' dir='ltr'>adscripta</span> <span class='ocrx_word' id='word_1_293' title='bbox 785 2408 980 2461; x_wconf 88' lang='lat' dir='ltr'>nomina,</span> <span class='ocrx_word' id='word_1_294' title='bbox 1004 2408 1184 2462; x_wconf 86' lang='lat' dir='ltr'>excerpti</span> <span class='ocrx_word' id='word_1_295' title='bbox 1209 2411 1380 2462; x_wconf 88' lang='lat' dir='ltr'>propter</span> <span class='ocrx_word' id='word_1_296' title='bbox 1410 2407 1664 2460; x_wconf 87' lang='lat' dir='ltr'>quantitates</span> <span class='ocrx_word' id='word_1_297' title='bbox 1685 2406 1869 2461; x_wconf 86' lang='lat' dir='ltr'>syllaba—</span> 
     </span>
     <span class='ocr_line' id='line_1_34' title="bbox 415 2472 1869 2528; baseline -0.003 -11"><span class='ocrx_word' id='word_1_298' title='bbox 415 2490 506 2517; x_wconf 91' lang='lat' dir='ltr'>rum</span> <span class='ocrx_word' id='word_1_299' title='bbox 525 2508 533 2517; x_wconf 91' lang='lat'><strong>.</strong></span> <span class='ocrx_word' id='word_1_300' title='bbox 554 2476 661 2517; x_wconf 87' lang='lat' dir='ltr'>inter</span> <span class='ocrx_word' id='word_1_301' title='bbox 699 2476 776 2517; x_wconf 93' lang='lat' dir='ltr'>hos</span> <span class='ocrx_word' id='word_1_302' title='bbox 813 2488 836 2516; x_wconf 94' lang='lat' dir='ltr'>e</span> <span class='ocrx_word' id='word_1_303' title='bbox 866 2475 1047 2516; x_wconf 85' lang='lat' dir='ltr'>Lucretii</span> <span class='ocrx_word' id='word_1_304' title='bbox 1083 2475 1266 2515; x_wconf 87' lang='lat' dir='ltr'>carmine</span> <span class='ocrx_word' id='word_1_305' title='bbox 1302 2473 1420 2528; x_wconf 89' lang='lat' dir='ltr'>petiti</span> <span class='ocrx_word' id='word_1_306' title='bbox 1459 2477 1556 2514; x_wconf 91' lang='lat' dir='ltr'>sunt</span> <span class='ocrx_word' id='word_1_307' title='bbox 1591 2472 1674 2514; x_wconf 90' lang='lat' dir='ltr'>duo</span> <span class='ocrx_word' id='word_1_308' title='bbox 1713 2473 1767 2514; x_wconf 88' lang='lat' dir='ltr'>de</span> <span class='ocrx_word' id='word_1_309' title='bbox 1802 2473 1869 2514; x_wconf 90' lang='lat' dir='ltr'>tri-</span> 
     </span>
     <span class='ocr_line' id='line_1_35' title="bbox 415 2539 1869 2596; baseline -0.001 -12"><span class='ocrx_word' id='word_1_310' title='bbox 415 2543 534 2595; x_wconf 90' lang='lat' dir='ltr'>ginta</span> <span class='ocrx_word' id='word_1_311' title='bbox 549 2556 641 2585; x_wconf 91' lang='lat' dir='ltr'>cum</span> <span class='ocrx_word' id='word_1_312' title='bbox 659 2542 808 2584; x_wconf 90' lang='lat' dir='ltr'>ceteris</span> <span class='ocrx_word' id='word_1_313' title='bbox 826 2541 1037 2583; x_wconf 85' lang='lat' dir='ltr'>commixti</span> <span class='ocrx_word' id='word_1_314' title='bbox 1055 2573 1065 2596; x_wconf 83' lang='lat'>,</span> <span class='ocrx_word' id='word_1_315' title='bbox 1087 2555 1114 2596; x_wconf 87' lang='lat'>1,</span> <span class='ocrx_word' id='word_1_316' title='bbox 1136 2542 1212 2583; x_wconf 88' lang='lat'>156</span> <span class='ocrx_word' id='word_1_317' title='bbox 1229 2541 1282 2582; x_wconf 87' lang='lat'>82</span> <span class='ocrx_word' id='word_1_318' title='bbox 1303 2540 1380 2581; x_wconf 87' lang='lat'>119</span> <span class='ocrx_word' id='word_1_319' title='bbox 1400 2540 1478 2581; x_wconf 88' lang='lat'>186</span> <span class='ocrx_word' id='word_1_320' title='bbox 1494 2540 1577 2581; x_wconf 87' lang='lat'>210</span> <span class='ocrx_word' id='word_1_321' title='bbox 1591 2539 1672 2581; x_wconf 89' lang='lat'>305</span> <span class='ocrx_word' id='word_1_322' title='bbox 1689 2539 1771 2582; x_wconf 88' lang='lat'>306</span> <span class='ocrx_word' id='word_1_323' title='bbox 1787 2539 1869 2582; x_wconf 85' lang='lat'>396</span> 
     </span>
     <span class='ocr_line' id='line_1_36' title="bbox 414 2605 1866 2663; baseline -0.001 -14"><span class='ocrx_word' id='word_1_324' title='bbox 414 2623 457 2663; x_wconf 89' lang='lat'>11,</span> <span class='ocrx_word' id='word_1_325' title='bbox 475 2609 555 2652; x_wconf 92' lang='lat'>201</span> <span class='ocrx_word' id='word_1_326' title='bbox 583 2623 610 2661; x_wconf 90' lang='lat'>1,</span> <span class='ocrx_word' id='word_1_327' title='bbox 627 2609 708 2651; x_wconf 89' lang='lat'>448</span> <span class='ocrx_word' id='word_1_328' title='bbox 722 2609 805 2651; x_wconf 86' lang='lat'>449</span> <span class='ocrx_word' id='word_1_329' title='bbox 821 2608 904 2650; x_wconf 92' lang='lat'>580</span> <span class='ocrx_word' id='word_1_330' title='bbox 921 2608 1001 2650; x_wconf 88' lang='lat'>779</span> <span class='ocrx_word' id='word_1_331' title='bbox 1030 2622 1073 2662; x_wconf 90' lang='lat'>11,</span> <span class='ocrx_word' id='word_1_332' title='bbox 1091 2607 1171 2650; x_wconf 90' lang='lat'>245</span> <span class='ocrx_word' id='word_1_333' title='bbox 1191 2607 1272 2650; x_wconf 90' lang='lat'>551</span> <span class='ocrx_word' id='word_1_334' title='bbox 1294 2606 1376 2648; x_wconf 90' lang='lat'>525</span> <span class='ocrx_word' id='word_1_335' title='bbox 1396 2605 1478 2647; x_wconf 88' lang='lat'>429</span> <span class='ocrx_word' id='word_1_336' title='bbox 1500 2606 1579 2648; x_wconf 91' lang='lat'>351</span> <span class='ocrx_word' id='word_1_337' title='bbox 1605 2605 1682 2647; x_wconf 88' lang='lat'>128</span> <span class='ocrx_word' id='word_1_338' title='bbox 1709 2619 1769 2659; x_wconf 92' lang='lat'>111,</span> <span class='ocrx_word' id='word_1_339' title='bbox 1787 2605 1866 2648; x_wconf 85' lang='lat'>207</span> 
     </span>
     <span class='ocr_line' id='line_1_37' title="bbox 414 2671 1868 2730; baseline -0.002 -14"><span class='ocrx_word' id='word_1_340' title='bbox 414 2690 470 2729; x_wconf 81' lang='lat' dir='ltr'>w,</span> <span class='ocrx_word' id='word_1_341' title='bbox 487 2675 567 2718; x_wconf 82' lang='lat'>641</span> <span class='ocrx_word' id='word_1_342' title='bbox 589 2690 632 2730; x_wconf 85' lang='lat'>11,</span> <span class='ocrx_word' id='word_1_343' title='bbox 650 2675 729 2716; x_wconf 83' lang='lat'>447</span> <span class='ocrx_word' id='word_1_344' title='bbox 758 2689 817 2729; x_wconf 88' lang='lat'>111,</span> <span class='ocrx_word' id='word_1_345' title='bbox 839 2675 944 2716; x_wconf 89' lang='grc'><strong>1015</strong></span> <span class='ocrx_word' id='word_1_346' title='bbox 970 2688 1026 2728; x_wconf 88' lang='lat' dir='ltr'>1v,</span> <span class='ocrx_word' id='word_1_347' title='bbox 1045 2676 1070 2717; x_wconf 88' lang='grc'>9</span> <span class='ocrx_word' id='word_1_348' title='bbox 1091 2688 1129 2728; x_wconf 83' lang='lat' dir='ltr'>V,</span> <span class='ocrx_word' id='word_1_349' title='bbox 1146 2674 1229 2716; x_wconf 86' lang='grc'>559</span> <span class='ocrx_word' id='word_1_350' title='bbox 1246 2673 1328 2715; x_wconf 79' lang='lat'>952</span> <span class='ocrx_word' id='word_1_351' title='bbox 1356 2686 1410 2726; x_wconf 85' lang='lat' dir='ltr'>V1,</span> <span class='ocrx_word' id='word_1_352' title='bbox 1428 2673 1509 2715; x_wconf 87' lang='grc'><strong>896</strong></span> <span class='ocrx_word' id='word_1_353' title='bbox 1527 2673 1607 2715; x_wconf 82' lang='grc'>725</span> <span class='ocrx_word' id='word_1_354' title='bbox 1625 2703 1634 2712; x_wconf 94' lang='grc'><strong>.</strong></span> <span class='ocrx_word' id='word_1_355' title='bbox 1655 2671 1699 2714; x_wconf 89' lang='lat' dir='ltr'>in</span> <span class='ocrx_word' id='word_1_356' title='bbox 1719 2671 1868 2726; x_wconf 81' lang='lat' dir='ltr'>quibus</span> 
     </span>
     <span class='ocr_line' id='line_1_38' title="bbox 415 2738 1868 2795; baseline -0.003 -11"><span class='ocrx_word' id='word_1_357' title='bbox 415 2742 486 2784; x_wconf 82' lang='lat' dir='ltr'>vix</span> <span class='ocrx_word' id='word_1_358' title='bbox 516 2742 738 2795; x_wconf 88' lang='lat' dir='ltr'>quicquam</span> <span class='ocrx_word' id='word_1_359' title='bbox 766 2740 969 2783; x_wconf 88' lang='lat' dir='ltr'>memoria</span> <span class='ocrx_word' id='word_1_360' title='bbox 999 2741 1171 2794; x_wconf 89' lang='lat' dir='ltr'>dignum</span> <span class='ocrx_word' id='word_1_361' title='bbox 1199 2743 1262 2782; x_wconf 92' lang='lat' dir='ltr'>est</span> <span class='ocrx_word' id='word_1_362' title='bbox 1291 2739 1405 2793; x_wconf 92' lang='lat' dir='ltr'>quod</span> <span class='ocrx_word' id='word_1_363' title='bbox 1435 2751 1462 2780; x_wconf 90' lang='lat' dir='ltr'>a</span> <span class='ocrx_word' id='word_1_364' title='bbox 1491 2738 1745 2781; x_wconf 85' lang='lat' dir='ltr'>membranis</span> <span class='ocrx_word' id='word_1_365' title='bbox 1773 2750 1868 2780; x_wconf 83' lang='lat' dir='ltr'>nos·</span> 
     </span>
     <span class='ocr_line' id='line_1_39' title="bbox 415 2804 1867 2862; baseline -0.003 -12"><span class='ocrx_word' id='word_1_366' title='bbox 415 2809 490 2850; x_wconf 85' lang='lat' dir='ltr'>tris</span> <span class='ocrx_word' id='word_1_367' title='bbox 512 2809 707 2862; x_wconf 85' lang='lat' dir='ltr'>differat,</span> <span class='ocrx_word' id='word_1_368' title='bbox 729 2808 808 2849; x_wconf 85' lang='lat' dir='ltr'>nisi</span> <span class='ocrx_word' id='word_1_369' title='bbox 829 2808 874 2849; x_wconf 90' lang='lat' dir='ltr'>in</span> <span class='ocrx_word' id='word_1_370' title='bbox 894 2807 974 2849; x_wconf 92' lang='lat' dir='ltr'>hoc</span> <span class='ocrx_word' id='word_1_371' title='bbox 995 2807 1048 2849; x_wconf 91' lang='lat' dir='ltr'>de</span> <span class='ocrx_word' id='word_1_372' title='bbox 1069 2820 1150 2860; x_wconf 90' lang='lat' dir='ltr'>quo</span> <span class='ocrx_word' id='word_1_373' title='bbox 1173 2806 1338 2860; x_wconf 84' lang='lat' dir='ltr'>agimus</span> <span class='ocrx_word' id='word_1_374' title='bbox 1363 2818 1488 2847; x_wconf 85' lang='lat' dir='ltr'>versu</span> <span class='ocrx_word' id='word_1_375' title='bbox 1502 2805 1684 2861; x_wconf 75' lang='lat' dir='ltr'>pernicio</span> <span class='ocrx_word' id='word_1_376' title='bbox 1703 2804 1842 2847; x_wconf 79' lang='lat' dir='ltr'>tollere</span> <span class='ocrx_word' id='word_1_377' title='bbox 1855 2836 1867 2857; x_wconf 89' lang='lat'>,</span> 
     </span>
     <span class='ocr_line' id='line_1_40' title="bbox 416 2870 1868 2930; baseline -0.003 -14"><span class='ocrx_word' id='word_1_378' title='bbox 416 2876 459 2916; x_wconf 90' lang='lat' dir='ltr'>in</span> <span class='ocrx_word' id='word_1_379' title='bbox 490 2889 516 2929; x_wconf 87' lang='lat'>1,</span> <span class='ocrx_word' id='word_1_380' title='bbox 538 2875 615 2918; x_wconf 90' lang='grc'>156</span> <span class='ocrx_word' id='word_1_381' title='bbox 651 2876 713 2916; x_wconf 78' lang='lat' dir='ltr'>nil</span> <span class='ocrx_word' id='word_1_382' title='bbox 727 2907 738 2928; x_wconf 97' lang='lat'>,</span> <span class='ocrx_word' id='word_1_383' title='bbox 760 2875 841 2917; x_wconf 85' lang='lat'>306</span> <span class='ocrx_word' id='word_1_384' title='bbox 880 2874 1097 2916; x_wconf 78' lang='lat' dir='ltr'>Umescunt</span> <span class='ocrx_word' id='word_1_385' title='bbox 1131 2874 1242 2916; x_wconf 83' lang='lat' dir='ltr'>edem</span> <span class='ocrx_word' id='word_1_386' title='bbox 1280 2874 1530 2930; x_wconf 75' lang='lat' dir='ltr'>dispansae,</span> <span class='ocrx_word' id='word_1_387' title='bbox 1550 2870 1632 2913; x_wconf 88' lang='grc'>449</span> <span class='ocrx_word' id='word_1_388' title='bbox 1668 2871 1868 2913; x_wconf 75' lang='lat' dir='ltr'>convincit</span> 
     </span>
     <span class='ocr_line' id='line_1_41' title="bbox 415 2935 1868 2995; baseline -0.001 -13"><span class='ocrx_word' id='word_1_389' title='bbox 415 2953 492 2995; x_wconf 87' lang='lat' dir='ltr'>pro</span> <span class='ocrx_word' id='word_1_390' title='bbox 522 2941 733 2983; x_wconf 83' lang='lat' dir='ltr'>coniuncto</span> <span class='ocrx_word' id='word_1_391' title='bbox 763 2941 945 2994; x_wconf 78' lang='lat' dir='ltr'>duobus,</span> <span class='ocrx_word' id='word_1_392' title='bbox 968 2941 1048 2982; x_wconf 80' lang='lat'>779</span> <span class='ocrx_word' id='word_1_393' title='bbox 1079 2940 1403 2994; x_wconf 80' lang='lat' dir='ltr'>clandestinam,</span> <span class='ocrx_word' id='word_1_394' title='bbox 1432 2940 1475 2981; x_wconf 89' lang='lat' dir='ltr'>in</span> <span class='ocrx_word' id='word_1_395' title='bbox 1504 2953 1548 2994; x_wconf 83' lang='lat'>11,</span> <span class='ocrx_word' id='word_1_396' title='bbox 1563 2937 1646 2988; x_wconf 85' lang='lat'>429</span> <span class='ocrx_word' id='word_1_397' title='bbox 1679 2935 1868 2980; x_wconf 75' lang='lat' dir='ltr'>Tz&#39;tillare</span> 
     </span>
    </p>
   </div>
  </div>
 </body>
</html>
