2040 3328
941 251 1000 294 v1
1264 235 1266 237 ’
1627 254 1712 297 405

228 382 345 410 mm
364 399 374 410 .
406 370 632 422 praeterea
652 365 922 408 scribendum
945 370 1010 408 est
1037 375 1275 423 tempestate
1296 381 1345 407 m
1366 376 1480 409 terra
1495 400 1506 421 ,
1533 367 1648 422 quod
1669 368 1713 409 in

229 435 415 490 oblongo
445 448 541 478 esse
563 435 885 490 Havereampus
911 447 996 476 non
1025 447 1127 477 vere
1156 434 1313 477 refert.
1341 448 1491 478 versus
1519 435 1712 478 facillimi

227 503 531 559 interpretibus
562 503 706 546 neseio
739 501 953 557 quomodo
984 502 1152 545 obscuri
1184 503 1268 546 visi
1289 507 1415 545 sunt.
1439 503 1584 546 omnia
1613 517 1712 546 rara

227 584 323 614 esse
353 571 483 626 dicit,
515 576 556 614 et
583 575 880 627 tempestatem
907 570 1081 626 quidem
1113 585 1198 614 non
1225 572 1365 614 minus
1397 584 1523 626 quam
1546 572 1709 615 eaelum

226 643 268 683 et
297 644 454 683 terram
474 655 495 684 z,
515 640 624 683 hane
655 640 795 694 enim,
828 653 923 682 eum
953 640 998 681 in
1028 643 1144 682 terra
1175 644 1216 683 et
1246 641 1366 683 eaelo
1388 640 1628 695 cooriatur,
1650 644 1710 683 ta-

225 721 323 751 men
349 721 436 750 non
463 712 687 763 constare,
716 709 794 751 sed
814 722 914 751 mox
935 709 1200 764 tempestatis
1227 709 1271 751 in
1293 709 1459 752 eaelum
1490 712 1710 764 terrasque

224 777 440 821 resolutae
470 778 567 820 iura
596 776 810 820 facessere
827 809 837 819 .

337 846 434 889 958.
467 845 879 897 QUANDOQUIDEM
909 859 1049 886 mnu
1079 859 1165 886 EST
1195 860 1296 886 msr
1326 860 1453 887 RAno
1483 859 1708 887 conpone

223 928 391 956 nexum
409 947 419 957 .
450 913 568 957 Haeo
598 913 789 956 absurda
818 917 943 957 sunt:
965 913 1130 956 nullum
1161 919 1226 957 est
1255 914 1368 957 enim
1390 928 1531 957 rarum
1554 928 1708 971 eorpus

223 995 306 1037 quo
338 995 406 1025 res
438 982 549 1025 inter
579 995 625 1025 se
657 982 998 1037 coniungantur.
1022 982 1149 1025 immo
1172 996 1241 1026 res
1264 983 1385 1038 ipsae
1407 996 1505 1025 raro
1529 996 1708 1039 corpore

222 1055 346 1105 sunt,
370 1051 487 1106 sive,
511 1050 628 1106 quod
658 1050 771 1093 idem
803 1055 893 1106 est,
921 1067 1021 1093 raro
1054 1053 1292 1093 coRPom’
1317 1066 1446 1093 Nnxu
1466 1083 1475 1092 .

337 1118 433 1162 962.
479 1133 676 1160 TERRAM
713 1131 813 1165 Quo
851 1133 1172 1166 EXQUOQUIT.
1220 1120 1443 1164 Coi-rector
1474 1120 1705 1175 quadrati,

221 1187 433 1231 Antonius
456 1187 606 1242 Marii,
630 1188 864 1241 Marullus,
888 1202 974 1229 SOL
993 1220 1002 1230 .
1034 1191 1227 1245 excoquit
1256 1192 1469 1232 eorreetor
1501 1188 1705 1243 oblongi.

220 1256 334 1300 idem
365 1255 410 1298 in
440 1269 567 1299 versu
589 1256 672 1299 858
704 1255 805 1298 fecit
825 1256 1086 1313 Perquocere
1100 1291 1111 1312 ‚
1133 1257 1206 1300 ubi
1238 1257 1342 1312 quid
1369 1271 1396 1300 a
1417 1257 1555 1313 prima
1575 1271 1705 1299 manu

221 1325 349 1368 fuerit
384 1324 631 1380 perspicere
669 1337 755 1366 non
786 1336 962 1380 possum
982 1340 991 1367 :
1031 1326 1266 1380 quadratus
1302 1325 1363 1368 ibi
1394 1325 1523 1368 habet
1553 1327 1702 1368 Perco-

219 1410 345 1451 quere
362 1426 371 1435 .

333 1463 429 1506 963.
474 1475 532 1502 ΕΤ
569 1475 712 1502 ALT1s
748 1476 996 1504 remurinus
1035 1477 1188 1504 ALTAS
1220 1463 1522 1506 EXTRUCTAS
1558 1477 1703 1504 erns

218 1546 386 1573 RAD11S
404 1566 413 1575 .
447 1532 544 1574 Non
577 1530 725 1584 inepte⁴
742 1530 985 1584 Naugerius
1017 1532 1099 1575 alte
1120 1534 1355 1575 Esca-actas
1386 1533 1563 1589 nz‘rzques
1581 1548 1594 1574 .·
1624 1532 1703 1574 sed

218 1601 388 1655 verius,
427 1598 510 1641 nisi
542 1597 696 1654 fallor,
737 1599 943 1642 Marullus
975 1602 1085 1643 altas
1117 1602 1452 1647 Extractasoun
1484 1601 1627 1643 nives.
1659 1605 1704 1642 at

216 1667 514 1711 Wakefieldus
545 1680 696 1722 parum
719 1668 870 1710 Latine
898 1669 1007 1711 altas
1027 1670 1259 1712 Eoetructas
1288 1670 1467 1725 rzirzyaes
1483 1701 1494 1722 ‚
1517 1673 1558 1711 et
1580 1668 1702 1711 Eich-

215 1736 409 1792 stadius,
437 1735 631 1792 perditus
662 1736 958 1792 antiquarius,
986 1738 1182 1794 m'nquea's
1211 1738 1373 1781 radiez‘s
1391 1771 1399 1779 .

329 1806 426 1849 969.
472 1818 674 1846 DURATA
706 1819 914 1847 CALom.
955 1805 1178 1860 Oblongus
1209 1806 1348 1862 prima
1378 1820 1508 1849 manu
1540 1807 1699 1850 colori:

215 1873 306 1916 eius
338 1877 550 1916 corrector
581 1886 803 1915 cnonn.

329 1941 426 1984 971.
463 1941 698 1983 EFFLUAT
729 1954 1010 1983 AMnRosrAs
1042 1955 1189 1987 QUASI
1225 1955 1355 1983 veno
1386 1956 1443 1984 ET
1474 1958 1698 1986 NncTAnn

214 2023 422 2051 rmc‘rus
440 2041 450 2052 .
474 2008 717 2060 Quadratus
739 2010 882 2066 Efluat
895 2043 906 2064 ‚
931 2009 1142 2064 oblongus
1165 2019 1201 2052 et
1222 2019 1364 2053 nectar
1385 2021 1422 2054 et
1442 2013 1555 2054 intas
1574 2046 1582 2054 .
1605 2026 1697 2055 ver-

213 2091 287 2121 sus
303 2082 368 2121 est
382 2077 685 2133 suavissimus,
703 2078 738 2121 si
756 2083 869 2121 reete
885 2078 1070 2132 legatur.
1087 2079 1270 2134 primum
1288 2081 1417 2136 quasi
1428 2097 1523 2123 vero
1541 2081 1583 2122 in
1604 2094 1696 2124 ora-

212 2146 342 2189 tionis
373 2145 562 2188 membro
594 2147 766 2190 aliunde
799 2159 1007 2202 suspenso
1043 2146 1180 2189 locum
1213 2160 1298 2189 non
1327 2147 1482 2191 habet:
1509 2150 1626 2192 iuvat
1652 2166 1696 2193 eo

212 2231 344 2271 usque
364 2215 495 2271 quasi
509 2218 623 2257 reete
645 2214 798 2258 dieitur
815 2248 824 2270 ,
848 2217 966 2258 iuvat
986 2231 1030 2258 eo
1051 2231 1183 2272 usque
1204 2217 1336 2272 quasi
1351 2232 1446 2259 vero
1468 2230 1552 2259 non
1573 2217 1694 2260 item.

212 2295 345 2338 quare
361 2282 582 2325 neFronto
600 2284 772 2338 quidem
789 2298 830 2340 p.
843 2284 920 2325 111
940 2283 1126 2327 seribere
1142 2283 1375 2339 potuitSed
1388 2285 1565 2340 heusta,
1582 2286 1695 2329 vide-

211 2352 275 2394 bis
294 2367 346 2394 ne
367 2350 528 2393 delator
551 2352 709 2395 existas
724 2369 822 2395 neve
839 2352 996 2395 indicio
1013 2368 1171 2409 pareas
1186 2353 1332 2406 (immo
1349 2369 1460 2395 meve
1470 2379 1509 2384 -
1514 2354 1696 2410 prodas)

210 2419 330 2476 apud
349 2419 506 2473 filiam,
528 2421 658 2476 quasi
678 2436 774 2464 vero
796 2437 869 2478 e90
890 2430 927 2463 te
950 2436 1076 2477 quam
1097 2421 1216 2463 illam
1237 2422 1375 2478 mayz's
1397 2421 1592 2479 diHyam,
1617 2422 1693 2465 sed

210 2487 382 2543 scripsit
411 2489 544 2544 quasi
569 2504 688 2532 vere.
717 2502 856 2544 neque
882 2488 1022 2543 magis
1051 2489 1314 2544 coniungere
1345 2503 1572 2545 possumus
1598 2506 1692 2532 vero

210 2565 247 2599 et
276 2565 466 2611 nectare,
498 2556 600 2611 quia
630 2557 851 2600 Lueretius
883 2566 920 2600 et
950 2557 1293 2600 coniunctionem
1324 2558 1448 2600 alteri
1479 2559 1575 2601 voei
1605 2572 1691 2600 non

208 2624 454 2680 postponit.
493 2637 596 2679 ergo
632 2629 733 2668 ante
770 2626 916 2669 omnia
957 2625 1229 2668 scribendum
1267 2629 1330 2668 est
1366 2626 1531 2682 Effluat
1567 2626 1696 2682 quasi

208 2706 338 2733 vienn
355 2724 365 2734 .
381 2695 470 2734 tum
491 2692 698 2736 Marullus
721 2693 823 2737 feeit
842 2695 1053 2737 ambrosia
1064 2710 1078 2748 ;
1099 2692 1214 2748 quod
1235 2693 1509 2736 vehementer
1530 2694 1688 2749 probo,

208 2761 333 2804 aliter
363 2765 494 2815 atque
523 2761 617 2816 ipse
646 2762 782 2805 voluit
810 2766 1032 2817 acceptum
1054 2774 1158 2804 casu
1178 2765 1320 2816 reeto,
1344 2762 1508 2817 Efflaat
1529 2762 1688 2803 ambro-

207 2828 275 2870 sia
304 2830 434 2884 quasi
457 2845 551 2872 vere
569 2862 579 2872 .
611 2829 762 2873 eadem
793 2829 1032 2885 quantitate
1062 2829 1223 2871 vocalis
1247 2828 1394 2871 Cicero
1415 2828 1689 2871 Andromeda

209 2895 319 2938 dixit
341 2900 382 2939 et
401 2897 572 2940 Electra
587 2931 598 2952 ,
620 2898 837 2952 Vergilius
859 2898 1038 2955 Ephyra
1059 2897 1167 2939 Geta
1182 2929 1193 2950 ,
1220 2896 1415 2938 Tibullus
1437 2897 1660 2939 Amalthea
1675 2930 1686 2951 ,

209 2963 390 3008 Ovidius
410 2965 582 3008 Electra
602 2966 805 3008 Phaedra
827 2967 946 3008 Rhea
975 2965 1058 3008 dea
1088 2964 1251 3020 (differt
1279 2964 1389 3005 enim
1412 2965 1531 3007 Rhea
1550 2981 1686 3007 sacer-

207 3030 300 3088 dos)
322 3032 546 3077 Amalthea
567 3035 799 3077 Leucothea
826 3035 959 3091 eleyt'a
977 3067 988 3088 7
1015 3033 1165 3075 cinara
1188 3032 1423 3075 Columella
1477 3031 1687 3075 Martialis
