2040 3328
899 208 1103 235 REOENSIO
1718 203 1745 243 5

261 323 401 364 neque
433 323 483 352 eo
505 312 606 352 ante
627 309 826 352 Vossium
848 309 919 364 qui
942 323 1045 352 usus
1066 310 1122 352 sit
1143 324 1402 365 quemquam
1425 313 1592 366 reperio
1614 329 1622 354 :
1646 314 1746 356 olim

263 382 406 421 tamen
442 378 693 432 Maguntiae
738 378 870 422 fuisse
908 378 1064 421 docent
1102 393 1214 434 quae
1251 380 1412 434 scripta
1449 385 1548 422 sunt
1585 384 1748 436 pagina

261 447 400 503 prima
427 447 470 488 in
497 446 692 501 margine
722 447 924 490 inferiore
944 481 953 502 ‚
986 447 1086 490 ‘Iste
1108 447 1216 490 liber
1238 447 1424 503 pertinet
1447 450 1504 491 ad
1526 450 1747 493 librariam

263 516 409 559 Sancti
445 515 619 558 Martini
659 516 839 559 ecclesie
874 515 1126 569 Maguntin.
1163 516 1217 558 M.
1259 516 1458 559 Sindicus
1478 512 1748 574 ‘subscripsit

263 597 375 626 anno
406 583 515 626 1479
533 584 555 627 .'
595 583 808 639 schedae,
841 584 933 626 sive
950 585 1073 640 folia
1104 584 1246 628 dicere
1277 585 1514 641 malumus,
1547 591 1644 630 sunt
1674 602 1746 630 nu-

261 666 379 696 mero
405 652 512 707 192,
545 666 695 696 versus
716 653 974 708 paginarum
997 653 1136 695 viceni
1155 687 1164 708 ,
1199 654 1242 695 in
1263 653 1424 696 scheda
1444 654 1500 695 42
1519 656 1660 710 (quae
1683 661 1747 699 est

262 721 556 776 quaternionis
578 722 687 764 sexti
709 721 858 774 tertia)
892 721 1030 764 viceni
1052 722 1219 776 septeni
1248 724 1305 776 (11
1320 756 1330 773 ,
1352 723 1603 777 484—536)
1623 756 1631 765 .
1661 739 1747 767 una

259 790 424 847 pagina
454 793 544 832 tota
574 803 711 832 vacua
742 794 807 832 est
827 794 924 845 post
946 803 1117 832 versum
1142 791 1239 833 libri
1258 806 1299 831 v1
1320 792 1398 833 78:
1426 804 1478 833 ea
1501 796 1565 834 cst
1586 793 1748 847 pagina

261 872 390 903 versa
419 857 604 901 schedae
636 859 810 914 quintae
842 858 887 900 in
916 858 1140 914 ternione,
1182 859 1301 902 cuius
1334 859 1495 902 scheda
1525 865 1647 903 sexta
1678 876 1746 904 ex-

262 927 352 970 cisa
382 931 447 970 est
465 960 474 971 .
497 927 565 970 hic
596 927 704 970 liber
734 940 784 970 eo
806 927 899 982 ipso
922 940 1010 981 quo,
1027 928 1212 984 scriptus
1235 932 1299 971 est
1319 931 1511 983 tempore
1534 942 1560 971 a
1580 928 1746 972 duobus

261 996 451 1039 librariis
501 999 715 1039 correctus
761 999 824 1038 est
852 1028 860 1038 .
889 1008 1034 1038 eorum
1082 1009 1457 1039 comzncrossum
1496 997 1604 1040 alter
1645 999 1745 1040 scri-

262 1064 390 1108 bendi
411 1077 571 1120 genere
591 1064 805 1108 Saxonieo
830 1077 932 1107 usus
954 1065 1170 1120 supplevit
1195 1078 1343 1108 versus
1371 1079 1398 1107 a
1418 1066 1642 1109 Franconc
1670 1081 1747 1122 per

261 1133 583 1189 neglegentiam
614 1132 826 1188 omissos,
858 1133 918 1175 ita
949 1133 1120 1188 quidem
1151 1138 1194 1176 ut
1216 1135 1359 1190 priore
1386 1136 1600 1190 scriptura
1631 1135 1746 1178 eluta

261 1215 461 1246 versuum
483 1201 627 1257 spatia
648 1214 731 1243 non
754 1201 881 1244 nimis
903 1205 1089 1256 angusta
1111 1201 1272 1245 faceret
1290 1236 1299 1244 .
1323 1203 1390 1246 hic
1411 1203 1526 1246 Saxo
1545 1236 1554 1258 ,
1577 1209 1747 1259 praeter

261 1284 390 1326 quam
420 1270 537 1325 quod
569 1287 589 1313 e
619 1270 788 1312 litterae
818 1270 1070 1325 plerumque
1104 1271 1286 1314 caudam
1326 1271 1573 1327 subiunxit,
1613 1277 1658 1315 ut
1698 1290 1746 1316 ae

260 1339 407 1394 fieret,
441 1352 524 1381 non
555 1339 691 1381 multa
721 1339 935 1380 correxit.
959 1339 1068 1382 alter
1099 1343 1197 1395 post
1230 1353 1324 1382 eum
1357 1339 1483 1395 (nam
1516 1341 1560 1382 in
1591 1341 1699 1384 libro
1731 1357 1745 1382 1

261 1421 353 1451 cum
376 1408 491 1451 Saxo
522 1407 565 1450 in
595 1407 726 1449 litura
756 1420 905 1451 versus
936 1407 1064 1450 unius
1093 1407 1337 1462 scripsisset
1357 1407 1441 1451 549
1473 1412 1514 1451 et
1535 1409 1646 1464 550,
1678 1410 1746 1452 hic

259 1477 369 1520 alter
400 1477 591 1519 ultimam
623 1475 667 1518 in
699 1492 902 1533 reparare
932 1476 1118 1519 litteram
1139 1476 1183 1518 in
1214 1477 1235 1518 ί
1261 1477 1468 1532 mutavit)
1497 1477 1604 1520 locis
1626 1478 1746 1520 innu-

259 1546 388 1589 meris
410 1545 576 1588 litteras
599 1549 640 1587 et
661 1544 876 1588 vocabula
897 1545 965 1588 vel
987 1544 1233 1587 emendavit
1254 1546 1321 1587 vel
1346 1546 1559 1600 corrupit,
1588 1547 1745 1601 partim

261 1614 315 1658 de
346 1614 619 1668 coniectura,
651 1613 742 1656 alia
773 1626 826 1656 ex
857 1613 1008 1656 eodem
1031 1613 1104 1655 illo
1127 1612 1425 1667 antiquissimo
1459 1614 1631 1670 codice,
1661 1630 1744 1670 quo

259 1683 371 1726 hunc
391 1696 562 1738 quoque
582 1696 703 1726 usum
733 1695 829 1725 esse
860 1695 913 1724 ex
943 1682 995 1724 iis
1025 1685 1207 1738 apparet
1238 1695 1350 1737 quae
1381 1687 1455 1725 aut
1486 1683 1745 1727 intellectum

259 1766 346 1796 non
377 1752 537 1796 habent
566 1756 640 1794 aut
660 1751 812 1795 eodem
832 1750 960 1793 modo
982 1751 1027 1793 in
1049 1751 1285 1806 exemplari
1307 1751 1516 1805 quadrato
1535 1786 1544 1807 ‚
1577 1752 1630 1795 dc
1662 1767 1744 1807 quo

260 1821 375 1865 infra
404 1821 572 1876 dicam,
604 1822 766 1877 scripta
796 1823 970 1864 extant.

374 1890 567 1933 Alterum
608 1889 707 1932 libri
738 1888 1024 1943 antiquissimi
1056 1888 1357 1944 apographum
1388 1889 1432 1930 in
1462 1887 1633 1931 Italiam
1664 1892 1746 1931 tra-

259 1964 433 2005 vectum
465 1962 556 2014 est3
595 1971 706 2014 quae
744 1957 899 2013 quibus
939 1956 1158 2000 codicibus
1197 1970 1274 2012 per
1305 1957 1522 1999 saeculum
1553 1957 1745 2012 quintum

261 2029 470 2073 decimum
501 2040 580 2070 usa
611 2031 701 2082 est,
735 2040 809 2070 eos
842 2039 990 2069 omnes
1023 2025 1171 2068 habuit
1202 2025 1353 2068 eodem
1385 2026 1583 2081 exemplo
1615 2027 1744 2081 scrip-

260 2103 354 2153 tos,
388 2097 575 2151 oblongo
607 2099 753 2139 nostro
787 2095 841 2137 ab
865 2095 978 2138 omni
1000 2098 1123 2150 parte
1155 2094 1399 2137 simillimos
1432 2107 1571 2149 neque
1602 2098 1747 2137 tamen

260 2181 314 2211 ex
354 2166 540 2220 oblongo
583 2165 762 2207 ductos:
790 2162 1025 2220 aliquando
1065 2163 1176 2206 enim
1216 2163 1270 2206 ab
1310 2163 1389 2206 hoc
1421 2163 1676 2205 dissentiunt
1706 2169 1747 2206 et

261 2249 355 2278 cum
394 2234 607 2290 quadrato
650 2233 840 2287 faciunt,
878 2233 1007 2288 idque
1044 2232 1088 2274 in
1120 2232 1172 2274 iis
1204 2232 1331 2275 rebus
1365 2245 1471 2288 quas
1503 2233 1747 2275 coniectura

260 2301 440 2358 adsequi
479 2316 603 2346 nemo
643 2302 811 2358 potuit.
850 2302 999 2345 horum
1040 2300 1235 2344 codicum
1271 2314 1394 2356 euni,
1434 2314 1456 2343 e
1494 2313 1578 2354 quo
1619 2301 1746 2343 ceteri

261 2372 442 2416 derivati
465 2375 590 2426 sunt,
614 2384 641 2414 a
661 2371 830 2426 Poggio
850 2370 1098 2413 Florentino
1122 2383 1145 2412 e
1167 2370 1401 2413 Germania
1423 2370 1600 2411 allatum
1623 2368 1746 2411 adfir-

260 2454 422 2484 marem
450 2442 579 2496 (nam
601 2444 699 2483 ante
723 2440 847 2482 huius
869 2444 1063 2495 tempora
1085 2440 1276 2493 Dantes,
1307 2437 1537 2480 Petrarcha
1557 2471 1566 2491 ,
1591 2438 1746 2480 Bocca-

224 2520 228 2526 ·
261 2511 379 2566 cius,
410 2510 494 2554 nisi
516 2509 671 2564 fallor,
705 2508 892 2551 Lucretii
916 2508 1175 2550 mentionem
1197 2508 1390 2550 fecerunt
1421 2507 1611 2561 nullam,
1645 2507 1747 2549 Gul-

260 2580 414 2622 ielmus
436 2577 770 2632 PastrengicuS,
799 2577 882 2620 nisi
905 2577 1020 2631 quod
1037 2584 1203 2633 poticam
1225 2577 1423 2619 comicum
1448 2575 1578 2629 dicit,
1601 2574 1747 2617 Hiero-

261 2648 378 2703 nymi
409 2647 639 2690 chronicon
670 2645 917 2701 sequitur),
950 2645 1034 2687 nisi
1057 2645 1247 2699 Poggius
1279 2644 1372 2698 ipse
1403 2644 1447 2685 in
1480 2644 1674 2686 oratione
1703 2643 1747 2684 in

262 2717 412 2758 funere
433 2715 602 2758 Nicolai
633 2714 687 2757 de
710 2714 874 2757 Nicolis
906 2714 1067 2768 scripta
1096 2713 1282 2766 itemque
1314 2712 1357 2753 in
1389 2711 1566 2765 dialogo
1598 2711 1651 2753 de
1682 2712 1744 2753 in-

263 2783 468 2827 felicitate
504 2783 743 2838 principum
783 2795 829 2825 se
867 2783 1063 2824 Lucretii
1086 2790 1256 2838 partem
1296 2780 1339 2821 in
1370 2780 1507 2821 lucem
1539 2779 1746 2822 extulisse

265 2851 429 2894 diceret
459 2864 596 2905 eoque
626 2851 754 2894 modo
784 2850 957 2893 laudem
990 2850 1044 2892 ab
1076 2849 1174 2891 aliis
1205 2848 1286 2891 sibi
1319 2847 1521 2890 tributam
1553 2848 1646 2902 ipse
1678 2861 1746 2890 ex-

262 2923 439 2962 tenuare
461 2918 675 2962 videretur
694 2952 701 2960 .
726 2932 986 2974 quamquam
1008 2930 1159 2961 vereor
1182 2930 1233 2959 ne
1254 2916 1447 2971 Poggius
1467 2949 1476 2971 ‚
1500 2930 1593 2958 cum
1616 2916 1745 2958 nimis

263 2988 412 3031 doctus
445 3001 538 3031 esse
562 2987 717 3041 vellet,
740 2987 832 3043 ipse
864 2987 946 3029 sibi
969 2987 1035 3029 fec
1050 2985 1130 3028 erit
1150 2984 1375 3027 iniuriam:
1408 2998 1505 3027 nam
1530 2998 1623 3026 eum
1646 2985 1747 3026 Var-
