2040 3328
366 235 390 274 8
988 243 1186 271 RECENSIO

365 343 565 396 librario,
595 343 677 383 nisi
707 343 870 399 species
900 341 1034 395 fallit,
1066 343 1306 395 Germano,
1337 341 1503 383 schedis
1534 355 1705 384 numero
1728 343 1808 398 69,

366 411 532 466 paginis
548 409 754 463 bipertitis
770 404 830 450 ita
845 412 889 450 ut
905 409 949 449 in
970 408 1148 461 singulis
1164 408 1375 451 laterculis
1391 409 1474 450 sint
1489 422 1635 451 versus
1650 424 1783 450 xxvnr
1801 442 1808 451 .

366 479 489 520 huius
507 490 851 518 commcronns
873 475 1038 516 fuerunt
1054 475 1289 528 complures
1306 507 1316 528 ,
1340 488 1483 517 omnes
1499 476 1656 518 saeculi
1677 477 1813 530 quinti-

370 545 548 598 decimi;
580 556 754 597 quorum
784 546 925 583 tamen
956 542 1095 583 nullus
1126 541 1209 583 alio
1240 542 1471 596 exemplari
1501 556 1600 584 usus
1630 556 1723 586 esse
1752 544 1812 586 vi-

369 613 514 665 detur,
547 610 627 651 nisi
650 607 763 662 quod
783 621 891 649 unus
913 608 1062 650 ceteris
1092 608 1298 650 recentior
1326 612 1421 662 post
1448 609 1541 651 libri
1572 609 1704 663 quinti
1724 623 1813 652 ver-

368 693 459 722 sum
483 678 562 721 927
599 676 704 717 haec
740 673 990 728 adscripsit,
1028 674 1204 716 ‘Desunt
1233 688 1378 717 versus
1399 675 1478 717 62.
1501 676 1593 718 Nisi
1623 676 1813 718 traiecti.

369 745 452 788 Sed
483 744 614 786 habes
646 742 747 783 folio
778 741 1040 795 penultimo'3
1072 742 1144 796 qui
1166 755 1217 784 ne
1240 742 1391 784 falsum
1411 742 1579 796 quidem
1599 757 1814 786 numerum

369 814 494 866 (sunt
515 811 625 853 enim
646 821 793 851 versus
813 808 893 860 ιιι)
923 807 1064 850 dicere
1083 809 1218 863 potuit
1247 809 1337 852 sine
1367 809 1451 850 alio
1474 809 1581 851 libro
1601 843 1610 851 .
1633 814 1814 852 ceterum

368 880 479 920 hunc
515 877 692 920 eundem
730 875 879 917 librum
919 874 1195 929 quadratum,
1233 879 1330 917 ante
1359 889 1484 929 quam
1515 876 1723 919 Gerhardi
1753 879 1815 919 Io-

370 945 521 987 hannis
551 943 691 985 Vossii
728 943 869 996 fieret,
906 955 929 984 e
965 943 1167 984 coenobio
1205 942 1346 984 Sancti
1384 943 1565 997 Bertini,
1604 944 1715 998 quod
1753 948 1816 986 est

370 1025 501 1067 prope
530 1010 730 1065 oppidum
758 1009 902 1051 Sancti
925 1009 1180 1062 Audomari,
1212 1009 1419 1051 Lutetiam
1449 1011 1620 1052 missum
1639 1011 1816 1053 Hadria-

368 1092 446 1120 nus
467 1077 687 1119 Turnebus
709 1090 839 1130 usque
861 1075 916 1118 ad
937 1076 1088 1117 librum
1110 1080 1271 1118 sextum
1301 1076 1404 1117 satis
1422 1108 1432 1129 ‚
1464 1079 1509 1117 ut
1537 1077 1724 1132 videtur,
1756 1078 1817 1120 di·

371 1147 548 1199 ligenter
579 1143 763 1185 excussit
794 1147 835 1184 et
866 1145 1063 1196 excerpta
1092 1155 1169 1184 sua
1191 1143 1394 1196 Dionysio
1425 1143 1630 1185 Lambino
1660 1145 1820 1187 utenda

372 1211 602 1254 concessit.
626 1209 798 1252 alterius
828 1209 983 1252 codicis
1005 1222 1222 1250 scHEDAE
1253 1212 1346 1250 octo
1375 1209 1570 1252 Hauniae
1599 1211 1643 1252 in
1673 1211 1818 1253 biblio-

372 1279 493 1320 theca
530 1277 647 1331 regia
683 1275 989 1330 adservantur,
1027 1276 1171 1319 decem
1201 1275 1480 1318 Vindobonae
1509 1277 1551 1318 in
1582 1276 1817 1320 Caesarea.

370 1345 636 1387 Haunienses
658 1343 783 1397 olim,
815 1356 908 1385 cum
929 1343 1136 1398 Gottorpii
1163 1347 1327 1397 essent,
1358 1343 1636 1397 Mai-quardus
1657 1344 1819 1387 Gudius

372 1411 581 1465 excussit,
613 1410 730 1452 cuius
762 1423 888 1452 manu
918 1410 1040 1452 factis
1070 1411 1306 1465 excerptis,
1337 1421 1446 1464 quae
1466 1410 1565 1452 mihi
1587 1423 1611 1453 e
1632 1411 1819 1454 Guelfer-

374 1480 532 1533 bytana
568 1477 822 1520 bibliotheca
853 1477 1028 1519 Carolus
1065 1476 1403 1520 Schonemannus
1440 1477 1690 1520 amicissime
1726 1491 1820 1521 con-

374 1549 582 1599 cesserat,
612 1545 672 1586 uti
693 1544 835 1598 nolui,
866 1547 1090 1598 postquam
1111 1543 1330 1586 Madvicus
1360 1557 1427 1586 me
1457 1543 1599 1586 docuit
1628 1559 1676 1588 se
1708 1546 1823 1601 ipsas

376 1613 555 1655 schedas
572 1611 791 1665 Hauniae,
815 1623 909 1652 cum
933 1610 1005 1652 diu
1027 1611 1276 1665 latuissent,
1299 1610 1535 1665 repperisse
1554 1644 1561 1652 .
1585 1613 1712 1666 paulo
1729 1617 1824 1668 post

374 1682 420 1722 R.
441 1680 473 1721 Ι.
491 1680 538 1722 F.
554 1677 840 1732 Henrichsen,
864 1673 1054 1732 quac‘de
1071 1678 1308 1733 fragmento
1326 1677 1610 1732 Gottorpiensi
1628 1679 1820 1721 Lucretii’

376 1750 571 1789 accurate
592 1746 749 1800 scripta
766 1744 988 1799 Othiniae,
1021 1745 1134 1800 quod
1155 1745 1329 1787 Fioniae
1359 1745 1560 1799 oppidum
1591 1749 1680 1799 est,
1712 1759 1822 1788 anno

377 1813 482 1855 1846
512 1812 656 1864 edidit,
687 1812 788 1854 mihi
810 1812 1110 1854 humanissime
1130 1812 1267 1854 misit.
1291 1811 1677 1855 Vindobonensium
1708 1813 1822 1855 sche-

373 1880 521 1922 darum
557 1879 627 1922 vix
665 1891 841 1932 usquam
878 1879 919 1920 in
950 1878 1013 1920 his
1047 1879 1354 1922 commentariis
1392 1879 1644 1921 mentionem
1684 1880 1824 1923 facere

374 1947 517 2001 volui,
550 1947 740 2000 quamvis
770 1958 912 1987 earum
943 1951 1141 1999 excerpta
1171 1946 1367 1988 haberem
1398 1946 1451 1988 ab
1473 1945 1650 1988 Henrico
1683 1947 1822 1989 Keilio

375 2014 512 2068 facta,
534 2014 610 2056 sed
631 2013 869 2055 rudiuscule
890 2017 956 2067 et,
988 2018 1034 2055 ut
1053 2013 1144 2068 ipse
1166 2013 1358 2066 dicebat,
1390 2025 1481 2054 cum
1501 2013 1546 2054 in
1566 2017 1655 2056 arte
1675 2027 1823 2068 parum

375 2081 626 2124 exercitatus
673 2084 809 2123 esset.
836 2092 972 2134 neque
1014 2081 1159 2123 harum
1203 2079 1450 2123 schedarum
1486 2079 1578 2122 sive
1615 2080 1823 2124 Haunien-

374 2149 481 2190 sium
515 2149 604 2191 sive
634 2147 1022 2190 Vindobonensium
1048 2149 1138 2190 ulla
1166 2147 1340 2203 propria
1369 2147 1596 2188 auctoritas
1622 2151 1710 2201 est,
1742 2148 1824 2190 nisi

377 2229 470 2257 cum
501 2214 731 2270 aliquando
755 2226 844 2255 cum
868 2213 1051 2269 oblongo
1082 2216 1373 2257 consentiunt:
1405 2214 1604 2268 pleraque
1626 2215 1735 2256 enim
1756 2215 1824 2258 vel

376 2283 550 2324 minima
581 2296 673 2324 cum
695 2281 901 2335 quadrato
931 2282 990 2324 ita
1021 2282 1176 2325 habent
1206 2281 1468 2334 communia,
1500 2284 1545 2321 ut
1575 2280 1823 2334 quadratum
1841 2281 1852 2290 '

374 2350 504 2391 nimia
535 2349 643 2403 fide,
685 2347 935 2391 Schedarum
966 2354 1106 2392 autem
1136 2350 1360 2402 librariOS,
1389 2360 1494 2401 quos
1524 2347 1664 2401 plures
1694 2348 1825 2390 fuisse

376 2420 573 2459 testatum
595 2416 823 2470 habemus,
856 2429 1018 2458 summa
1038 2417 1311 2471 neglegentia
1330 2427 1529 2471 peccasse
1560 2418 1714 2457 certum
1744 2416 1822 2458 sit.

375 2488 466 2525 octo
505 2483 816 2525 Hauniensibus
862 2484 1097 2526 continetur
1131 2485 1238 2527 liber
1278 2481 1459 2525 Lucretii
1495 2478 1728 2535 primus'et
1763 2495 1824 2524 se-

375 2550 499 2592 cundi
543 2562 690 2592 versus
725 2549 836 2603 456,
882 2551 1046 2593 omissis
1091 2555 1230 2594 tamen
1267 2551 1333 2592 bis
1370 2548 1678 2603 quinquagenis
1712 2547 1824 2590 binis

372 2618 440 2671 (1,
474 2616 694 2659 734—785
725 2631 782 2668 11,
814 2616 1089 2673 253—304),
1120 2622 1164 2660 ut
1184 2632 1312 2672 supra
1341 2617 1457 2670 dixi,
1489 2619 1529 2657 et
1556 2618 1723 2668 praeter
1753 2628 1826 2658 eos

374 2684 507 2725 tribus
539 2687 579 2725 et
600 2684 748 2737 viginti
778 2684 844 2737 (1,
881 2684 958 2725 123
989 2686 1072 2728 890
1101 2686 1179 2728 891
1217 2686 1323 2728 1023
1357 2682 1630 2727 1068-1075
1664 2682 1827 2725 1094—

377 2750 479 2792 1101
499 2765 551 2804 11,
570 2751 839 2806 310—312):
857 2751 997 2793 insunt
1014 2784 1023 2805 ,
1043 2753 1318 2807 capitulorum
1336 2750 1466 2793 titulis
1485 2749 1796 2792 connumeratis
1814 2781 1824 2803 ,

374 2830 520 2859 versus
553 2819 804 2874 conscripti,
842 2818 924 2860 nisi
962 2818 1111 2871 fallor,
1155 2819 1286 2861 1489.
1316 2818 1368 2860 de
1405 2818 1468 2860 his
1499 2815 1824 2859 Henrichsenius

374 2885 478 2926 haec
499 2884 625 2939 dicit,
659 2885 813 2927 ‘Codex
836 2886 1144 2940 Gottorpiensis
1166 2890 1228 2927 cst
1258 2884 1603 2927 membranaceus
1634 2882 1722 2924 folii
1753 2882 1825 2923 mi-

374 2951 487 2994 noris
616 2951 726 2994 binis
748 2952 951 2995 columnis
973 2952 1033 2994 ita
1054 2956 1277 3007 exaratuS,
1309 2955 1354 2994 ut
1382 2951 1576 3006 singulae
1608 2949 1696 2991 fere
1725 2961 1823 3003 qua-
