2040 3328
983 215 1041 257 IV
1670 218 1754 261 263

386 331 482 375 936.
513 345 608 373 Aur
639 343 799 372 GALLO
823 362 834 374 .
866 330 1088 374 Cori-ector
1119 330 1319 387 quadrati
1350 335 1392 375 et
1422 332 1635 376 Antonius
1656 332 1752 375 Flo-

271 400 464 444 rentinus
495 412 652 441 GALLO
670 432 680 441 .

384 467 482 511 944.
516 482 594 509 Fr'r
629 482 713 509 u'r1
746 481 867 508 PARS
903 481 1019 508 mm:
1055 481 1209 509 ANIMA
1249 468 1527 511 EmchTUR
1550 499 1559 510 .
1590 469 1752 513 Rectis-

270 538 376 581 sime
406 536 505 579 libri
527 569 537 590 ,
559 536 662 579 item
692 536 903 579 Antonius
933 535 1091 592 Marii,
1109 537 1168 593 fit
1197 538 1263 579 uti
1278 570 1290 591 ,
1322 537 1376 579 de
1407 551 1492 593 quo
1524 537 1663 580 dicam
1694 536 1752 580 ad

268 605 422 648 librum
443 619 500 656 Ἦ,
521 605 628 660 1007
648 619 657 646 :
684 604 882 660 impressi
907 605 1037 647 sicuti
1058 605 1129 655 vel
1149 607 1210 648 sie
1231 615 1276 648 ut
1297 639 1306 648 .
1335 619 1511 647 ANIMAI
1540 610 1753 649 corrector

269 672 468 729 quadrati
499 677 541 716 et
571 673 699 716 ceteri
723 706 732 714 .
761 672 838 715 sed
867 677 1094 728 praeterea
1122 674 1395 716 scribendum
1426 678 1490 717 est
1511 687 1606 717 cum
1626 674 1751 717 Lam-

268 741 370 784 bino
393 742 668 797 E101ATUR,
691 744 737 783 ut
757 741 838 784 917
856 741 989 797 foras
1021 742 1148 784 eiecta
1168 775 1178 795 ‚
1202 742 1285 785 923
1305 743 1575 798 Eiectamque
1590 742 1724 798 foras
1738 775 1750 797 ,

268 811 354 854 960
369 810 502 867 foras
533 811 684 853 eiectus
701 842 712 852 .

381 878 477 922 952.
514 891 854 924 Porm'rnsoun
885 891 1100 920 OUBANTI
1138 878 1304 921 SAEPE
1344 892 1506 920 TAMEN
1544 892 1752 920 summr-

269 961 462 989 TUNTUR
499 960 736 993 v11z1SQUE
772 960 1060 988 RESOLVUNT
1093 980 1102 988 .
1140 948 1404 1003 Poplz'tz'sque
1435 948 1608 990 cavanti
1632 948 1750 1003 apud

268 1015 456 1059 Nonium
476 1030 518 1071 p.
535 1015 631 1071 218,
649 1015 701 1057 21
721 1047 730 1056 .
752 1015 1048 1057 submittuntur
1069 1014 1282 1069 oblongus
1304 1048 1314 1059 .
1341 1014 1411 1057 hic
1439 1015 1616 1058 Isaacus
1646 1016 1751 1059 Vos-

268 1085 358 1127 sius
389 1083 558 1138 insigne
592 1083 884 1138 perversitatis
915 1095 1020 1125 suae
1038 1116 1048 1138 ,
1077 1082 1154 1126 sed
1186 1083 1455 1126 Wakefieldo
1492 1083 1633 1127 iudice
1663 1083 1750 1127 exi·

268 1153 381 1195 miae
401 1151 679 1206 sagacitatis,
702 1150 918 1207 specimen
941 1150 1102 1206 edidit,
1122 1164 1216 1193 cum
1238 1151 1470 1206 legendum
1491 1151 1601 1194 dixit
1616 1152 1751 1209 Saepe

267 1230 381 1264 tama
400 1221 714 1263 summittuntur
731 1252 740 1261 .
762 1228 877 1262 tama
898 1219 1011 1262 enim
1032 1219 1188 1262 dicitur
1210 1219 1344 1275 (Festi
1365 1220 1499 1263 verba
1518 1219 1635 1276 sunt)
1656 1236 1750 1263 cum

266 1290 408 1332 labore
437 1289 531 1331 viae
559 1289 735 1345 sanquis
765 1289 811 1330 in
835 1303 965 1329 crura
987 1287 1198 1330 descendit
1228 1297 1272 1338 et,
1295 1298 1492 1331 tumorem
1510 1289 1654 1345 facit,
1676 1301 1748 1330 ne-

265 1370 348 1412 que
378 1356 570 1411 intellegi
600 1359 742 1411 potest
762 1369 835 1398 our
864 1359 1038 1411 propter
1068 1359 1226 1398 tamam
1253 1355 1412 1411 aliquis
1439 1358 1619 1414 poplites
1639 1373 1748 1400 sum-

265 1427 430 1469 mittat.
454 1437 552 1467 nam
583 1424 769 1480 poplites
800 1424 1003 1466 summitti
1034 1438 1118 1466 non
1149 1428 1330 1479 possunt
1358 1424 1443 1469 nisi
1472 1424 1582 1468 flexo
1605 1438 1746 1480 genu.

265 1506 396 1550 supra
414 1493 524 1535 libro
543 1507 569 1544 1,
587 1493 642 1536 92
658 1502 813 1535 terram
826 1492 1003 1548 yenibus
1016 1494 1240 1535 summissa
1256 1494 1419 1549 petebat
1435 1526 1444 1535 .
1467 1493 1648 1537 Ovidius
1664 1506 1748 1536 me-

265 1568 350 1606 tam
364 1595 374 1605 .
390 1576 447 1616 IV,
455 1561 541 1604 340
542 1562 787 1618 fleoeumque
800 1576 912 1616 ‚qenu
928 1561 1152 1615 summisit,
1168 1561 1237 1603 vel
1254 1562 1396 1616 potius
1403 1563 1630 1619 flexuque:
1646 1575 1745 1605 nam

263 1631 361 1674 libri
391 1634 558 1673 veteres
589 1629 748 1672 habent
763 1629 964 1684 flexoque
985 1661 994 1671 .
1018 1627 1132 1670 idem
1162 1628 1207 1670 in
1237 1642 1307 1684 vu,
1330 1630 1408 1672 191
1430 1631 1476 1672 in
1498 1630 1609 1673 dura
1635 1648 1744 1674 sum-

263 1700 390 1742 misso
412 1699 575 1756 poplite
605 1707 718 1740 terra
741 1729 749 1738 .
778 1709 881 1750 ergo
904 1695 1108 1739 cubantes
1130 1705 1265 1740 tamen
1286 1697 1374 1752 (hic
1394 1697 1452 1740 ad.
1473 1712 1643 1742 versum
1665 1701 1748 1743 988

264 1771 306 1810 et
334 1767 415 1810 991
439 1766 638 1822 respice:
661 1765 820 1807 frustra
850 1765 1057 1807 Marullus
1089 1764 1232 1820 etiam)
1265 1778 1395 1821 saepe
1426 1780 1644 1810 movemus
1675 1781 1747 1822 ge-

263 1848 352 1878 nua
381 1838 424 1878 et
453 1847 577 1878 crura
605 1833 938 1886 summittimus,
970 1845 1054 1886 quo
1086 1833 1180 1888 ipso
1211 1834 1325 1876 vires
1355 1835 1494 1889 magis
1529 1835 1748 1879 resolvun-

265 1907 331 1946 tur
353 1937 362 1945 .
385 1903 492 1946 haec
512 1902 616 1946 satis
638 1906 790 1957 aperta
811 1906 936 1955 sunt,
958 1901 1283 1955 necForbigeri
1303 1901 1412 1945 ratio
1435 1902 1636 1946 habenda
1656 1907 1745 1959 est,

264 1971 335 2026 qui
366 1970 537 2013 cubanti
567 1970 754 2026 poplites
784 1969 933 2012 cadere
964 1970 1164 2024 opinatur
1185 1973 1226 2012 et
1246 1973 1390 2012 cetera
1410 1969 1746 2028 (Saepe-resol-

263 2039 384 2094 vunt)
412 2037 709 2093 interpolatori
739 2037 971 2080 adscribit.

379 2107 475 2150 959.
513 2107 602 2149 F1'r
639 2111 853 2147 R'ATIONE
889 2119 1055 2147 EADEM
1086 2120 1362 2148 00N1Ecrus
1399 2120 1555 2149 PARTE
1591 2122 1746 2150 ANIMA

265 2176 490 2231 Annon,
523 2188 686 2221 ATQUE
724 2187 878 2215 roRAs
916 2189 1123 2216 macrus
1160 2189 1378 2216 LARGIOR
1414 2189 1528 2218 mus
1566 2178 1635 2219 ΕΤ
1652 2210 1655 2213 ,
1671 2192 1748 2218 DI·

263 2258 435 2286 vlst
471 2258 619 2285 mma
655 2257 709 2284 sn
745 2257 803 2284 Ac
834 2257 1173 2284 msrmrcnon
1210 2258 1353 2285 uirus
1383 2277 1391 2286 .
1423 2245 1504 2288 Hic
1536 2259 1630 2288 cum
1660 2245 1746 2288 duo

263 2314 456 2356 membra
485 2313 571 2355 sint
593 2345 602 2367 ‚
625 2311 708 2354 tria
738 2325 833 2355 esse
864 2311 1022 2354 debere
1051 2312 1324 2367 perspicuum
1355 2318 1450 2356 est.
1478 2314 1660 2369 primum
1684 2318 1748 2357 est

263 2382 347 2425 918
368 2383 431 2425 vis
451 2381 618 2423 animae
638 2393 733 2423 eum
745 2382 910 2438 partim
932 2389 1128 2422 contrusa
1147 2382 1285 2438 ‘tnagis
1305 2384 1504 2426 concessit
1523 2384 1569 2426 in
1589 2384 1720 2426 altum
1735 2416 1746 2437 ,

264 2450 356 2493 sive
385 2462 479 2492 cum
510 2451 738 2492 introrsum
763 2465 869 2505 pars
897 2448 1042 2490 abdita
1063 2447 1170 2490 cedit
1190 2449 1272 2492 945
1297 2482 1306 2492 .
1334 2451 1378 2492 in
1399 2451 1535 2494 altero
1557 2450 1746 2493 membro

265 2522 329 2560 est
349 2518 421 2560 ille
438 2517 573 2574 foras
594 2518 745 2560 eiectus
760 2551 771 2571 ,
794 2517 867 2571 qui
890 2521 981 2559 erat
1001 2529 1127 2559 versu
1147 2517 1228 2559 917
1247 2517 1330 2560 923
1351 2518 1435 2561 944
1458 2552 1467 2561 .
1494 2519 1662 2562 tertium
1683 2523 1748 2562 est

266 2586 340 2628 nbi
353 2594 412 2628 est
426 2585 632 2628 dictracta
643 2602 722 2642 per
738 2594 856 2628 artus
872 2586 936 2627 vis
952 2586 1119 2627 animae
1135 2585 1236 2640 916,
1254 2599 1366 2639 quae
1380 2586 1534 2629 dicitur
1546 2587 1628 2630 946
1641 2603 1747 2643 pars

266 2653 468 2695 distracta
480 2669 558 2710 per
574 2663 693 2696 artus
705 2687 716 2708 ,
734 2666 845 2708 quae
860 2669 942 2695 non
958 2662 1082 2710 queat
1098 2669 1184 2696 esse
1200 2656 1420 2697 coniuncta
1435 2657 1544 2698 inter
1558 2671 1601 2697 se
1616 2671 1748 2712 neque

265 2729 377 2776 mota
396 2729 542 2763 mutua
549 2722 693 2778 funyi
710 2755 719 2763 .
746 2723 892 2775 itaque
914 2722 956 2763 in
979 2722 1115 2776 primo
1138 2723 1326 2764 membro
1358 2723 1426 2765 hie
1449 2736 1616 2777 quoque
1647 2723 1747 2765 scri-

266 2788 451 2831 bendum
473 2792 536 2830 est
557 2790 761 2831 coniectus
782 2803 964 2830 PARTxM
985 2792 1153 2833 animai
1168 2792 1310 2833 Altior
1325 2825 1335 2845 ,
1359 2796 1405 2833 ut
1425 2804 1551 2834 versu
1568 2791 1651 2833 918
1671 2805 1680 2832 :
1702 2791 1747 2833 in

265 2856 389 2899 tertio
405 2869 490 2898 non
506 2860 647 2911 potest
663 2858 814 2899 eiectus
829 2870 923 2899 esse
941 2889 950 2910 ,
969 2857 1046 2899 sed.
1063 2858 1240 2900 divisior
1256 2860 1364 2901 inter
1379 2875 1422 2901 se
1438 2875 1487 2901 ac
1504 2858 1748 2902 distractior

264 2938 419 2966 ACTUS
444 2956 454 2966 .
477 2924 556 2967 hoc
587 2924 700 2967 enim
729 2925 949 2980 proprium
982 2938 1078 2967 esse
1108 2925 1152 2967 in
1183 2926 1262 2969 hac
1282 2940 1327 2969 re
1348 2925 1604 2970 vocabulum
1625 2941 1679 2970 ex
1698 2926 1747 2969 li-

266 2992 343 3036 bro
374 3007 422 3033 111
451 2997 631 3048 apparet
652 3026 662 3050 ,
684 2993 756 3036 ubi
788 2998 852 3037 est
876 2993 956 3037 192
985 2994 1044 3036 ,At
1075 3002 1220 3037 contra
1249 2995 1385 3038 mellis
1415 2996 1669 3039 constantior
1690 3004 1749 3039 est
