2040 3328
906 231 951 274 II
1592 230 1669 272 141

191 344 304 391 idem
338 350 465 402 poe'ta
495 345 537 388 in
567 345 730 389 Andria
750 359 806 401 1v,
832 346 869 400 1,
892 345 918 388 6
939 345 1160 400 scripserit
1188 344 1232 385 in
1263 343 1441 387 Creticis
1471 346 1517 387 in
1537 345 1672 388 Dene-

186 415 328 473 9audo
351 415 470 457 modo
491 415 586 471 quis
603 414 744 471 pudor
759 414 940 471 paulum
961 413 1103 456 adest.
1126 413 1226 456 item
1243 412 1434 455 Lucilius
1454 412 1570 468 apud
1588 414 1670 456 No-

189 484 305 527 nium
326 497 367 539 p.
384 483 481 537 519,
501 483 550 524 11
573 485 670 525 unu'
692 482 812 525 modo
834 482 885 525 de
910 482 1053 524 multis
1082 482 1160 538 qui
1182 482 1350 538 ‘e‘nqem'o
1370 482 1427 523 sit
1443 514 1451 523 .
1474 480 1671 536 idemque

189 551 304 608 apud
326 551 508 594 eundem
525 565 566 606 p.
584 551 652 606 21,
668 551 695 594 5
713 555 754 593 et
770 551 866 605 200,
888 550 939 593 18
956 549 1085 592 M6do
1101 566 1269 592 sursum
1285 583 1296 604 ‚
1317 549 1442 593 modo'
1459 549 1670 605 deorsum,

188 629 402 676 tamquam
431 620 564 662 collus
594 620 770 662 cernui.
804 619 951 662 Cicero
982 618 1026 660 in
1059 617 1230 660 Arateis
1254 651 1264 669 ,
1293 617 1347 661 de
1383 623 1537 661 natura
1574 618 1672 661 deo·

188 701 280 731 rum
302 692 345 742 11,
372 689 449 732 107
470 721 479 742 ,
502 689 618 731 Huic
648 704 730 731 non.
761 703 848 730 una
877 685 997 729 modo
1025 694 1151 742 caput
1172 701 1329 727 ornans
1349 686 1472 729 stella
1491 687 1671 730 relucet.

305 757 428 800 1136.
466 771 513 798 IN
550 771 708 798 vuius
745 769 886 797 emus
924 767 1072 796 cums
1103 767 1323 795 DEDITUR
1353 768 1433 796 ΕΙ.
1466 754 1671 798 Marullus

187 840 395 868 DIDITUR
413 859 423 868 .
444 826 487 868 in
508 840 568 880 111,
587 825 669 868 703
690 825 806 867 cibus
827 824 872 865 in
898 823 1081 866 membra
1102 831 1226 879 atque
1248 831 1367 864 artus
1388 839 1482 865 cum
1503 823 1670 866 diditur

187 896 338 938 omm‘s.
357 895 401 937 in
411 909 468 949 1v,
484 894 567 938 955
579 894 695 936 cibus
706 893 752 935 in
767 908 894 934 venas
910 891 1007 933 dum
1026 890 1190 933 diditur
1205 892 1356 933 omnis.
1373 891 1417 933 in
1431 905 1487 944 IV,
1499 891 1581 935 946
1594 892 1672 934 Di-

188 962 305 1006 ditur
321 964 367 1005 in
383 979 510 1006 venas
525 961 642 1004 cibus
658 961 791 1003 omnis
808 992 817 1002 .
834 959 968 1002 semel
987 959 1151 1002 inditur
1171 972 1304 1015 supra
1324 959 1368 1002 in
1390 973 1516 1003 versu
1536 961 1644 1004 1125
1662 994 1671 1002 .

305 1031 427 1074 1138.
488 1029 628 1073 Umm
672 1043 867 1075 QUEANT
905 1042 1103 1069 TANTUM
1150 1042 1388 1070 sueorum
1411 1062 1420 1072 .
1463 1030 1671 1086 Marullus

188 1113 378 1146 cumr.
403 1112 498 1142 eum
528 1111 698 1142 versum
730 1098 775 1139 in
797 1110 880 1152 quo
902 1101 1000 1140 sunt
1021 1113 1199 1154 corpora
1219 1097 1446 1140 tuditantia
1461 1132 1472 1153 ‚
1496 1112 1523 1141 a
1544 1099 1671 1142 Festo

187 1169 410 1211 recitatum
441 1181 537 1211 esse
568 1166 709 1209 dicam
740 1165 797 1209 ad
827 1165 982 1208 librum
1004 1180 1065 1219 111,
1088 1165 1199 1208 394.

305 1236 427 1279 1145.
459 1249 656 1277 DABUNT
686 1248 848 1276 LABEM
877 1248 1055 1276 PUTRIS
1086 1248 1266 1276 nunus
1290 1267 1299 1277 .
1324 1234 1546 1278 Corrector
1569 1249 1672 1291 qua-

189 1304 300 1347 drati
317 1337 328 1359 ,
350 1304 591 1359 Antonius,
614 1303 811 1359 impressi
830 1336 839 1356 ,
861 1317 1142 1349 Purmsonn
1172 1298 1325 1346 ruin'as
1342 1335 1351 1344 .

304 1371 426 1426 1147.
459 1373 527 1415 ET
559 1385 774 1414 senemr:
814 1386 956 1413 emus
987 1385 1142 1414 OMNIA
1173 1386 1517 1414 susTENTARE.
1542 1374 1672 1415 Anto-

186 1442 283 1484 nius
303 1441 431 1484 Marii
453 1442 570 1485 cibus
601 1451 663 1496 et,
686 1441 787 1484 olim
809 1441 1007 1497 impressi
1029 1444 1163 1495 (certe
1185 1441 1445 1484 Veronensis
1477 1446 1519 1484 et
1538 1442 1673 1485 Vene-

185 1514 253 1554 tus
275 1526 285 1552 :
305 1509 360 1553 de
382 1509 596 1552 Brixiensi
620 1509 840 1553 Gerardus
861 1510 991 1564 tacet)
1011 1511 1116 1553 cibis
1147 1518 1184 1552 et
1199 1543 1210 1564 ,
1231 1509 1436 1553 Marullus
1458 1511 1575 1553 cibus
1596 1527 1645 1553 ac
1663 1545 1672 1565 ,

187 1579 404 1622 Bentleius
436 1577 493 1621 ad
523 1579 691 1621 Horatii
723 1591 966 1621 sermonum
995 1578 1149 1621 librum
1170 1593 1214 1632 11,
1231 1578 1270 1634 3,
1292 1579 1373 1622 154
1398 1579 1502 1622 cibis
1522 1589 1646 1636 atque
1663 1612 1672 1622 .

186 1661 331 1709 curus
362 1661 507 1690 ornus
543 1652 657 1690 recte
687 1647 863 1689 Isaacus
894 1646 1099 1700 Vossius,
1131 1647 1214 1688 nisi
1245 1646 1401 1690 fallor:
1430 1647 1526 1691 huic
1560 1648 1673 1691 enim

185 1717 361 1771 eiusque
391 1715 531 1758 codici
555 1717 674 1759 tertio
705 1714 803 1772 (hoc
833 1719 899 1758 est
927 1716 1001 1758 uni
1033 1715 1160 1758 exiis
1182 1715 1400 1759 codicibus
1421 1716 1670 1772 impressis,

184 1785 229 1827 in
251 1797 430 1840 quorum
452 1784 718 1838 marginibus
749 1797 830 1827 sua
855 1784 1034 1827 Vossius
1065 1783 1361 1840 consignarat)
1384 1785 1672 1828 Londinensis

184 1853 325 1896 editor
354 1852 587 1906 adscribit,
609 1853 932 1908 Havercampus
963 1852 1202 1896 Bodleiano
1234 1858 1302 1908 et,
1325 1853 1440 1907 quod
1472 1854 1562 1896 scio
1594 1854 1671 1896 fal-

183 1934 277 1965 sum
307 1934 403 1965 esse
420 1955 430 1974 ,
452 1921 668 1964 Vossiano
698 1921 881 1976 utrique.

300 1990 422 2033 1148.
455 1990 801 2037 NEGQUIQUAM
819 2023 827 2031 .
851 1989 921 2032 Sic
942 1989 1155 2044 oblongus
1176 2005 1184 2031 :
1207 1990 1445 2045 quadratus
1466 1993 1670 2049 Necquic-

183 2074 336 2115 quam.
366 2062 409 2101 et
434 2057 646 2113 oblongus
677 2058 852 2113 quidem
883 2056 964 2100 hoc
994 2070 1079 2100 uno
1110 2058 1204 2101 loco
1235 2064 1411 2115 peccat,
1434 2060 1670 2115 quadratus

182 2126 226 2168 in
247 2141 303 2182 IV,
329 2123 440 2170 1110
469 2127 762 2183 Neequiquam
801 2130 844 2169 et
872 2126 916 2168 in
949 2125 1100 2169 eodem
1136 2127 1243 2170 1239
1274 2129 1567 2185 Nequicquam
1589 2162 1598 2172 .
1620 2146 1671 2173 ue

182 2211 432 2256 quemquam
462 2195 726 2250 exemplaria
756 2195 886 2238 Nonii
917 2194 1076 2238 habent
1096 2209 1136 2251 p.
1155 2196 1222 2252 28,
1241 2197 1266 2240 6
1288 2197 1331 2238 in
1355 2196 1419 2240 his
1440 2197 1670 2241 Varronia-

181 2263 250 2306 nis
267 2293 276 2305 .
293 2279 366 2320 eqo
382 2263 540 2320 infelix
556 2280 636 2307 non
652 2280 800 2320 queam
822 2264 913 2306 Vim
923 2264 1180 2320 propulsare
1196 2273 1320 2321 atque
1335 2266 1552 2309 im'micum
1563 2267 1670 2310 Orco

180 2332 387 2375 ‘inmittere
397 2365 406 2375 .
424 2333 696 2389 Nequiquam
712 2348 836 2389 saepe
852 2341 1020 2375 aeratas
1035 2333 1204 2375 mauuz‘s
1224 2333 1439 2390 compedes
1457 2335 1591 2378 Couor
1606 2353 1669 2379 re-

179 2400 330 2443 vellere
348 2433 356 2442 .
379 2413 490 2456 quae
515 2401 686 2456 poetica
707 2414 803 2444 esse
825 2399 1024 2444 Olearius
1044 2401 1089 2443 in
1110 2400 1275 2444 Saturis
1298 2401 1506 2445 Varronis
1526 2417 1568 2459 p.
1589 2404 1670 2447 196

180 2479 268 2510 non
287 2469 447 2524 sensit,
470 2482 730 2525 quamquam
759 2469 926 2513 librarii
957 2469 1102 2512 omnia
1133 2474 1246 2512 recte
1277 2470 1439 2527 scripta
1469 2470 1669 2514 exhibue-

179 2539 279 2578 runt
306 2541 479 2592 praeter
514 2554 665 2580 manus
703 2538 951 2593 genetivum
975 2571 985 2592 ,
1016 2551 1100 2593 quo
1132 2538 1369 2582 Varronem
1403 2539 1465 2582 uti
1496 2539 1668 2581 solitum

182 2615 270 2645 non
299 2603 433 2648 fuisse
455 2606 622 2649 Gellius
653 2606 783 2649 refert
813 2607 857 2648 in
888 2606 1126 2650 Atticarum
1157 2608 1342 2651 noctium
1374 2607 1483 2650 libro
1505 2621 1561 2662 1v,
1587 2607 1666 2662 16,

182 2683 276 2713 cum
307 2676 451 2716 tamen
473 2674 629 2718 dixerit
659 2675 766 2718 luxu
786 2675 919 2718 dandi
941 2688 1045 2718 casu
1066 2676 1182 2731 apud
1205 2677 1391 2719 Nonium
1413 2690 1453 2731 p.
1472 2677 1569 2731 211,
1593 2675 1668 2730 13,

179 2755 253 2782 nec
261 2742 614 2798 sumptibu'flnem
627 2744 883 2799 Leyibu'nec
900 2744 1006 2786 luaeu
1015 2753 1171 2787 statues
1172 2744 1389 2801 finemque
1400 2743 1668 2800 modumque.

297 2808 420 2852 1150.
452 2811 649 2857 Imeus
680 2825 812 2852 Anno
842 2825 998 2852 FACTA
1037 2826 1123 2852 EST
1153 2826 1310 2853 AETAS
1341 2826 1667 2858 EFFECTAQUE

178 2889 362 2918 Turnus
388 2910 397 2918 .
426 2876 649 2920 Corrector
680 2878 879 2934 quadrati
919 2883 961 2922 et
990 2879 1092 2922 olim
1124 2880 1320 2936 impressi
1351 2894 1543 2922 FRACTA
1574 2885 1666 2923 est.

177 2958 471 2992 nri-*nuova
515 2952 727 2990 corrector
764 2947 940 3002 oblongi
963 2980 971 3003 ,
1006 2949 1215 3005 effecaque
1246 2949 1482 3003 quadratus
1505 2982 1514 3005 ,
1548 2950 1666 2992 cuius

180 3018 391 3056 corrector
422 3014 523 3056 fecit
554 3016 804 3072 effoetaque.
