2040 3328
904 241 970 285 III
1597 241 1677 284 165

200 361 325 414 (993)
359 358 526 414 scripsit
561 357 632 398 Ea·
671 357 757 398 oleo
797 358 908 398 neoti
939 357 1065 398 vestis
1102 355 1259 399 debebit
1294 355 1542 397 Arachnes:
1578 367 1678 395 nam

199 429 324 472 huius
344 426 458 469 modi
480 425 660 468 delicias
683 424 1072 466 Alexandrinorum
1093 425 1138 466 in
1159 423 1312 480 poe'sin
1333 423 1533 466 Latinam
1551 423 1678 479 primi

199 498 450 540 invexerunt
478 494 540 535 illi
568 505 676 547 quos
704 492 852 536 Cicero
887 491 991 534 dicit
1021 501 1209 534 cantores
1230 492 1517 548 Euphorionis
1548 491 1678 547 (νεω-

197 564 352 622 τέρους
372 562 564 619 appellat
584 560 698 603 idem
726 560 782 602 ad
806 561 989 603 Atticum
1022 561 1302 621 epistularum
1334 574 1407 614 vn,
1430 560 1469 610 2,
1502 560 1572 602 ubi
1595 560 1678 614 sig-

198 633 343 678 nificat
373 644 448 674 eos
478 643 681 673 versuum
713 629 902 672 mollium
935 633 975 671 et
1006 627 1228 671 doctorum
1260 628 1504 671 studiosos:
1532 628 1679 670 Flevit

198 703 250 745 ab
271 702 419 758 Epiro,
440 698 589 753 inquit,
613 698 852 740 lenissimus
873 697 1170 743 Onchesmites.
1193 697 1302 739 hune
1323 693 1678 750 σπονδειάζοντα

197 772 242 813 si
265 770 339 812 eui
363 768 473 811 voles
493 767 580 809 τῶν
601 764 824 823 νεωτέρων
840 781 920 822 pro
943 774 1010 806 tuo
1031 764 1244 820 vendita),
1278 765 1416 808 Cinna
1436 770 1478 808 et
1499 765 1675 819 Gallus,

197 837 280 880 nisi
302 837 458 892 fallor,
493 840 534 879 et
555 834 688 877 multo
709 833 846 888 magis
867 836 1022 889 postea
1044 831 1232 888 scholica
1252 833 1432 888 Vergilii
1454 837 1496 876 et
1517 837 1678 876 cetero-

196 919 290 948 rum
325 896 777 959 veterum'poetarum
814 901 1056 944 recordatio
1076 935 1084 943 .
1108 914 1135 944 a
1165 900 1302 944 Statio
1334 901 1483 945 alcedo
1521 901 1677 944 dicitur

197 973 384 1031 Alcyone
412 973 459 1014 in
479 970 726 1015 Thebaidos
759 985 815 1025 1x,
838 971 919 1014 361
941 986 950 1012 :
972 970 1248 1025 Vergilianae
1276 970 1462 1013 castitati
1493 983 1579 1012 non
1610 982 1676 1012 sa-

195 1041 250 1084 tis
282 1041 483 1084 convenit
513 1039 628 1095 quod
660 1043 725 1082 est
754 1040 798 1081 in
820 1038 1052 1093 georgicon
1083 1053 1144 1094 111,
1167 1039 1250 1083 338
1271 1040 1504 1096 Litoraque
1524 1038 1676 1094 Alcyo-

196 1127 277 1154 nen
305 1119 528 1165 resonant,
560 1109 637 1153 sed
667 1108 808 1165 potius
839 1108 1078 1164 alcyonem,
1109 1111 1155 1150 ut
1190 1108 1232 1149 in
1265 1108 1498 1162 georgicon
1527 1122 1560 1158 1,
1593 1107 1676 1150 399

195 1180 388 1223 Dilectae
411 1178 583 1221 Thetidi
601 1178 794 1235 alcyones
811 1209 820 1218 .
853 1175 906 1219 de
927 1176 1020 1220 Silii
1041 1189 1168 1219 versu
1191 1191 1276 1232 X1v,
1300 1175 1383 1219 275
1413 1190 1498 1219 non
1531 1176 1676 1231 dispu-

195 1247 331 1302 tabo,
369 1246 414 1288 in
450 1259 535 1301 quo
566 1245 771 1301 scriptum
804 1249 868 1288 est
899 1245 1002 1288 Cum
1033 1254 1154 1286 sonat
1183 1246 1426 1303 Halcyones
1456 1254 1580 1288 cantu
1599 1261 1611 1286 :
1632 1244 1676 1286 in

197 1315 358 1358 Valerii
374 1314 518 1357 Flacci
535 1329 591 1368 1v,
612 1314 669 1357 45
691 1317 791 1356 ante
812 1312 1034 1356 Heinsium
1057 1313 1245 1370 alcysonis
1266 1315 1444 1357 miserae
1451 1315 1677 1371 fetumque

195 1384 434 1441 laremque.
455 1383 562 1426 mire
593 1383 758 1426 Seneca
797 1382 842 1424 in
873 1383 1197 1436 Agamemnone
1235 1382 1320 1425 680
1360 1383 1454 1424 licet
1483 1383 1675 1438 alcyones

193 1452 329 1510 Ceyca
357 1468 480 1495 suum
501 1476 554 1481 —
575 1459 744 1493 sonent.
766 1449 843 1493 sed
874 1450 1041 1493 leniora
1067 1454 1166 1492 sunt
1188 1464 1298 1507 quae
1319 1450 1511 1506 pluribus
1531 1449 1676 1493 verbis

195 1520 418 1563 historiam
437 1519 716 1574 adumbrant,
739 1522 786 1560 ut
805 1518 849 1560 in
866 1533 908 1559 1v
925 1518 1160 1572 georgicon
1187 1519 1238 1562 15
1259 1535 1527 1576 meropesque
1548 1519 1677 1562 aliae-

194 1604 273 1645 que
307 1588 495 1631 volucres
510 1622 521 1644 ,
559 1589 616 1631 Et
652 1588 846 1630 manibus
876 1588 1039 1630 Procne
1074 1596 1223 1644 peetus
1259 1589 1428 1645 signata
1465 1589 1647 1630 cruentis
1665 1604 1678 1630 .·

197 1655 370 1712 durius,
403 1656 517 1711 quod
539 1656 822 1699 Marklandus
854 1656 1057 1712 volebat,
1089 1656 1268 1699 maculis
1288 1658 1471 1699 eruentis
1493 1657 1586 1698 sine
1617 1656 1677 1698 in-

195 1725 308 1768 dicio
346 1723 448 1767 facti
467 1757 476 1766 .
499 1729 544 1767 at
574 1724 754 1768 Ovidius
796 1723 1082 1767 audacissime
1119 1723 1163 1766 in
1192 1738 1236 1765 1v
1268 1738 1321 1767 ex
1353 1725 1489 1767 Ponto
1523 1726 1589 1780 10,
1620 1725 1676 1768 55

128 1838 134 1845 ,
195 1793 360 1850 Quique
390 1792 501 1835 duas
531 1801 698 1847 terras,
735 1793 887 1835 Asiam
921 1793 1153 1850 Cadmique
1183 1809 1393 1848 sorore—m,
1427 1793 1609 1850 Separat
1640 1803 1677 1836 et

192 1877 342 1905 cursus
371 1862 481 1904 irater
501 1870 723 1918 utramque
740 1862 860 1919 facit
881 1895 890 1903 .
913 1861 993 1904 hoc
1014 1875 1068 1904 ne
1089 1861 1250 1904 Statius
1272 1861 1445 1916 quidem
1476 1865 1673 1916 superat,

192 1941 287 1972 cum
323 1929 526 1972 describit
554 1929 782 1972 Herculem
823 1930 1064 1986 Confectum
1111 1930 1260 1972 thiasis
1302 1939 1339 1972 et
1374 1930 1502 1972 multo
1526 1930 1676 1986 fratre

191 1997 423 2041 madentem
438 2031 449 2052 ,
471 1998 678 2041 silvarum
699 2013 759 2053 111,
786 1999 824 2053 1,
845 1998 898 2039 41
919 2031 928 2040 .
950 2002 1122 2054 praeter
1137 1997 1344 2040 Serenum
1366 2002 1510 2040 autem
1533 1998 1675 2040 Dona-

191 2071 260 2110 tus
293 2066 350 2109 ad
381 2066 632 2110 Eunuchum
663 2082 720 2122 1v,
752 2067 792 2121 3,
821 2066 873 2108 21
908 2079 961 2108 ex
995 2066 1058 2108 his
1089 2067 1275 2109 Lucretii
1306 2065 1501 2109 versibus
1534 2065 1676 2109 hausit

191 2151 375 2179 araneae
403 2137 558 2178 vietam
588 2145 737 2179 vestem
756 2168 764 2177 .

309 2203 405 2248 385.
439 2218 630 2246 SUPERA
654 2219 816 2246 cAPUD
835 2236 844 2245 .
868 2203 1021 2262 Capud
1040 2202 1250 2258 oblongus
1271 2218 1334 2259 111,
1359 2203 1467 2258 138,
1492 2203 1675 2259 quadra-

195 2277 263 2316 tus
294 2287 339 2328 11,
374 2272 485 2314 1164
513 2286 574 2328 n1,
610 2272 688 2315 147
721 2272 806 2316 654
836 2287 874 2326 V,
907 2272 960 2315 85
979 2304 988 2314 .

303 2340 400 2383 386.
431 2354 731 2387 PAPPOSQUE
753 2340 1183 2383 vonANr1s.Hunc
1211 2353 1380 2383 versum
1404 2341 1563 2383 Paulus
1594 2345 1675 2384 ret-

189 2409 287 2452 tulit
305 2409 351 2451 in
372 2409 529 2452 librum
551 2422 605 2452 ex
625 2409 752 2452 Festo
774 2424 847 2450 inv
868 2423 910 2466 p.
936 2410 1017 2453 119
1039 2408 1242 2452 editionis
1259 2409 1546 2452 Lindemanni
1565 2441 1574 2450 .
1598 2409 1674 2452 sed

192 2477 375 2520 eundem
396 2476 739 2520 Lindemannum
761 2477 842 2521 huc
862 2478 1024 2520 referre
1052 2478 1184 2520 miror
1215 2491 1324 2532 quae
1355 2477 1485 2520 habet
1505 2473 1670 2520 Probus

188 2559 230 2602 p.
257 2545 392 2589 1450.
414 2545 578 2588 subieci
616 2559 694 2601 ea,
732 2550 779 2588 ut
815 2560 842 2588 a
879 2546 1142 2589 doctioribus
1173 2546 1314 2589 excuti
1346 2550 1553 2601 possent:
1575 2550 1674 2588 sunt

190 2617 332 2656 autem
352 2613 478 2655 huius
499 2613 615 2656 modi
633 2647 640 2655 .
664 2615 726 2658 Po
758 2615 927 2671 syllaba
949 2616 1174 2657 terminata
1186 2614 1487 2671 producuntur
1503 2631 1517 2669 7·
1537 2630 1674 2671 vappo

189 2682 412 2737 vapponis.
430 2682 594 2723 animal
608 2691 669 2724 est
688 2683 847 2737 volans,
871 2682 985 2739 quod
998 2683 1121 2739 vulqo
1138 2683 1307 2724 animas
1328 2691 1477 2724 vocant
1498 2714 1506 2723 .
1526 2683 1673 2724 lectum

190 2757 250 2791 est
269 2748 388 2805 apud
407 2750 652 2792 Lucretium
674 2751 746 2792 hos
766 2767 976 2807 vappones
995 2782 1004 2791 .
1026 2750 1129 2792 mihi
1148 2763 1274 2804 quam
1292 2754 1405 2792 recte
1427 2750 1672 2803 grammati-

189 2829 264 2859 cus
299 2832 512 2873 vappones
548 2818 748 2861 Lucretio
788 2818 1066 2873 adscripserit
1100 2831 1188 2859 non
1224 2817 1384 2872 liquet,
1419 2817 1672 2860 Franciscus

191 2885 342 2927 Dousa
361 2884 472 2926 inter
494 2885 720 2928 Luciliana
742 2900 795 2928 ex
826 2886 948 2927 libris
978 2885 1152 2927 incertis
1183 2885 1328 2940 posuit
1358 2898 1534 2927 numero
1569 2885 1670 2927 161:

189 2954 358 2995 animas
374 2956 516 2995 autem
534 2985 543 3007 ,
567 2966 675 3007 quas
693 2953 742 2997 O.
761 2952 935 2996 Iahnius
950 2951 1096 3011 ψυχὰς
1111 2953 1204 2995 sive
1221 2949 1445 3010 φαλαίνας
1471 2966 1566 2996 esse
1582 2966 1671 2996 sus-

188 3020 354 3077 picatur
375 3021 740 3079 (architoloyisolze
761 3023 947 3079 beitrage
968 3036 1010 3078 p.
1037 3021 1164 3076 137),
1187 3021 1310 3064 aliter
1331 3021 1458 3065 scribi
1480 3021 1608 3065 video
1626 3021 1670 3067 in
