2040 3328
907 213 952 255 II
1644 219 1698 262 89

333 327 430 372 251.
461 340 593 369 mort}
640 341 966 370 connerirtm
1011 342 1158 370 omns
1180 360 1190 371 .
1215 329 1312 371 Itali
1358 334 1399 373 et
1440 331 1698 374 Veronensis

219 397 351 442 editio
379 410 540 439 Morus
559 428 570 439 .

331 466 428 510 252.
459 466 527 508 ΕΤ
563 479 755 507 VETERE
786 479 1042 508 Exomrun
1076 480 1240 508 novus
1282 480 1472 509 onoma
1504 483 1697 511 camo.

215 535 316 580 Itali
346 535 536 578 exoritur
564 550 727 591 semper
757 550 913 589 novus,
945 548 1051 589 quos
1083 539 1282 578 secuntur
1302 536 1498 592 impressi
1518 570 1526 580 .
1550 538 1698 580 melius

216 607 283 649 est
309 604 368 647 Et
395 611 529 646 vete-re
558 616 752 644 mucro
784 603 973 645 emoritur
1002 619 1132 646 novas
1150 627 1159 645 -.
1188 603 1242 646 de
1278 606 1595 660 praepositione
1628 619 1698 661 ge-

218 671 385 716 minata
415 670 507 714 dixi
538 671 583 713 in
613 670 696 714 fine
726 671 824 713 libri
854 671 1007 726 primi.

332 741 417 784 253
573 739 671 783 304.
701 740 807 782 Nnc
837 753 1162 782 DECLINANDO
1323 757 1481 784 Genus
1527 758 1698 785 ULLUM

216 824 439 852 nan-ann
465 843 474 854 .
495 810 586 853 Hos
622 821 773 852 versus
803 823 861 849 L11
897 807 965 851 hic
1002 810 1197 853 omittunt
1233 811 1469 865 quadratus
1507 816 1547 854 et
1584 811 1703 854 sehe-

216 878 313 935 dae,
355 879 433 922 sed
465 878 574 922 liber
603 881 783 932 uterque
814 876 942 919 habet
973 877 1017 919 in
1048 877 1131 921 fine
1161 879 1389 922 voluminis
1407 913 1417 933 ‚
1449 884 1494 921 ut
1523 880 1611 922 dixi
1642 880 1698 922 ad

214 947 370 990 librum
396 962 424 1003 1,
457 947 541 990 734
557 980 566 989 .
588 946 753 990 scilicet
782 946 825 987 in
856 945 1003 988 codice
1024 946 1258 1004 archetypo
1278 940 1387 990 vhaec
1418 947 1497 990 fuit
1518 949 1616 991 libri
1637 962 1698 991 se-

218 1016 347 1060 cundi
368 1016 620 1059 membrana
649 1018 801 1058 sexta:
824 1027 922 1056 nam
944 1015 1111 1070 priores
1134 1017 1319 1071 quinque
1350 1021 1578 1059 tenuerunt
1607 1029 1698 1059 ver-

215 1097 288 1128 sus
325 1088 480 1141 poetae
516 1099 626 1127 cem
665 1088 708 1126 et
744 1087 970 1138 praeterea
1011 1084 1294 1139 capitulorum
1333 1099 1482 1128 versus
1517 1100 1613 1140 vm,
1653 1089 1698 1127 ut

216 1167 270 1197 ex
307 1153 459 1197 horum
498 1153 641 1196 indice
673 1155 882 1208 apparet.
906 1165 1008 1206 ergo
1041 1153 1166 1195 huius
1197 1153 1293 1196 libri
1324 1154 1502 1196 secundi
1531 1154 1699 1196 initium

218 1222 299 1265 suit
326 1223 372 1265 in
401 1222 566 1278 pagina
594 1225 711 1264 recta
729 1253 738 1262 .

327 1290 425 1334 257.
456 1304 599 1332 rmus
634 1299 829 1332 AvonsA
867 1302 1146 1345 vonum-AS,
1185 1291 1285 1332 PER
1316 1306 1449 1338 QUAM
1478 1304 1697 1332 PROGRE-

213 1374 372 1402 nuum
403 1374 502 1406 Quo
533 1374 688 1402 Ducrr
721 1372 963 1405 QUEMQUE
994 1372 1255 1401 VOLUNTAS
1276 1393 1284 1401 .
1307 1360 1357 1402 In
1379 1360 1443 1402 his
1466 1359 1696 1402 Marullum

214 1441 302 1471 non
323 1427 518 1471 haesisse
539 1429 692 1470 mirum
715 1431 780 1470 est
799 1442 807 1468 :
830 1427 1064 1470 Lambinus
1086 1440 1179 1469 cum
1206 1428 1453 1484 voluptatem
1484 1431 1526 1470 et
1555 1428 1696 1470 volun-

214 1505 336 1540 tatem
368 1501 670 1540 commutasset
700 1495 841 1551 (quod
872 1509 984 1537 nune
1013 1495 1139 1539 video
1170 1496 1256 1538 iam
1289 1500 1386 1538 ante
1417 1510 1511 1539 eum
1543 1496 1696 1539 fecisse

211 1565 487 1608 Franciscum
509 1566 720 1609 Medicem
745 1578 772 1606 a
794 1564 979 1607 Victorio
1002 1564 1225 1606 laudatum
1247 1564 1303 1606 ad
1326 1565 1530 1607 Varronis
1552 1579 1692 1608 rerum

213 1634 465 1678 rusticarum
495 1649 522 1690 1,
559 1636 622 1688 17,
653 1634 717 1688 6),
750 1637 914 1675 ceteros
938 1633 975 1675 ei
998 1633 1210 1676 adsensos
1233 1646 1326 1676 esse
1349 1647 1432 1675 non
1464 1634 1590 1675 nimis
1620 1634 1694 1675 mi-

212 1716 284 1745 ror
301 1734 312 1744 .
343 1703 422 1745 sed
459 1703 696 1746 Lambinus
715 1735 724 1757 ‚
765 1701 848 1743 nisi
884 1702 1185 1757 intempestive
1226 1702 1487 1744 meminisset
1516 1702 1694 1756 Vergilii

211 1785 308 1815 esse
338 1772 468 1815 trahit
498 1788 577 1814 sua
607 1786 810 1828 quemque
840 1770 1059 1826 voluptas,
1091 1769 1341 1824 intellegere
1362 1774 1531 1825 poterat
1552 1771 1692 1827 volup-

211 1843 294 1885 tati
325 1841 369 1883 in
406 1843 558 1882 neutro
590 1838 778 1881 membro
810 1838 948 1880 locum
986 1851 1107 1881 esse:
1131 1851 1230 1880 nam
1260 1839 1412 1892 nequis
1444 1839 1689 1881 voluntatem

209 1909 378 1964 utrique
401 1907 559 1951 inferat
587 1906 822 1950 verendum
853 1919 939 1948 non
971 1911 1061 1950 est.
1085 1910 1266 1961 apparet
1296 1906 1567 1949 scribendum
1598 1920 1692 1949 esse

210 1977 315 2028 fares
353 1977 500 2019 avolsa
529 1989 807 2030 Pornsus3
848 1973 961 2029 quod
992 1975 1120 2029 plane
1153 1973 1372 2016 confirmat
1402 1987 1551 2016 versus
1581 1975 1691 2030 286,

210 2043 322 2087 unde
352 2045 454 2087 haec
486 2053 545 2086 est
573 2044 691 2085 nobis
720 2044 868 2085 innata
895 2051 1080 2098 potestas
1097 2074 1106 2083 .

324 2112 421 2155 264.
453 2125 786 2153 PRORUMPERE
809 2124 1023 2156 QUORUM
1044 2110 1140 2152 VIM
1162 2125 1390 2152 CUPIDAM
1413 2125 1510 2152 TAM
1531 2126 1592 2152 DE
1614 2126 1692 2153 su-

209 2194 329 2222 Bl'ro
347 2213 358 2223 .
380 2181 480 2223 Itali
502 2185 544 2223 et
563 2179 798 2222 Brixiensis
822 2178 952 2221 editio
973 2193 1212 2225 EQUORUM
1230 2212 1239 2222 .
1262 2180 1428 2222 Nonius
1456 2194 1496 2235 p.
1518 2181 1614 2231 517,
1641 2182 1693 2224 10

211 2248 362 2292 Omnes
377 2258 509 2292 amm
526 2250 661 2292 secuti
676 2256 830 2304 neyant
850 2247 1062 2290 adverbiis
1079 2248 1434 2304 praepositionem
1452 2248 1560 2290 adda·
1572 2265 1689 2305 opor-

209 2325 306 2372 tere,
324 2317 401 2360 sed
414 2319 643 2360 auctoritas
659 2326 839 2359 veterum
850 2318 1067 2373 praeponi
1078 2318 1205 2359 iubet.
1225 2316 1378 2358 iisdem
1395 2316 1538 2359 verbis
1557 2318 1690 2371 (quod

207 2386 486 2428 memorabile
523 2389 612 2428 est:
634 2398 735 2427 nam
774 2384 957 2427 eundem
997 2385 1164 2439 utrique
1204 2389 1421 2428 auctorem
1459 2386 1690 2440 agnoscas)

207 2453 422 2497 Maximus
441 2454 685 2496 Victorinus
706 2468 748 2510 p.
771 2455 875 2497 1951
895 2454 1117 2496 Adverbz'is
1138 2453 1258 2496 adici
1267 2455 1602 2510 praepositiones
1623 2470 1689 2496 ne-

204 2531 311 2578 yant
329 2538 468 2565 omnes
489 2523 669 2565 technici
684 2531 882 2579 oportere,
905 2522 1097 2578 quamvis
1118 2530 1272 2563 veteres
1293 2521 1463 2564 licenter
1483 2523 1555 2563 usi
1572 2531 1667 2563 sunt
1680 2554 1688 2563 .

209 2589 275 2632 his
314 2594 492 2644 uterque
530 2591 684 2633 subicit
721 2591 770 2633 de
800 2591 934 2632 subito
965 2594 1007 2631 et
1038 2589 1087 2632 de
1118 2598 1312 2645 repente:
1343 2588 1419 2631 sed
1450 2589 1690 2631 Victorinus

208 2657 428 2712 utriusque
448 2659 647 2701 vocabuli
675 2658 870 2712 singulos
901 2662 1095 2700 auctores
1128 2657 1328 2711 adducit,
1362 2658 1525 2699 Nonius
1556 2658 1688 2699 multo

208 2725 354 2780 plures
379 2757 388 2766 .
413 2726 578 2768 Nonius
600 2726 711 2768 hunc
732 2739 903 2769 versum
925 2730 1059 2768 totum
1081 2724 1210 2767 refert
1226 2757 1238 2778 7
1269 2725 1366 2766 libri
1387 2739 1434 2764 111
1456 2725 1538 2766 643
1569 2738 1689 2780 prae-

208 2793 427 2835 termittit:
449 2793 695 2836 Victorinus
725 2794 976 2849 simpliciter
1008 2795 1102 2835 item
1133 2794 1358 2834 Lucretius
1389 2792 1438 2834 de
1469 2794 1602 2836 subito
1621 2826 1631 2835 .

321 2861 418 2904 266.
462 2875 719 2902 MATERIAE
766 2861 925 2904 coms
971 2875 1175 2902 CONCIRI
1226 2874 1389 2900 DEBET
1408 2894 1417 2910 ,
1471 2875 1687 2903 conch

207 2943 303 2970 PER
334 2944 491 2971 Aures
524 2928 682 2972 Omns
713 2943 771 2970 ur
803 2943 1033 2971 srunmm
1064 2943 1243 2969 manns
1275 2943 1470 2969 connxs
1504 2943 1688 2975 SEQUA-

207 3011 301 3039 ‘run
323 3029 332 3039 .
370 2997 615 3050 Quadratus
660 2999 861 3040 materie:
907 2997 1005 3039 Itali
1050 3011 1297 3038 MATERIAI
1319 3028 1328 3039 .
1361 3001 1449 3039 tum
1495 2999 1693 3054 conquiri
