2040 3328
522 253 600 293 114
1222 257 1264 299 II

518 380 570 407 ea·
589 381 749 421 unoque
768 380 812 420 11,
830 367 911 409 663
928 399 939 420 ,
961 383 1012 408 em
1033 367 1212 422 aliisque
1231 382 1287 422 IV,
1306 368 1412 411 1249
1428 401 1438 423 ,
1460 385 1511 411 em
1532 371 1741 426 animique
1760 372 1964 415 voluntate

516 445 560 487 11,
577 433 685 487 270,
709 449 760 475 eoo
780 434 995 488 animoque
1015 447 1054 487 V,
1071 433 1126 476 49
1143 466 1152 487 ,
1175 435 1227 475 ab
1247 436 1446 491 rebusque
1466 450 1521 491 IV,
1545 436 1597 481 65
1615 468 1624 490 ,
1647 439 1692 479 in
1712 439 1902 494 caeloque
1921 452 1961 492 v,

521 499 627 540 1188
646 530 656 552 ,
687 500 731 540 in
751 499 964 554 medioque
990 514 1045 553 lv,
1067 501 1198 553 1100,
1232 501 1292 542 ad
1309 502 1545 557 caelumque
1574 517 1628 555 vl,
1645 504 1754 558 562,
1783 521 1829 547 re
1847 521 1962 547 vera·

466 569 470 573 '
518 581 596 620 que
617 579 659 619 11,
677 565 730 606 48
751 598 760 615 ,
793 581 922 621 aequo
943 568 1160 622 animoque
1180 581 1239 621 111,
1257 567 1339 609 962
1356 600 1365 621 ,
1384 568 1442 623 fit
1461 577 1582 623 utque
1603 584 1656 624 VI,
1682 571 1785 614 1007
1804 603 1814 625 ,
1834 566 1963 613 multa

512 632 700 687 facitque
715 646 770 686 ιν,
788 632 883 686 273,
906 648 1084 674 errorem
1100 634 1309 688 vitareque
1330 648 1384 689 1v,
1398 634 1490 687 823,
1513 651 1578 676 res
1593 637 1766 692 ipsaque
1781 651 1823 691 11,
1843 638 1961 691 1050,

516 698 594 739 illa
623 699 825 754 huiusque
847 712 900 750 vl,
921 699 1040 752 1085,
1071 715 1249 742 crescere
1279 701 1453 756 itemque
1483 701 1570 743 dies
1600 703 1691 744 licet
1719 717 1758 757 v,
1775 703 1870 756 680,
1899 719 1961 745 su-

513 782 591 821 per
610 767 820 822 stellisque
842 779 880 820 V,
903 765 1007 808 1205
1024 798 1033 819 ,
1047 775 1326 821 persectantes
1346 769 1538 823 visaeque
1557 769 1738 810 volantes
1756 783 1812 823 lv,
1831 770 1938 812 1010
1953 802 1962 811 .

630 833 724 875 683.
757 847 852 878 QUA
884 845 1033 873 sucus
1064 846 1157 874 NON
1186 848 1231 874 1T
1261 848 1307 874 IN
1337 835 1694 887 ARTUS‚SUCUS
1715 849 1832 876 mnu
1853 849 1962 877 son-

517 913 608 940 soM
629 914 785 941 ssron
804 913 1105 940 msmnATun
1125 899 1381 954 Snusmus,
1401 916 1459 942 UT
1476 915 1658 943 noscAs
1678 917 1842 943 pansus
1863 917 1965 944 mr-

515 982 667 1008 samm
698 981 897 1008 memus
919 998 928 1008 .
951 967 1084 1009 Sucus
1114 966 1169 1008 ad
1200 979 1393 1021 saporem
1423 969 1628 1023 pertinet3
1658 974 1704 1011 ut
1731 970 1776 1011 in
1806 984 1860 1024 VI,
1882 970 1963 1012 986

515 1035 626 1076 Nam
643 1042 860 1090 penetrare
881 1034 966 1075 alio
987 1034 1143 1075 sonitus
1164 1033 1328 1090 alioque
1353 1039 1535 1090 saporem
1558 1036 1771 1079 Cernimus
1792 1053 1812 1079 e
1831 1038 1962 1089 sucis,

517 1102 603 1143 alio
633 1101 795 1143 nidoris
824 1100 995 1154 odores,
1037 1104 1077 1141 et
1107 1100 1151 1141 in
1181 1114 1224 1154 11,
1247 1101 1328 1143 845
1365 1102 1420 1142 Ec
1459 1103 1597 1144 sonitu
1630 1103 1775 1145 sterila
1804 1112 1840 1145 et
1868 1119 1963 1145 suco

515 1169 657 1210 ieiuna
673 1167 909 1222 feruntur.
941 1166 1057 1220 atqui
1088 1166 1140 1208 de
1170 1180 1324 1222 sapore
1353 1173 1449 1222 post
1478 1182 1620 1211 sucum
1652 1169 1778 1223 dicit,
1800 1185 1961 1212 sorsum

515 1251 641 1291 sapor
660 1236 899 1277 insinuatur
915 1249 928 1275 .·
949 1234 1068 1275 deest
1089 1238 1227 1276 autem
1249 1235 1399 1277 coloris
1420 1236 1575 1278 mentio
1593 1268 1602 1290 ,
1626 1249 1718 1278 cum
1738 1241 1878 1278 tamen
1898 1249 1962 1278 su-

514 1315 592 1358 pra
612 1301 791 1344 dixisset
812 1310 847 1343 et
867 1301 977 1343 color
997 1309 1033 1342 et
1053 1317 1178 1356 sapor
1197 1317 1283 1342 una
1302 1317 1393 1343 cum
1415 1302 1537 1345 odore
1553 1335 1562 1345 .
1581 1315 1682 1357 ergo
1699 1302 1962 1345 scribendum

516 1374 580 1412 est
609 1385 693 1425 qua
722 1382 879 1409 sucus
909 1383 990 1409 non
1019 1369 1051 1409 it
1085 1369 1130 1410 in
1160 1377 1301 1422 artus,
1333 1369 1495 1411 Fnous
1524 1372 1619 1412 item
1653 1386 1812 1413 sorsum
1834 1399 1844 1408 .
1866 1382 1962 1411 nam

501 1437 637 1492 fucus
668 1436 781 1478 color
813 1439 875 1477 est
894 1450 903 1477 ι
934 1435 1061 1489 paulo
1083 1440 1180 1490 post
1201 1435 1281 1478 745
1301 1437 1415 1479 nullo
1436 1438 1590 1479 circum
1611 1437 1687 1479 lita
1703 1437 1810 1492 fuco
1826 1468 1836 1490 ,
1858 1441 1899 1479 et
1918 1437 1962 1479 in

514 1517 570 1554 ιν,
587 1503 642 1545 84
672 1503 798 1545 lintea
827 1502 877 1544 de
907 1517 1062 1544 summo
1083 1518 1174 1544 cum
1195 1519 1363 1558 corpore
1380 1503 1534 1558 fimum
1555 1505 1751 1546 Mittunt.
1775 1517 1963 1544 SORSUM

515 1574 655 1612 autem
686 1569 752 1611 bis
783 1568 1048 1611 scribendum
1069 1574 1159 1623 est,
1182 1583 1266 1611 non
1288 1583 1380 1612 cum
1401 1570 1552 1612 Vossio
1583 1586 1764 1613 seorsum
1793 1579 1830 1612 et
1857 1586 1962 1613 seor-

514 1654 605 1680 sum
623 1669 632 1680 .
649 1637 709 1679 ita
730 1637 772 1678 in
794 1650 848 1690 1V,
870 1636 954 1678 494
974 1636 1146 1679 Seorsus
1177 1638 1271 1679 item
1301 1653 1428 1692 sapor
1458 1638 1544 1680 oris
1573 1637 1690 1680 habet
1717 1637 1800 1679 vim
1815 1653 1963 1690 ‚seor-
1983 1638 1990 1646 ⁶

514 1722 585 1747 sus
615 1704 760 1747 odores
789 1704 1057 1757 Nascuntur,
1096 1719 1256 1746 sorsum
1289 1706 1444 1746 sonitus
1467 1736 1475 1745 .
1512 1704 1554 1745 in
1591 1703 1738 1746 horum
1768 1717 1962 1747 versuum

514 1773 658 1814 ultimo
680 1772 791 1813 idem
808 1771 982 1812 Vossius
1005 1771 1360 1826 121³1V1sflquris,
1384 1770 1498 1824 quod
1518 1775 1630 1812 recte
1649 1771 1830 1825 probant
1844 1771 1964 1814 Gree-

515 1839 632 1882 chius
662 1842 703 1881 et
723 1838 1066 1893 Havercampus,
1097 1838 1244 1880 inscite
1275 1838 1393 1880 reicit
1415 1837 1728 1892 Wakefieldus,
1760 1838 1965 1892 Forbiger

514 1906 683 1948 silentio
713 1905 985 1947 transmittit.
1091 1905 1094 1908 ⁴

626 1972 722 2016 693.
760 1973 863 2014 Au'r
900 1986 1056 2013 NULLA
1093 1985 1237 2012 tui-En
1283 1986 1334 2012 sn
1370 1986 1467 2014 Duo
1510 1986 1615 2013 sm‘r
1650 1986 1710 2013 nx
1751 1985 1961 2014 ommssus

513 2055 631 2083 mnu
654 2073 663 2083 .
684 2041 839 2083 Verum
868 2053 951 2082 non
983 2044 1070 2094 est,
1103 2039 1215 2093 quod
1246 2039 1347 2082 dicit
1366 2039 1708 2095 Havercampus,
1730 2040 1771 2081 in
1793 2039 1962 2082 Vossia-

512 2112 579 2152 nis
608 2122 702 2151 esse
728 2108 772 2149 in
792 2107 874 2150 fine
894 2120 1043 2150 versus
1070 2107 1210 2149 eadem
1226 2123 1239 2149 :
1269 2111 1332 2149 est
1361 2108 1471 2149 enim
1491 2107 1660 2149 Marulli
1681 2138 1691 2149 .
1712 2107 1854 2162 itaque
1883 2106 1962 2149 hoc

512 2176 671 2219 infelici
693 2179 846 2218 conatu
868 2174 1134 2217 Eichstadius
1156 2174 1337 2229 recepit,
1361 2174 1564 2228 Forbiger
1592 2175 1684 2229 pari
1716 2173 1961 2216 infelicitate

515 2245 643 2286 tuitus
674 2246 738 2285 est
759 2274 768 2284 .
790 2255 888 2284 nam
918 2241 1025 2283 duas
1047 2241 1216 2284 vocales
1238 2241 1387 2284 breves
1409 2241 1485 2283 sub
1507 2242 1590 2283 ictu
1611 2242 1654 2283 in
1673 2241 1844 2294 longam
1865 2253 1960 2283 con-

511 2311 679 2354 trahere
699 2310 839 2352 nullus
860 2312 987 2364 poe'ta
1007 2309 1182 2350 Latinus
1203 2321 1332 2351 ausus
1363 2311 1452 2350 est.
1475 2308 1706 2349 Ausonium
1736 2307 1847 2350 enim
1875 2319 1960 2348 non

512 2392 632 2433 curo,
651 2377 768 2420 cuius
786 2381 848 2419 'est
864 2376 906 2418 in
922 2375 1231 2431 professoribus
1247 2390 1286 2430 x,
1300 2375 1349 2417 17
1368 2375 1536 2418 Credita
1543 2375 1817 2430 puerities.P.
1826 2374 1960 2416 Varro

512 2446 676 2488 du‘abus
706 2444 886 2499 syllabis
916 2447 1028 2485 recte
1058 2443 1164 2484 dixit
1185 2443 1420 2496 Phaethon,
1451 2442 1647 2484 Manilius
1672 2442 1960 2484 Phaethontem

512 2513 674 2567 tribus,
706 2511 866 2554 scilicet
887 2511 1065 2552 Latinae
1086 2511 1257 2564 linguae
1277 2510 1576 2564 proprietatem
1606 2508 1765 2563 secuti,
1797 2520 1882 2561 qua
1912 2523 1961 2550 ae

510 2580 680 2624 vocales
702 2579 852 2621 breves
872 2577 1113 2620 necessario
1130 2577 1173 2618 in
1190 2576 1488 2632 diphthongon
1498 2576 1739 2618 coalescunt
1755 2607 1764 2616 .
1781 2575 1961 2617 Piraeus

511 2649 622 2691 enim
652 2645 803 2689 Latine
841 2657 926 2686 non
963 2644 1086 2686 aliter
1114 2656 1269 2686 sonare
1299 2642 1424 2685 debet
1453 2656 1579 2696 quam
1610 2637 1850 2699 Πειραιός,
1886 2642 1951 2683 Pi-

510 2731 654 2758 raeeus
676 2708 938 2768 Πειραιεύς·
961 2710 1182 2768 Πειραεύς
1203 2711 1265 2752 ori
1287 2710 1437 2752 Latino
1459 2723 1544 2751 non
1565 2710 1761 2753 convenit
1781 2741 1791 2750 .
1813 2709 1958 2752 Cicero

509 2782 567 2825 ad
587 2782 771 2824 Atticum
797 2795 852 2835 vl,
870 2780 895 2822 9
912 2783 952 2822 et
968 2794 1038 2834 vu,
1056 2780 1094 2834 3,
1116 2780 1168 2822 10
1186 2773 1324 2821 utrum
1345 2778 1524 2819 Piraeea
1546 2790 1600 2819 an
1621 2778 1778 2819 Piraea
1793 2809 1804 2830 ,
1831 2775 1875 2818 id
1897 2779 1959 2817 est

509 2848 730 2905 Πειραιέα
742 2861 796 2890 an
811 2847 1020 2904 Πειραιᾶ,
1038 2845 1254 2901 scripserit
1268 2858 1352 2887 non
1369 2844 1534 2887 videtur
1550 2847 1761 2886 constare:
1777 2843 1820 2884 in
1832 2854 1958 2885 versu

509 2918 668 2960 Statius
708 2916 950 2959 Thebaidos
988 2929 1068 2965 ΧΠ,
1096 2914 1177 2956 616
1221 2917 1262 2956 et
1305 2912 1376 2966 qui
1416 2912 1585 2966 scripsit
1621 2910 1734 2954 Cirin
1761 2909 1842 2951 467
1885 2909 1956 2951 Pi-

508 2992 632 3027 rae’e'a
655 3016 664 3026 .
686 2984 882 3026 dixerunt
911 2982 1081 3038 quidem
1105 2980 1359 3024 Phaethonta
1382 2979 1544 3022 Graeco
1576 2991 1688 3020 more
1703 3009 1715 3032 ‚
1746 2980 1791 3019 ut
1810 2976 1956 3031 Aello,
