2040 3328
882 202 902 243 I
1609 203 1661 245 37

181 319 344 361 traham
375 317 511 373 delzjqe
528 349 536 358 .
560 318 791 359 coturnices
821 316 959 372 prima
989 316 1121 370 longa
1142 315 1320 359 Plautus
1352 320 1393 358 et
1414 316 1661 358 Lucretius:

179 388 288 430 Ecce
307 386 538 428 coturnices
559 384 767 439 Ovidius,
799 385 899 427 item
921 384 1140 427 Iuvenalis
1158 417 1166 425 .
1190 386 1341 427 vietam
1363 385 1506 426 media
1531 385 1663 438 longa

179 454 434 508 Terentius,
466 453 717 508 Lucretius,
749 453 1036 495 Prudentius:
1067 466 1175 495 unus
1208 453 1317 495 inter
1348 466 1496 495 omnes
1527 453 1661 494 Hora-

179 522 262 564 tius
284 522 372 574 Qui
382 520 512 564 sudor
528 523 648 564 υίειίε
667 554 675 563 .
698 521 850 563 rudere
866 554 876 575 ,
899 521 1014 575 quod
1032 525 1096 564 est
1113 522 1332 563 asinorum
1349 555 1359 575 ,
1378 521 1550 563 Persius
1566 533 1662 576 pro-

179 589 300 632 duxit
321 590 467 644 solus,
492 591 620 632 ceteri
644 589 878 644 corripiunt
898 621 905 630 .
928 589 989 630 ita
1009 590 1213 632 vacillare
1243 603 1375 645 saepe
1405 590 1544 644 prima
1574 602 1662 631 cor—

177 662 300 714 repta
321 657 565 711 Lucretius,
589 657 703 699 idem
726 658 857 699 semel
881 657 924 698 in
942 671 1001 711 111,
1019 657 1104 700 504
1128 659 1234 700 Tam
1255 659 1384 714 quasi
1400 658 1660 700 vaccillans:

178 727 242 769 sic
262 727 321 770 ibi
339 727 616 769 membranae
636 759 645 781 ,
669 730 710 768 et
727 725 843 781 apud
862 726 1047 768 Nonium
1071 740 1111 779 p.
1131 726 1212 779 34,
1235 726 1290 768 23
1307 726 1358 767 27
1378 727 1605 768 vaccz‘llare
1622 729 1663 768 et

176 796 453 850 vaccz'llanae5
483 794 597 849 quod
619 794 655 836 si
676 827 685 847 ,
708 799 754 837 ut
774 794 970 847 videtur,
995 806 1021 835 a
1042 810 1170 835 vacca
1190 794 1349 836 factum
1372 799 1462 847 est,
1486 795 1531 835 in
1554 794 1660 850 hoc,

103 851 115 861 Ν
177 867 223 906 ut
243 864 285 906 in
309 865 463 907 Catillo
485 863 578 905 Sive
600 863 769 905 Cattz'llo
791 866 832 904 et
854 863 990 906 Catz'lo
1005 895 1016 916 ,
1040 862 1140 904 item
1163 863 1207 904 in
1228 863 1358 919 osella
1379 867 1421 904 et
1441 862 1635 905 mamilla
1649 896 1660 917 ,

176 936 463 974 consonantes
494 931 695 985 variant,
728 931 770 972 in
802 931 955 973 ceteris
987 931 1161 973 vocales
1181 964 1190 972 .
1212 931 1408 973 similiter
1443 932 1662 973 Tz'ntz'nant

175 1017 300 1043 aures
321 999 540 1055 Catullus,
570 1000 897 1042 tintinnabulum
919 999 972 1042 de
994 999 1120 1053 gallis
1144 999 1309 1054 agyrtis
1333 999 1521 1042 Lucilius
1544 999 1660 1054 apud

176 1069 364 1112 Nonium
374 1069 529 1124 p.490,
549 1068 604 1110 24
616 1073 658 1110 et
676 1068 892 1111 Iuvenalis
911 1068 1206 1121 tintinnabula,
1232 1069 1358 1110 tz'nz're
1373 1068 1659 1110 Terentianus

176 1137 350 1180 Maurus
368 1137 452 1179 232
472 1170 482 1191 ,
506 1137 636 1179 ceteri
658 1138 812 1179 tinnire
828 1170 839 1190 ‚
868 1137 1088 1179 Porsenna
1111 1135 1227 1191 apud
1250 1136 1486 1190 Vergilium
1509 1136 1662 1178 Aenei-

174 1206 254 1248 dos
274 1219 378 1258 v111,
418 1205 529 1259 646,
569 1205 604 1247 si
637 1204 787 1247 Servio
828 1209 869 1247 et
900 1204 1104 1247 Mediceis
1136 1204 1397 1246 membranis
1429 1203 1535 1246 fides
1567 1209 1658 1258 est,

174 1274 246 1328 qui
273 1273 417 1315 media
438 1273 558 1315 brevi
581 1274 772 1315 Porsena
795 1272 972 1314 Horatio
996 1272 1102 1314 Silio
1128 1273 1314 1315 Martiali
1333 1306 1342 1315 .
1365 1273 1541 1315 nomina
1562 1285 1658 1328 pro-

173 1342 268 1398 pria
297 1341 487 1383 locorum
518 1355 603 1383 non
636 1341 871 1394 attingam,
906 1341 948 1381 in
981 1354 1092 1395 quae
1114 1346 1320 1395 quantum
1342 1341 1462 1396 vulgi
1493 1341 1658 1384 mobili-

173 1411 250 1453 tati
280 1410 449 1453 licuerit
478 1422 602 1452 nemo
626 1410 824 1463 ignorat.
847 1409 928 1451 hoe
950 1414 1111 1451 tantum
1134 1410 1230 1452 dico
1250 1443 1258 1462 ,
1293 1410 1335 1451 in
1358 1410 1454 1465 ipsa
1475 1410 1581 1451 urbe
1603 1409 1658 1452 de

172 1479 278 1522 locis
323 1478 603 1521 nobilissimis
641 1478 881 1520 dubitatum
922 1491 1018 1520 esse
1048 1511 1055 1519 .
1086 1478 1274 1520 Lucilius
1314 1478 1430 1534 apud
1472 1479 1658 1521 Nonium

173 1563 214 1604 p.
236 1548 334 1603 462,
357 1548 411 1590 28
435 1548 578 1590 Calvu'
599 1547 804 1589 Palatina
825 1547 999 1603 quidam
1017 1581 1027 1601 ,
1049 1548 1116 1589 vir
1138 1564 1216 1589 non
1240 1548 1366 1601 (libri
1388 1549 1455 1590 vir
1481 1548 1660 1601 nobilis)

173 1618 292 1660 bonu'
323 1617 450 1670 bello,
481 1629 620 1671 neque
641 1615 766 1658 aliter
787 1629 968 1670 usquam
994 1616 1237 1670 Vergilius,
1263 1616 1490 1670 Horatius,
1514 1616 1658 1658 Tibul-

171 1686 239 1728 lus
257 1718 268 1739 ,
299 1685 573 1741 Propertius,
598 1684 806 1738 Ovidius,
840 1685 1066 1738 Lucanus,
1090 1684 1374 1740 Calpurnius,
1408 1684 1655 1727 Petronius:

174 1753 286 1806 Quid
307 1754 448 1808 placet
478 1758 554 1796 aut
584 1753 682 1796 odio
706 1757 796 1807 est,
829 1753 943 1808 quod
966 1767 1052 1795 non
1073 1754 1280 1795 mutabile
1302 1752 1453 1795 eredas
1471 1753 1492 1795 ἱ)
1524 1753 1658 1796 Muta-

170 1823 233 1866 vit
253 1827 436 1865 mentem
458 1822 642 1878 populus
665 1822 775 1864 levis
794 1855 802 1876 ,
827 1827 868 1864 et
890 1821 1090 1864 dixerunt
1112 1823 1287 1864 Palatia
1309 1821 1437 1863 modo
1462 1827 1658 1877 correpte

170 1889 299 1932 modo
330 1890 539 1945 producte
571 1890 759 1945 Statius,
793 1891 923 1933 Silius
943 1923 953 1943 ,
986 1890 1223 1944 Martialis,
1257 1890 1477 1932 Iuvenalis
1497 1922 1505 1932 .
1528 1894 1657 1944 atque

170 1958 530 2002 eadem-mutatio
563 1959 678 2001 facta
707 1963 772 2002 est
800 1960 844 2001 in
876 1963 1020 2000 monte
1060 1960 1284 2012 Vaticano,
1322 1959 1443 2001 cuius
1474 1959 1656 2001 nominis

170 2026 403 2070 secundam
426 2027 639 2082 syllabam
661 2027 864 2069 Horatius
898 2027 1128 2082 corripuit,
1162 2039 1274 2081 non,
1306 2031 1351 2068 ut
1381 2027 1527 2082 inepte
1554 2026 1657 2069 dicit

171 2094 384 2150 Orellius,
417 2095 531 2150 quod
564 2095 608 2137 id
633 2108 660 2137 a
681 2097 895 2138 vaticiniis
916 2099 1155 2151 repeteret,
1188 2095 1265 2137 sed
1298 2095 1402 2149 quia
1433 2095 1563 2150 vulgo
1596 2097 1657 2139 ita

170 2163 372 2206 dicebant
391 2179 400 2206 :
421 2168 573 2219 postea
595 2163 806 2206 Martialis
829 2168 870 2206 et
890 2164 1111 2206 Iuvenalis
1134 2163 1316 2206 eandem
1338 2163 1552 2219 syllabam
1585 2178 1654 2206 ex-

169 2231 424 2275 tenderunt.
447 2231 524 2274 sed
546 2232 599 2274 de
621 2233 786 2289 Apulia
817 2236 858 2275 et
878 2233 1037 2289 Apulis
1068 2245 1302 2286 numquam
1325 2232 1567 2274 dubitatum
1592 2237 1656 2276 est

169 2301 271 2357 quin
291 2300 432 2356 prima
452 2300 624 2356 syllaba
654 2301 937 2356 producenda
969 2305 1112 2355 esset,
1146 2302 1292 2356 itaque
1314 2301 1507 2344 Lucilius
1538 2302 1653 2357 apud

168 2371 341 2413 Festum
362 2383 404 2425 p.
422 2369 518 2422 313,
546 2370 594 2410 11
629 2370 674 2411 in
702 2369 950 2412 hexametro
972 2370 1190 2427 Apuliden
1209 2370 1389 2426 pedibus
1410 2371 1624 2413 stlembum
1642 2403 1653 2413 .

167 2452 302 2494 quare
339 2438 510 2480 indocte
546 2442 784 2493 provocant
819 2438 875 2480 ad
915 2439 1241 2493 ambiguitatem
1273 2439 1543 2494 propriorum
1582 2440 1652 2495 qui

167 2508 211 2550 in
233 2507 402 2549 Horatii
432 2507 667 2549 carminum
698 2521 771 2561 111,
803 2507 831 2548 4
862 2511 1031 2549 tuentur
1060 2520 1233 2549 versum
1256 2507 1506 2550 foedissime
1528 2509 1653 2551 inter-

165 2576 358 2631 polatum
379 2575 517 2631 hunc,
542 2576 720 2618 Altrz’cz's
742 2584 863 2618 emto-a
886 2576 1012 2619 limen
1029 2577 1216 2633 Apuliae
1236 2609 1244 2618 .
1267 2589 1394 2631 porro
1417 2589 1543 2618 nemo
1566 2591 1652 2619 um-

168 2657 295 2698 quam
316 2644 547 2700 Apulz'cum
577 2657 655 2699 pro
678 2645 820 2701 Apulo
853 2645 989 2698 dixit,
1023 2644 1137 2699 quod
1169 2645 1418 2700 perturbare
1450 2645 1651 2687 versiculi

168 2725 368 2754 numeros
398 2712 443 2754 in
466 2713 618 2755 eodem
639 2713 807 2756 Horatii
838 2714 948 2755 libro
971 2713 1053 2767 24,
1085 2714 1113 2754 4
1130 2713 1243 2755 docti
1262 2746 1271 2768 ,
1305 2716 1511 2767 quantum
1533 2713 1649 2769 scio,

167 2793 221 2822 ne
253 2779 649 2823 animadverterunt
679 2782 879 2836 quidem,
916 2782 956 2822 T
952 2782 1177 2836 vso-rhenum
1209 2797 1324 2823 omne
1356 2783 1439 2823 tuis
1470 2791 1507 2825 et
1535 2799 1652 2826 mare

167 2848 398 2905 Apulz‘cum
417 2879 426 2888 .
450 2847 524 2890 ubi
554 2848 598 2890 id
631 2850 850 2904 exemplar
871 2854 993 2892 vetus
1017 2849 1136 2891 cuius
1159 2862 1327 2892 summa
1348 2854 1413 2893 est
1433 2849 1544 2893 inter
1566 2864 1650 2893 om-

165 2917 241 2959 nia
261 2915 494 2959 auctoritas
514 2948 523 2970 ‚
559 2928 653 2957 cum
676 2918 773 2960 aliis
795 2918 900 2960 satis
923 2917 1066 2958 multis
1085 2950 1094 2971 ,
1118 2916 1248 2959 habet
1270 2906 1388 2960 mare
1406 2919 1623 2975 publicum
1639 2952 1648 2961 .

166 2984 294 3040 idque
316 2984 588 3028 verissimum
611 2988 700 3028 est.
726 2986 830 3028 dicit
857 2985 970 3028 enim
992 2985 1237 3028 Marcianus
1263 2986 1283 3027 1
1305 3019 1312 3028 .
1338 2986 1364 3028 2
1384 2991 1426 3029 et
1447 2987 1475 3028 4
1495 3000 1559 3043 pr.
1582 2988 1620 3029 D
1640 3021 1648 3031 .
