2040 3328
905 188 963 228 VI
1593 191 1673 231 357

193 303 327 346 nitum
364 300 469 343 dare
510 299 691 354 dicitur,
715 313 799 341 non
842 301 986 343 anima
1015 301 1163 344 vesica
1194 301 1383 344 inclusa.
1407 315 1510 356 ergo
1542 304 1674 344 mani-

193 370 345 414 festum
367 372 432 412 est
453 368 696 410 Lucretium
717 369 943 424 scripsisse
964 369 1018 412 de
1039 369 1154 412 nube
1175 370 1248 412 dat
1268 384 1408 412 mss»,
1418 370 1646 427 frayorem
1664 403 1672 412 .

191 439 404 494 pertinent
439 436 520 478 huc
558 437 634 479 illa
664 437 838 493 Epicuri
875 437 991 492 apud
1026 438 1262 492 Diogenem
1299 453 1336 493 x,
1358 439 1464 493 100,
1486 437 1675 494 βροντὰς

189 505 417 560 ἐνδέχεται
446 501 656 562 γίνεσθαι
686 531 742 537 -
759 539 770 558 ,
803 504 878 548 καὶ
907 505 1019 549 κατὰ
1042 503 1189 563 ῥήξεις
1220 505 1271 550 δὲ
1297 508 1443 564 νεφῶν
1473 506 1548 551 καὶ
1569 508 1675 551 δια-

193 571 374 626 στάσεις
389 608 400 626 ,
422 587 508 616 non
530 587 582 617 ea
605 587 715 629 quae
738 574 973 617 Lambinus
994 575 1161 630 attulit,
1183 574 1259 618 καὶ
1288 575 1400 618 κατὰ
1423 573 1674 630 πνεύματος

191 643 238 688 ἐν
266 645 360 695 τοῖς
389 637 642 697 κοιλώμασι
678 642 766 684 τιῦν
796 643 942 700 νεφῶν
980 638 1232 700 ἀνείλησιν,
1255 639 1467 702 καθάπερ
1505 643 1550 688 ἓν
1579 647 1673 696 τοῖς

188 708 424 771 ἡμετέροις
454 707 676 768 ἀγγείοις,
698 710 743 754 id
764 714 828 754 est
840 727 922 767 per
951 720 1115 753 ventum
1145 713 1191 754 in
1221 713 1393 755 nubium
1424 715 1673 756 cavz'tatibus

187 790 364 835 tortum,
389 781 538 837 qualia
567 789 663 822 sunt
693 781 738 822 in
767 779 997 822 visceribus
1027 780 1182 822 nostris
1212 781 1392 823 tormina
1410 815 1419 825 .

304 849 398 892 130.
430 848 535 891 Nnc
578 862 737 890 MIRUM
766 881 776 903 ‚
814 861 911 889 CUM
956 861 1111 889 PLENA
1157 861 1344 889 ΑΝΙΜΔΕ
1393 863 1670 892 vunsxcULA

184 930 348 959 PARVA
378 917 541 960 SAEPE
579 931 661 958 1⁷rA
698 931 792 958 DAT
827 930 1028 958 PARVUM
1065 929 1282 958 SONITUM
1313 931 1556 959 DISPLOSA
1587 934 1669 960 RE-

184 1000 338 1028 merr:
357 1018 367 1028 .
404 985 618 1028 Vessz'cula
654 985 699 1027 in
735 983 946 1040 quadrato
985 984 1144 1027 factum
1182 985 1358 1040 antiqua
1395 1000 1551 1043 manu,
1585 1002 1669 1031 non

184 1068 212 1098 a
242 1054 382 1098 solitis
414 1053 723 1096 correctoribus
741 1085 751 1096 .
773 1054 982 1096 vensz’cam
1013 1053 1140 1096 scribi
1170 1052 1287 1095 iubet
1308 1053 1448 1110 Caper
1476 1069 1517 1111 p.
1535 1055 1666 1113 2246,

193 1123 368 1166 Vensz'ca
388 1129 426 1164 'n
457 1122 629 1176 habeat,
653 1122 850 1178 quoniam
885 1137 968 1164 non
1000 1130 1058 1164 est
1097 1122 1187 1164 sine
1216 1130 1333 1164 vento
1350 1123 1444 1165 :ita
1473 1123 1580 1166 haec
1611 1124 1668 1168 ad

183 1204 384 1234 numeros
415 1202 517 1233 suos
554 1189 800 1232 revocanda
835 1193 1162 1244 sunt,qu01·um
1204 1190 1417 1245 permulta
1448 1196 1595 1235 extant
1624 1193 1667 1234 in

183 1258 310 1314 Capri
341 1258 580 1314 praeceptis
613 1258 798 1313 vestigia
814 1291 823 1300 .
846 1257 897 1300 de
926 1259 1094 1300 vensica
1116 1259 1357 1301 Puteaneus
1381 1259 1589 1303 Martialis
1622 1261 1666 1302 in

179 1341 266 1382 xlv,
283 1327 339 1370 62
357 1359 367 1368 .
390 1326 581 1369 Isidorus
600 1359 609 1382 ,
632 1324 746 1382 quod
764 1326 923 1368 mir-ari
939 1327 1034 1382 quis
1065 1342 1147 1368 non
1170 1326 1339 1382 debeat,
1361 1344 1454 1370 cum
1480 1329 1667 1371 vesicula

179 1396 372 1452 quamvis
408 1411 547 1452 parva
592 1410 791 1450 maynzcm
836 1402 972 1436 tamen
1015 1395 1196 1436 sonitum
1241 1394 1431 1452 displosa
1479 1398 1637 1439 emittat
1654 1428 1664 1438 .

178 1464 311 1506 multo
342 1463 499 1506 rectius
520 1462 590 1505 hic
610 1478 809 1519 maynum
841 1463 1024 1517 emittat,
1047 1475 1176 1517 quam
1208 1466 1283 1505 aut
1304 1463 1509 1506 Marullus
1531 1464 1665 1521 Saepe

178 1533 239 1575 ita
269 1531 343 1574 dat
364 1532 534 1588 pariter
564 1535 638 1574 aut
667 1529 963 1572 Wakefieldus
995 1531 1129 1587 Saepe
1166 1531 1227 1573 ita
1257 1530 1331 1573 dac
1365 1547 1563 1587 maynam
1594 1533 1664 1575 vel

173 1617 253 1657 per
281 1601 365 1643 vim
384 1631 393 1641 .
417 1613 501 1643 non
533 1602 675 1655 potest
704 1597 892 1640 dubitari
922 1597 1026 1652 quin
1056 1602 1186 1654 poi-ita
1218 1598 1387 1641 dederit
1405 1600 1540 1658 Saepe
1570 1615 1662 1642 DET

177 1682 310 1711 ΗΔυΤ
332 1685 518 1726 parvum
548 1668 728 1711 sonitum
747 1697 757 1708 .

294 1737 375 1780 132
405 1739 447 1779 et
480 1736 574 1779 136.
606 1749 881 1777 PERFIANT.
905 1733 1128 1778 Con-rector
1164 1736 1339 1791 oblongi
1379 1750 1661 1780 PERFLANT.

177 1809 363 1849 ceterum
394 1805 634 1848 Brixiensis
665 1803 797 1847 editio
819 1804 876 1845 Ec
906 1805 1066 1846 sonitus
1083 1804 1288 1859 ,facz'zmffi
1310 1805 1545 1847 Lambinus
1577 1806 1664 1848 Cur

162 1874 366 1931 faciant.
388 1877 503 1916 recte
521 1873 631 1918 ‚libri
664 1872 831 1927 antiqui
863 1877 905 1914 et
927 1873 1186 1915 Veronensis
1218 1872 1348 1915 editio
1371 1874 1449 1915 Est
1479 1874 1588 1916 racio
1619 1883 1664 1916 ut

174 1943 336 1985 sonitus
354 1941 530 1997 faciant
548 1973 557 1982 .
581 1940 694 1982 infra
729 1952 857 1982 versu
895 1941 979 1983 639
1017 1941 1127 1983 ratio
1164 1957 1271 1997 quae
1308 1942 1387 1996 sit,
1407 1957 1486 1997 per
1502 1942 1662 1998 fauces

175 2011 327 2053 montis
356 2018 402 2051 ut
432 2009 593 2051 Aetnae
624 2009 837 2064 Eoepz'rent
866 2009 984 2064 {ques
1001 2040 1011 2051 .

294 2077 400 2124 138„
418 2091 726 2118 marmeians
745 2108 755 2118 .
780 2077 1030 2134 Perfrzjqens
1061 2077 1323 2132 quadratus.
1347 2081 1558 2121 corrector
1589 2078 1661 2120 ob-

173 2145 295 2200 longi
326 2159 665 2186 PERFRmc-Ens
685 2178 696 2187 .

294 2213 385 2256 141.
419 2214 651 2256 Annusn
704 2228 927 2256 vonvnns
956 2246 966 2257 .
1010 2214 1232 2258 Corrector
1283 2215 1461 2270 oblongi
1511 2230 1661 2257 Evoc-

174 2295 324 2324 vaus.

290 2350 384 2394 144.
416 2365 509 2392 cum
529 2364 813 2392 FRANGITUR
840 2364 961 2392 Ansr
980 2383 990 2393 .
1014 2351 1237 2394 Corrcctor
1260 2351 1435 2406 oblongi
1460 2357 1501 2395 et
1523 2366 1659 2396 exem-

171 2419 314 2475 plaria
355 2419 564 2474 impressa
602 2429 745 2473 aestu,
768 2419 984 2462 absurde.
1015 2433 1163 2462 verum
1200 2424 1265 2462 est
1307 2435 1491 2463 Ansrns
1511 2455 1520 2476 ‚
1543 2422 1659 2477 quod

172 2487 342 2543 scripsit
375 2488 583 2531 Antonius
615 2487 769 2530 Marii.

289 2555 382 2599 145.
415 2557 502 2598 Fur
540 2569 771 2611 QUOQUE,
794 2570 878 2598 um
913 2570 938 2596 E
975 2570 1090 2598 num
1127 2571 1174 2598 IN
1213 2572 1379 2599 NUBEM
1417 2572 1492 2598 V1s
1531 2573 1657 2599 INCI-

170 2638 254 2665 ΜΤ
298 2637 490 2666 ARDENS
534 2625 816 2680 Fumumrs,
851 2639 979 2666 HAEC
1020 2650 1069 2656 —
1110 2626 1270 2667 IGNEM
1315 2640 1569 2668 conrmuo
1605 2651 1651 2656 —

171 2706 419 2734 TRUCIDAT
437 2725 447 2735 .
479 2693 682 2736 Continuo
721 2703 766 2736 ut
810 2692 1044 2736 Lambinus
1063 2727 1072 2748 ‚
1103 2707 1196 2736 cum
1239 2694 1445 2736 Marullus
1487 2694 1658 2736 fecisset

171 2759 376 2803 trucidet.
400 2760 635 2804 curandum
664 2761 802 2804 lenius
831 2774 918 2803 una
948 2761 1090 2803 littera
1111 2761 1355 2817 subtracta,
1379 2763 1433 2804 11>
1466 2778 1654 2817 quoque.

171 2828 216 2870 id
238 2832 303 2871 est
323 2830 425 2885 quin
447 2831 570 2872 etiam
589 2862 598 2871 .
620 2829 731 2872 libro
754 2844 781 2883 1,
799 2829 882 2872 655
904 2829 962 2870 Id
983 2845 1145 2885 quoque
1159 2862 1170 2883 ,
1193 2830 1416 2885 sz‘faez'ant
1437 2853 1488 2858 -—
1508 2862 1518 2883 ,
1542 2831 1653 2872 Den-

170 2897 260 2938 seri
265 2905 467 2952 poterunt
486 2900 604 2955 {qne-9
623 2930 631 2939 .
655 2896 834 2941 Ovidius
853 2897 895 2938 in
911 2897 1093 2938 tristium
1115 2911 1154 2951 V,
1173 2897 1211 2951 3,
1229 2897 1284 2939 53
1307 2897 1362 2939 ad
1384 2900 1534 2952 poc‘tas
1557 2911 1653 2940 con-

169 2964 412 3008 tubernales
422 2965 479 3007 Id
492 2981 675 3022 quoque,
692 2967 736 3008 si
747 2974 926 3007 vestrum
945 2965 1084 3006 merui
1094 2964 1276 3007 candore
1280 2964 1478 3020 favorem
1490 2990 1563 3020 ——,
1582 2966 1654 3009 Sic
