2040 3328
923 236 944 278 I
1616 241 1670 284 51

192 346 363 389 nidores
382 345 525 388 odoris
531 361 546 401 ,·
575 346 691 400 quod
711 347 901 392 indicare
922 350 1054 392 malui
1086 363 1215 405 quam
1245 355 1415 396 tacere:
1446 359 1674 409 supersunt

193 415 307 457 enim
338 414 382 456 in
412 417 493 460 hac
522 430 568 460 re
598 415 733 458 multa
764 430 875 472 quae
906 418 961 460 ab
988 418 1086 461 aliis
1108 419 1254 463 doceri
1276 421 1404 464 velim
1428 452 1438 462 .
1461 422 1620 464 lictoris
1651 436 1673 464 e

193 482 341 527 Caelio
364 485 594 541 Antipatro
616 483 782 527 Nonius
812 500 851 541 p.
871 486 982 541 505,
1005 487 1087 542 33,
1117 489 1347 532 unicoloris
1367 489 1502 532 Varro
1534 504 1673 533 rerum

192 552 448 596 rusticarum
468 555 578 598 libro
599 569 644 608 11,
665 552 706 608 4,
728 553 755 596 3
778 586 788 597 .
809 554 853 596 in
873 555 971 608 lege
989 555 1100 598 Iulia
1118 557 1369 613 municipali
1389 558 1469 601 145
1491 560 1674 601 omnium

192 622 482 679 municipium,
516 624 598 667 160
624 623 892 679 τηαηίσῲίεεῖς
921 622 1022 677 (hoc
1052 627 1116 666 est
1144 626 1411 681 municipeis)
1427 626 1673 682 fundanae,

197 688 281 731 163
295 692 524 749 municipis
527 691 774 749 fundanos,
801 690 902 732 item
919 692 1196 748 ‘municipium
1212 709 1382 736 suorum
1398 695 1442 736 in
1459 694 1674 738 Ciceronis

195 757 433 802 Planciana
451 761 503 803 19
518 759 656 803 codex
673 758 908 801 Bavaricus
927 791 936 812 ,
951 761 1212 815 principium
1230 761 1274 802 in
1291 761 1477 805 Cornelii
1494 764 1674 818 Nepotis

194 827 335 870 Attico
361 829 410 871 17
429 861 439 884 ,
461 829 516 884 33
547 840 659 882 quae
680 826 832 882 nequis
854 827 1167 883 reprehendat,
1200 829 1356 871 Lucilii
1378 842 1526 873 versus
1554 836 1677 874 cavet

195 895 268 950 qui
299 902 364 940 est
393 896 511 952 apud
533 895 772 939 Charisium
803 908 846 950 p.
865 894 946 949 74,
977 896 1571 955 scalprorumforcipiumque
1593 901 1674 942 Mi-

196 964 257 1007 lia
273 966 430 1024 viqinti
444 998 452 1007 .
477 964 674 1007 similiter
690 964 956 1020 extispicium
978 963 1022 1005 in
1044 964 1262 1007 octonario
1279 965 1421 1008 Attius
1438 967 1676 1024 (Principio

196 1033 463 1090 extispicium
486 1049 538 1075 eae
548 1031 768 1089 prodzyiis
795 1047 1026 1090 conyruens
1055 1041 1091 1075 te
1118 1049 1191 1074 ars
1220 1034 1383 1090 arquit)
1415 1038 1454 1077 et
1485 1036 1544 1077 ad
1572 1037 1675 1079 exti-

195 1101 326 1157 spicis
346 1100 485 1143 Varro
507 1099 623 1156 apud
640 1099 826 1142 Nonium
847 1113 888 1154 p.
910 1100 973 1155 16,
995 1100 1059 1155 11,
1081 1100 1144 1155 14,
1167 1102 1343 1144 ramicis
1359 1102 1474 1158 apud
1497 1103 1676 1146 eundem

195 1167 334 1211 Varro
356 1183 400 1225 p.
421 1170 522 1224 166,
548 1170 599 1213 16
618 1200 628 1223 ,
660 1168 816 1210 subicis
837 1167 1001 1210 Ennius
1022 1182 1063 1223 p.
1085 1169 1186 1223 169,
1210 1169 1262 1224 3,
1287 1172 1476 1226 panticis
1502 1172 1676 1216 Plautus

194 1249 238 1292 p.
254 1237 362 1293 394,
379 1237 434 1280 33
453 1268 462 1278 .
481 1237 524 1279 in
539 1236 749 1278 Varronis
766 1236 820 1278 de
834 1235 985 1290 lingua
1002 1236 1156 1278 Latina
1172 1250 1234 1279 v11
1249 1251 1289 1293 p.
1307 1238 1388 1280 351
1407 1239 1676 1284 Florentinus

197 1304 341 1348 laudis
357 1306 447 1348 eius
463 1313 629 1347 caneret
639 1337 650 1358 ,
673 1303 715 1345 in
734 1303 919 1346 Lucretii
934 1317 981 1358 V,
996 1304 1023 1346 3
1026 1304 1194 1361 flnyere
1211 1305 1359 1348 laudes
1370 1339 1381 1360 ,
1398 1320 1538 1362 neque
1556 1309 1678 1351 aliter

195 1371 414 1416 Mediceus
431 1372 613 1427 Vergilii
634 1372 681 1414 in
702 1370 921 1414 Aeneidos
937 1385 1037 1427 vm,
1050 1372 1137 1428 287
1160 1386 1208 1427 x,
1226 1372 1310 1415 282
1329 1388 1338 1416 :
1361 1374 1420 1418 ita
1442 1376 1615 1419 laudum
1638 1381 1680 1419 et

198 1441 391 1485 laudium
421 1445 620 1484 auctores
650 1439 811 1482 habent
840 1439 931 1482 fere
962 1452 1090 1495 pares
1109 1472 1118 1481 .

314 1509 409 1555 747.
438 1523 678 1553 FAcmNr.
712 1508 808 1552 748.
841 1522 1142 1550 confflsrnnn
1174 1522 1259 1555 QUI
1286 1542 1295 1552 .
1324 1510 1422 1553 Itali
1453 1515 1495 1554 et
1524 1511 1679 1555 Marul-

196 1577 265 1621 lus
294 1592 510 1620 FAGIUNT
533 1610 543 1620 .
567 1590 831 1624 QUICQUAM
862 1576 1101 1619 Marullus.

312 1646 409 1690 751.
456 1647 711 1690 Gomcnnn
753 1659 813 1687 υτ
857 1657 1025 1685 POSSIS
1062 1658 1123 1685 Ex
1158 1659 1288 1701 noc,
1326 1660 1420 1693 Qun
1458 1662 1679 1690 CERNERE

197 1729 292 1757 non
308 1729 421 1762 oms
439 1715 724 1758 Exrnnmuiu
740 1726 872 1760 ouon
890 1726 1105 1767 HABENT‚
1121 1728 1338 1756 nmmum
1355 1729 1679 1762 consmrsnn,

201 1783 301 1826 Itali
331 1785 550 1827 minimum
581 1784 805 1826 consistere
825 1782 949 1825 rebus
963 1798 979 1837 ,·
1008 1795 1115 1836 quos
1139 1783 1270 1825 ceteri
1291 1785 1423 1826 secuti
1446 1789 1569 1840 sunt,
1601 1786 1683 1828 nisi

199 1851 317 1907 quod
347 1851 586 1895 Lambinus
618 1851 718 1894 fecit
748 1852 794 1893 in
824 1852 1047 1894 consistere
1076 1853 1200 1894 rebus
1222 1882 1232 1892 .
1262 1851 1341 1894 sed
1371 1852 1484 1895 idem
1515 1853 1684 1895 Lambi-

201 1933 282 1964 nus
319 1933 413 1963 cum
449 1919 634 1963 Avantio
672 1918 786 1975 quod
814 1934 981 1962 cernere
1011 1935 1093 1962 non
1123 1921 1247 1976 quis,-
1283 1920 1439 1975 quibus
1474 1925 1686 1976 repugnat

201 2002 352 2032 versus
372 1988 472 2031 libri
492 2002 525 2028 11
547 1987 626 2029 121
645 2020 655 2042 ,
677 1987 750 2029 ubi
772 1991 836 2030 est
856 1987 1009 2029 iterum
1032 1987 1229 2030 Conicere
1258 1997 1304 2030 ut
1324 1990 1470 2045 possis
1500 2005 1552 2032 em
1581 1991 1654 2032 hoc
1671 2023 1681 2044 ,

198 2070 285 2100 non
317 2059 524 2110 sequente
555 2055 807 2110 pronomine
837 2055 1019 2098 relativo
1043 2087 1051 2096 .
1074 2055 1177 2098 mihi
1205 2060 1504 2110 argumentum
1526 2058 1684 2112 optime

200 2123 399 2168 concludi
431 2123 602 2168 videtur
631 2123 712 2166 hoc
742 2123 869 2166 modo
894 2154 903 2164 .
932 2124 976 2165 in
1008 2124 1286 2167 sensibilibus
1323 2123 1370 2166 id
1401 2125 1517 2180 quod
1548 2129 1684 2168 extre-

198 2206 313 2236 mum
336 2196 400 2236 est
420 2191 616 2236 videmus
639 2192 859 2234 minimum
880 2204 998 2247 esse,
1030 2192 1226 2235 Conicere
1257 2201 1304 2234 ut
1329 2194 1469 2248 possis
1500 2210 1553 2236 ew
1583 2195 1656 2236 hoc
1672 2227 1683 2248 ,

201 2278 309 2318 quae
339 2277 506 2304 cernere
536 2277 619 2303 non
649 2261 772 2316 quis,
810 2273 862 2302 ea
897 2261 1146 2304 Extremum
1177 2261 1291 2318 quod
1318 2261 1494 2317 liabent,
1534 2261 1579 2304 id
1609 2263 1686 2305 mi-

198 2330 359 2372 nimum
388 2329 612 2373 consistere
641 2330 773 2372 multo
804 2328 943 2383 magis
974 2333 1104 2385 atque
1134 2343 1394 2385 Pnonsuiu,
1433 2333 1479 2372 ut
1517 2334 1609 2373 erat
1641 2330 1685 2372 in

201 2410 331 2441 versu
361 2397 472 2440 748.

319 2466 416 2509 753.
461 2464 568 2507 Huc
605 2479 810 2507 Acc1n1⁷r
846 2479 992 2520 ITEM,
1030 2479 1258 2511 QUONIAM
1292 2480 1575 2508 PRIMORmA
1606 2481 1687 2508 RE-

201 2547 304 2575 nun
334 2533 535 2575 Momm.
567 2548 911 2577 consrmuunr
1060 2567 1070 2589 ,
1103 2549 1353 2577 numurus
1384 2549 1444 2576 ur
1476 2549 1567 2581 Qm
1596 2536 1690 2577 Dn-

203 2614 330 2642 nnA'r
357 2615 420 2642 AD
450 2615 662 2644 mmmm
691 2616 779 2644 IAM
808 2617 978 2644 RERUM
1009 2616 1177 2644 sumu
1207 2617 1418 2645 Rev-nnn
1437 2636 1446 2646 .
1465 2603 1687 2646 Col-rector

207 2667 383 2721 oblongi
412 2669 510 2712 Huc
541 2684 761 2712 accnmr
784 2704 793 2713 .
816 2675 984 2726 cetera,
1017 2684 1128 2726 quae
1148 2672 1291 2714 nullus
1312 2672 1590 2726 interpretum
1620 2683 1691 2713 ex-

206 2733 399 2790 pedivit,
440 2735 532 2779 sine
570 2738 836 2782 dubitatione
870 2740 931 2782 ita
967 2739 1196 2782 scribenda
1232 2742 1357 2794 sunt,
1398 2739 1496 2780 Huc
1533 2738 1693 2781 accedit

207 2816 325 2844 UTEI
501 2805 710 2860 funditus
746 2821 908 2854 USQUE
950 2808 1110 2850 Debeat
1149 2807 1209 2850 ad
1243 2808 1377 2850 nilum
1421 2808 1508 2850 iam
1551 2823 1693 2850 rerum

206 2886 373 2914 summa
402 2873 558 2914 reverti
575 2904 584 2914 .

324 2939 419 2982 758.
466 2953 585 2986 QUID
615 2955 644 2982 A
673 2955 799 2982 vano
830 2955 918 2983 mm
948 2957 1130 2984 msrn‘r
1161 2956 1322 2983 HABES
1347 2974 1356 2985 .
1380 2943 1508 2986 Recte
1530 2956 1694 2987 correc-

204 3011 270 3050 tor
301 3007 503 3063 oblongi,
537 3009 663 3064 Itali,
706 3009 806 3052 olim
847 3010 1066 3065 impressi,
1109 3012 1198 3054 iam
1227 3024 1474 3067 HABEBIS,
1519 3013 1599 3055 hoc
1632 3017 1696 3055 est

1361 3080 1428 3121 4*
