2040 3328
31 135 33 138 .
23 82 47 97 θ’
23 0 47 66 ,ἤθη

948 215 970 256 Ι
1641 220 1696 263 55

214 331 332 374 vabus
346 338 508 382 trusus,
525 328 585 370 ita
601 345 743 383 casus,
761 345 855 372 esus
872 332 914 372 et
929 339 1146 384 comestus,
1165 339 1311 372 tunsus
1330 334 1371 372 et
1387 339 1522 385 tusus,
1539 340 1697 387 tonsus,

206 413 375 456 pansus
393 399 434 438 et
444 413 601 453 passus
618 396 845 454 dispessus,
862 407 1002 440 tensus
1018 401 1060 440 et
1076 407 1209 440 tentus
1217 432 1228 452 ,
1240 415 1399 454 pensus
1416 402 1696 457 accensusfis-

215 482 288 510 sus
308 466 466 508 scissus
472 465 628 520 fossus
648 481 806 508 sessum
827 481 952 507 arsus
974 482 1097 508 orsus
1116 482 1280 509 morsus
1290 484 1304 521 ,-
1331 479 1459 522 porro
1482 479 1508 508 a
1528 467 1697 520 figendo

201 534 334 591 fietus
350 536 393 575 et
393 533 520 589 fimus
526 566 537 588 7
541 533 709 590 frictus
726 534 948 590 etfrz'oeus‚
957 535 1107 590 flz'etus
1125 534 1260 577 luctus
1276 544 1428 588 suctus,
1448 537 1490 576 et
1505 535 1698 578 similiter

215 614 244 644 a
261 600 463 655 fingendo
471 603 757 659 fletuspz'etus
773 603 943 645 strictus
959 604 1112 645 tinctus
1130 604 1283 646 linctus
1291 603 1524 659 pollinctus
1540 604 1698 646 cinctus

214 679 364 714 unctus
387 679 599 713 emunctus
614 671 790 726 functus
805 671 972 713 iunctus
980 680 1167 727 punctus
1180 673 1378 728 planetus
1389 681 1541 728 pactus
1563 681 1698 715 taetus

214 755 391 796 sparsus
406 755 568 781 mersus
583 739 775 781 indultus
796 739 932 781 alsius
949 748 1067 781 aetus
1084 740 1212 781 lectus
1230 748 1356 782 tectus
1372 749 1508 783 rectus
1526 773 1535 781 .
1557 741 1697 783 minus

215 810 332 849 certa
351 810 450 849 sunt
471 820 583 861 quae
605 807 659 849 de
686 806 884 850 tenuibus
915 807 1083 849 tradam
1103 840 1112 850 .
1135 811 1235 850 ante
1256 825 1277 850 c
1298 808 1475 862 longam
1505 809 1698 851 vocalem

213 875 402 918 breviari
414 879 594 930 constat,
613 875 809 930 quamvis
826 875 1018 930 perfecta
1034 875 1324 931 producantur
1335 876 1496 931 (dez'aez‘t
1512 876 1695 931 douaez‘t),

214 943 351 986 dictus
374 943 525 986 duetus
546 945 672 998 ictus,
696 956 837 998 neque
859 943 994 986 dubia
1018 949 1117 986 sunt
1139 946 1433 1002 iaetusfaetus
1452 944 1594 986 doetus
1610 961 1698 986 eoe-

214 1020 280 1054 tus
295 1020 430 1054 sectus
453 1021 616 1054 enectus
641 1013 817 1054 inlectus
833 1021 1026 1069 aspectus
1042 1014 1175 1055 victus
1191 1014 1354 1055 vinetus
1372 1021 1541 1054 sanetus
1558 1022 1698 1055 sartus

209 1096 388 1137 parsum
402 1081 549 1137 fultus
569 1081 683 1122 ultus
699 1096 712 1122 :
733 1080 810 1123 sed
830 1090 998 1138 reptare
1018 1084 1113 1123 utro
1144 1081 1272 1124 modo
1304 1081 1388 1124 dici
1420 1080 1575 1123 debeat
1605 1094 1698 1123 nes-

214 1149 280 1192 cio
296 1182 306 1203 ‚
329 1148 480 1192 brevia
495 1152 593 1191 sunt
608 1158 756 1205 eaptus
771 1157 924 1205 raptus
940 1158 1092 1205 ruptus
1108 1150 1294 1206 scalptus
1313 1158 1483 1206 carptus
1503 1158 1674 1206 sarptus
1685 1166 1698 1191 :

214 1216 402 1271 denique
423 1218 578 1259 missus
600 1221 642 1260 et
661 1233 808 1259 sensus
830 1217 971 1259 vocali
991 1217 1203 1273 producta
1223 1218 1479 1272 efferuntur,
1502 1223 1698 1274 correpta

214 1301 396 1342 quassus
407 1301 569 1342 passus
573 1286 733 1342 fassus
735 1285 888 1341 fessus
903 1301 1062 1327 messus
1076 1302 1222 1328 versus
1224 1287 1371 1343 flemus
1387 1302 1520 1328 nexus
1532 1303 1670 1343 peoeus
1687 1320 1696 1328 .

214 1353 287 1396 ubi
308 1353 517 1409 aspiratio
539 1358 604 1396 est
625 1354 668 1395 in
689 1354 906 1408 praesenti
925 1387 934 1409 ‚
967 1367 994 1396 a
1014 1354 1212 1397 vehendo
1244 1367 1340 1397 esse
1370 1364 1526 1397 vectum
1557 1355 1697 1398 vocali

216 1426 414 1478 correpta
435 1422 591 1464 seimus
610 1437 620 1477 3
641 1420 757 1464 unde
778 1431 956 1464 tractum
977 1422 1128 1465 eodem
1150 1422 1278 1465 modo
1309 1422 1534 1465 dicendum
1566 1428 1668 1478 puto
1689 1439 1697 1465 ε

215 1490 294 1534 sed
323 1504 489 1533 rursum
519 1491 564 1532 in
593 1490 712 1546 puris
745 1489 955 1545 doeemur
978 1500 1178 1533 structum
1200 1490 1360 1534 habere
1380 1508 1409 1533 u
1430 1496 1698 1546 porrectum,

215 1559 282 1602 cui
309 1559 532 1602 simillima
552 1563 674 1614 sunt,
707 1559 791 1601 nisi
822 1558 975 1615 fallor,
994 1560 1173 1616 fructus
1194 1564 1236 1602 et
1262 1561 1406 1613 flumas
1434 1573 1527 1602 cum
1543 1561 1673 1615 fluctu
1690 1593 1699 1602 .

215 1631 443 1684 praeterea
463 1631 562 1670 sunt
580 1627 774 1670 indutum
796 1629 996 1670 tributum
1018 1628 1172 1670 elutum
1196 1629 1372 1670 lustrum
1396 1628 1547 1671 eadem
1569 1642 1700 1682 quan-

214 1697 357 1751 titate,
376 1709 634 1751 quamquam
652 1696 858 1739 differunt
877 1705 1018 1738 ratum
1039 1697 1143 1738 itum
1161 1697 1288 1738 eitum
1303 1706 1443 1738 rutum
1458 1730 1467 1738 .
1485 1700 1698 1752 postremo

215 1779 243 1808 a
261 1763 450 1808 vivendo
480 1766 613 1807 vietus
634 1769 676 1808 et
707 1778 734 1807 a
763 1764 1002 1808 conivendo
1035 1766 1218 1818 nictare,
1250 1769 1296 1807 ut
1324 1764 1485 1807 habent
1505 1782 1531 1807 u
1554 1779 1700 1807 conso—

214 1837 387 1877 nantem
418 1846 446 1876 a
473 1851 502 1890 9
532 1847 617 1875 non
645 1834 859 1889 alienam,
893 1833 994 1875 mihi
1016 1832 1216 1876 videntur
1236 1834 1257 1875 i
1274 1833 1406 1887 longa
1426 1834 1701 1888 pronuntiata

215 1915 311 1945 esse
329 1935 338 1944 .
361 1901 469 1945 haee
490 1902 614 1956 quasi
642 1902 812 1944 inutilia
840 1902 1143 1956 grammaticos
1175 1905 1342 1944 nostros
1373 1914 1459 1942 non
1490 1901 1700 1955 attingere

215 1971 344 2014 video
364 2003 374 2025 ‚
407 1983 548 2025 neque
580 1983 654 2012 eos
686 1970 757 2024 qui
789 1970 935 2025 pueris
966 1970 1135 2012 libellos
1166 1969 1355 2012 scribunt
1372 2002 1382 2024 ,
1413 1981 1552 2022 neque
1574 1969 1646 2022 qui
1676 1982 1699 2011 e

214 2039 373 2081 libellis
395 2038 593 2092 sapiunt.
616 2051 817 2092 magnam
849 2042 991 2080 tamen
1024 2051 1168 2081 eorum
1195 2041 1362 2093 partem
1383 2036 1580 2091 exposuit
1601 2036 1699 2079 Gel-

215 2107 299 2150 lius
320 2107 364 2149 in
386 2107 623 2149 Atticarum
643 2106 830 2149 noctium
859 2121 917 2162 1x,
941 2108 966 2150 6
989 2110 1030 2148 et
1051 2121 1124 2161 x11,
1147 2106 1173 2149 3
1191 2121 1201 2161 3
1233 2106 1308 2148 ubi
1330 2108 1580 2148 enumerata
1601 2108 1700 2147 sunt

214 2176 339 2218 haee.
357 2191 436 2233 ayo
453 2184 572 2218 actus
588 2176 724 2229 actito,
742 2191 852 2231 un'qo
867 2184 1017 2218 unctus
1033 2176 1200 2229 umtito,
1217 2175 1353 2216 scribo
1369 2174 1552 2230 scriptus
1566 2174 1699 2229 serip-

215 2246 287 2287 tz'to
303 2278 314 2299 ,
335 2260 474 2287 moveo
489 2253 622 2286 motus
642 2245 783 2286 motz'to
798 2277 809 2298 ,
829 2243 967 2300 pendo
979 2259 1142 2300 pensus
1158 2244 1336 2300 pensito,
1360 2242 1434 2284 edo
1457 2258 1551 2284 esus
1568 2243 1668 2284 esz‘to
1686 2258 1701 2296 ,⁰

220 2316 370 2356 contra
385 2312 478 2355 dico
496 2311 633 2355 dietus
648 2311 803 2366 dictito,
822 2328 924 2370 9ero
937 2321 1080 2369 ¹qestus
1091 2313 1255 2369 qestz'to,
1272 2311 1371 2353 veho
1388 2319 1527 2353 vectus
1543 2311 1699 2363 vestito,

217 2382 341 2438 rapio
361 2390 511 2437 raptus
526 2381 702 2438 raptito,
725 2381 847 2436 capio
868 2388 1016 2436 captus
1037 2378 1503 2436 eaptz‘t07facz'ofaetus
1512 2378 1671 2435 factito
1688 2394 1701 2419 :

217 2450 319 2492 item
335 2451 443 2492 sieut
463 2466 490 2491 a
507 2449 682 2506 Zz'yando
701 2450 821 2492 lictor
836 2481 847 2502 ‚
870 2457 907 2490 et
928 2465 955 2489 a
977 2447 1150 2504 Zeqendo
1172 2447 1298 2490 lector
1319 2455 1356 2489 et
1377 2463 1403 2488 a
1423 2446 1572 2489 viendo
1593 2447 1702 2488 ve'tor

216 2527 253 2561 et
267 2534 295 2560 a
310 2517 460 2560 tuendo
481 2526 592 2560 tutor
615 2527 694 2560 eta
714 2517 911 2559 struendo
932 2525 1112 2558 structor
1124 2515 1349 2572 productis
1371 2530 1479 2570 quae
1500 2515 1698 2570 corripie-

217 2586 368 2627 bantur
386 2587 600 2629 vocalz'bus
631 2586 746 2628 dieta
766 2594 888 2628 sunt.
913 2583 1152 2640 Porphyrio
1184 2583 1239 2626 ad
1262 2582 1426 2625 Horatii
1459 2595 1700 2624 sermonum

217 2666 245 2706 1,
267 2653 307 2707 6,
331 2653 412 2695 122
428 2654 553 2696 Lecto
561 2654 778 2711 producta
794 2654 960 2711 syllaba
966 2654 1251 2710 pronuntiare
1268 2651 1477 2704 dehemus,
1497 2651 1700 2707 quiafre-

219 2722 502 2776 quentata'vum
522 2731 582 2764 est
601 2724 653 2764 ab
675 2739 720 2765 eo
741 2722 855 2779 quod
874 2731 932 2765 est
963 2722 1052 2778 Zeqo
1070 2738 1083 2775 ‚-
1103 2733 1190 2762 non
1222 2718 1337 2774 quod
1369 2718 1449 2760 hoo
1480 2719 1700 2774 proprium

218 2791 332 2830 esset
352 2787 655 2842 frequentativi
678 2790 824 2845 (valet
845 2790 959 2833 enim
977 2803 1061 2831 non
1084 2789 1224 2831 minus
1247 2787 1301 2830 de
1323 2787 1599 2843 participio),
1623 2787 1700 2829 sed

217 2855 332 2910 quod
363 2857 597 2899 verendum
629 2862 720 2900 erat
750 2859 902 2914 nequis
935 2859 1082 2901 lectum
1112 2855 1191 2913 τὴν
1219 2851 1366 2910 κλίνην
1396 2856 1698 2910 interpretare-

216 2928 312 2979 tur,
344 2924 388 2966 in
412 2937 495 2979 quo
518 2941 538 2967 e
559 2926 788 2981 corripitur
805 2958 814 2968 .
839 2927 914 2969 sed
936 2924 1125 2968 nondum
1148 2937 1352 2980 possum,
1386 2924 1582 2980 quamvis
1613 2924 1700 2967 vel-

215 2991 300 3035 lem
321 3004 449 3048 posse
467 3025 475 3046 ,
509 2992 722 3036 dimittere
744 2994 1070 3049 grammaticam
1088 3009 1096 3037 ι
1119 2997 1252 3037 restat
1273 2993 1385 3036 enim
1406 2992 1699 3048 quaerendum
