2040 3328
982 225 1041 268 IV
1669 225 1751 268 231

269 355 444 399 prorsus
489 344 745 396 argumento
781 339 1055 383 subnituntur
1072 370 1082 382 .
1110 338 1289 382 Videtur
1333 343 1477 382 autem
1522 339 1753 394 praestrin-

268 423 372 465 gere
403 408 728 466 Pythagoreos,
751 409 876 464 quasi
907 408 1071 451 scilicet
1101 407 1211 450 hanc
1238 407 1547 464 Epicureorum
1578 406 1753 449 solutio-

269 492 366 522 nem
396 478 545 520 sannis
567 478 841 533 exceperint,
864 475 1059 531 quamvis
1089 475 1173 531 ipsi
1195 489 1343 532 parem
1374 476 1493 519 visus
1514 478 1627 518 retro
1655 487 1752 518 con-

267 546 508 590 versionem
537 545 739 589 finxerint
754 545 777 590 .’
804 545 912 588 haec
941 544 1039 588 ideo
1070 557 1124 587 ex
1154 545 1290 587 vastis
1321 544 1405 587 illis
1437 543 1753 587 commentariis

267 613 541 670 excerpenda
570 613 674 656 duxi
692 647 702 669 ,
724 618 770 656 ut
806 614 988 656 lectores
1023 612 1219 655 viderent
1253 626 1382 668 quam
1418 617 1534 656 recto
1572 611 1751 655 consilio

266 683 471 740 pleraque
503 680 762 725 Wakefieldi
801 681 1084 724 deliramenta
1113 693 1168 724 ne
1198 680 1330 724 verbo
1367 680 1539 736 quidem
1570 693 1752 723 comme-

266 751 549 795 moravissem
565 783 575 794 .

379 820 477 863 271.
510 819 660 872 Quoi)
699 831 856 860 onnus
885 831 1192 872 1LLA,FORIS
1230 832 1324 865 Qun
1363 832 1490 859 vani:
1521 831 1750 860 TRANSPI-

266 903 515 931 cmm-un.
562 887 659 930 277.
691 887 823 929 Ροετ
863 899 1114 938 axel-asam
1150 901 1246 928 Lux
1276 900 1464 929 ocunos
1494 901 1750 928 Pam-aem·

264 971 323 998 nr
352 970 447 998 AER
468 957 664 1012 ALTER,
686 969 744 997 nr
777 969 918 1010 ILLA,
939 968 1081 996 roms
1113 969 1209 1002 QUE
1236 969 1362 997 vam:
1395 969 1750 998 rnansmcmn-

265 1039 361 1067 ’run
382 1057 392 1068 .
425 1024 480 1067 Hi
519 1038 698 1080 versus,
721 1024 795 1079 qui
830 1024 1136 1080 interpretibus
1173 1023 1365 1067 facillimi
1401 1023 1635 1079 videntur,
1663 1037 1751 1067 una

265 1092 570 1137 considerandi
601 1096 725 1136 sunt.
754 1093 938 1148 primum
968 1093 1012 1135 in
1042 1092 1110 1135 his
1139 1109 1234 1136 vere
1269 1106 1356 1135 non
1387 1092 1515 1136 modo
1546 1106 1750 1150 superva-

265 1174 444 1205 caneum
476 1165 567 1218 est,
590 1161 668 1204 sed
699 1165 817 1204 caret
839 1175 968 1204 sensu
986 1194 996 1204 .
1019 1161 1176 1204 deinde
1207 1174 1347 1216 neque
1368 1161 1482 1219 quod
1506 1178 1640 1220 yenus
1671 1161 1751 1204 illa

264 1230 326 1274 ita
354 1229 549 1284 intellegi
579 1234 720 1286 potest
749 1234 794 1272 ut
823 1229 1035 1273 addamus
1061 1230 1177 1273 ultra
1206 1231 1421 1287 speculum
1450 1230 1646 1274 videntur
1675 1235 1751 1273 aut

258 1299 430 1356 penitus
465 1307 619 1341 semota
655 1298 822 1355 speculi
853 1314 1033 1355 aequore
1069 1297 1264 1341 videntur
1278 1332 1289 1354 ‚
1313 1299 1461 1354 qualia
1498 1303 1638 1342 mente
1675 1299 1749 1342 ad-

263 1366 406 1410 denda
427 1366 555 1410 docui
576 1365 634 1410 ad
660 1366 815 1409 librum
836 1380 882 1422 11,
903 1366 1009 1410 194:
1031 1379 1171 1422 neque
1201 1366 1278 1410 illa
1298 1380 1409 1422 quae
1439 1366 1543 1410 soris
1565 1367 1749 1424 transpi-

262 1434 456 1490 ciuntur,
481 1434 558 1478 sed.
589 1435 662 1478 lux
690 1438 732 1477 et
760 1437 861 1491 ae‘r,
886 1444 1126 1494 per-tergent
1155 1435 1300 1478 oculos
1326 1436 1408 1491 (sic
1429 1436 1541 1479 enim
1564 1436 1750 1479 scriben-

262 1503 363 1546 dum
394 1516 489 1547 esse
520 1502 608 1546 dixi
645 1503 702 1546 ad
732 1516 902 1547 versum
924 1504 1055 1560 249),
1078 1503 1155 1547 illa
1190 1509 1334 1547 autem
1367 1505 1465 1561 ipsa
1501 1517 1612 1559 quae
1643 1504 1748 1547 foris

260 1575 360 1614 sunt
389 1572 750 1628 transpiciuntur.
774 1585 886 1628 quae
913 1585 1007 1615 cum
1029 1572 1090 1615 ita
1119 1573 1234 1629 sint,
1258 1574 1497 1621 certissima
1517 1586 1586 1616 res
1618 1577 1683 1616 est
1703 1573 1748 1615 in

260 1642 412 1684 neutro
442 1639 632 1683 membro
653 1642 991 1698 transpiciuntur
1022 1653 1049 1683 a
1068 1641 1250 1685 relativo
1272 1654 1526 1697 suspensum
1549 1654 1645 1685 esse
1676 1641 1747 1685 de-

262 1707 390 1752 bere:
414 1708 560 1764 itaque
589 1709 662 1752 ubi
693 1726 801 1766 quae
831 1726 925 1753 vere
964 1709 1149 1765 legitur,
1177 1709 1222 1751 in
1252 1713 1431 1765 utroque
1462 1723 1589 1753 versu
1621 1709 1749 1753 debet

261 1789 357 1820 esse
378 1793 487 1834 quae
507 1786 629 1820 sunt.
652 1777 885 1821 formemus
902 1791 1006 1833 ergo
1028 1778 1249 1821 lenissime
1271 1778 1359 1833 sic,
1382 1779 1462 1822 illa
1477 1812 1487 1833 ,
1497 1779 1619 1836 foris
1640 1795 1748 1835 quae

261 1846 410 1901 stiur,
433 1859 557 1887 BENE
594 1848 934 1904 transpiciuntur
953 1880 963 1890 .
985 1860 1087 1890 nam
1121 1863 1216 1889 vere
1245 1846 1405 1890 factum
1440 1851 1505 1890 est
1536 1860 1589 1890 ex
1620 1863 1746 1902 vene,

261 1914 379 1970 quod
407 1914 568 1958 habent
597 1914 698 1958 libri
727 1915 772 1957 in
802 1915 992 1971 111,1o71
1027 1929 1083 1969 xv,
1100 1914 1185 1958 572
1205 1915 1314 1959 1129
1344 1930 1384 1971 v,
1402 1915 1484 1958 82.

376 1983 472 2026 275.
505 1997 649 2024 CITRA
680 1997 861 2025 Posrns
892 1998 989 2026 TUM
1020 1997 1297 2025 canum-un.
1327 1984 1399 2027 Sic
1436 1985 1567 2040 plane
1598 1983 1745 2026 oblon-

261 2065 344 2106 gus
362 2066 372 2094 :
394 2050 629 2107 quadratus
651 2053 760 2095 citra
783 2061 879 2109 post
899 2061 1058 2095 aestum
1074 2084 1083 2094 .
1107 2051 1324 2094 Antonius
1345 2052 1470 2095 Marii
1492 2056 1534 2095 et
1553 2052 1746 2096 Brixien-

259 2120 320 2164 sis
351 2119 483 2163 editio
513 2136 607 2163 cum
637 2121 850 2176 cernitur,
873 2120 1136 2164 Veronensis
1167 2136 1266 2177 qum
1295 2123 1483 2164 cernitur
1501 2155 1510 2164 .

374 2188 472 2232 283.
505 2202 592 2230 sm>
622 2203 707 2231 UBI
727 2203 1043 2232 mspncumm
1068 2202 1272 2236 QUOQUE
1304 2203 1545 2233 sssnsnuus
1567 2204 1717 2232 IPSUM
1735 2221 1745 2232 .

259 2257 467 2301 Marullus
498 2258 574 2300 ubi
599 2270 887 2300 SPECULUM.
911 2258 1062 2302 eodem
1098 2258 1228 2302 modo
1258 2259 1304 2301 in
1334 2258 1571 2303 Mercatore
1602 2259 1746 2302 Plauti

259 2340 321 2382 111,
339 2326 378 2382 2,
395 2325 424 2368 4
452 2325 655 2381 seriptum
687 2330 753 2369 est
781 2327 971 2370 Deam-so
1002 2328 1186 2384 inspectio
1217 2328 1336 2371 breve
1367 2328 1481 2384 quod
1506 2329 1618 2371 vitae
1647 2328 1745 2371 reli-

259 2401 447 2451 qiwmst.
471 2393 690 2438 Charisius
720 2409 762 2451 p.
784 2396 861 2439 181
894 2409 918 2439 e
948 2396 1102 2439 Plauto
1139 2397 1252 2438 insta
1282 2397 1380 2439 ilico
1398 2429 1408 2440 .
1430 2396 1547 2453 apud
1579 2396 1744 2440 Cicero-

258 2475 357 2506 nem
374 2463 418 2505 in
433 2464 559 2506 Tusc.
576 2477 621 2519 11,
638 2463 694 2506 36
710 2464 875 2507 Militia
890 2464 1077 2508 zbzstudz'o
1095 2473 1153 2507 est
1170 2497 1180 2507 .
1201 2465 1245 2507 in
1266 2466 1520 2522 apocalypsi
1539 2465 1745 2508 Iohannis

259 2545 323 2586 xx,
343 2531 397 2573 14
423 2540 482 2574 est
502 2532 744 2588 instaqnum
762 2565 770 2574 .
794 2532 910 2588 apud
932 2533 1177 2588 Agennium
1198 2533 1403 2577 Urbicum
1425 2534 1480 2577 de
1502 2537 1744 2577 controver-

259 2599 334 2642 siis
346 2612 546 2654 agrorum
561 2613 603 2655 p.
613 2600 681 2655 61,
702 2599 755 2642 12
770 2608 816 2642 ut
827 2600 1239 2644 Instozbidecernunt
1252 2635 1261 2644 .
1280 2602 1423 2646 Cicero
1437 2603 1654 2659 inscripsit
1666 2614 1744 2657 pro

259 2668 430 2724 scripsit
439 2667 483 2709 in
494 2667 670 2711 scholiis
679 2667 966 2711 Bobiensibus
974 2669 1019 2711 in
1028 2669 1308 2714 Plancianam
1319 2685 1360 2727 p.
1371 2671 1467 2726 268,
1477 2671 1532 2713 22
1542 2670 1612 2714 Or.
1628 2668 1744 2725 apud

261 2734 501 2778 Charisium
517 2749 558 2791 p.
575 2736 630 2779 85
652 2753 705 2779 θα)
719 2736 1021 2780 Hissibullz'mle
1043 2738 1165 2782 libris
1182 2772 1192 2781 .
1214 2740 1259 2782 in
1278 2739 1494 2783 Ciceronis
1517 2738 1570 2781 de
1586 2738 1744 2780 finibus

260 2803 370 2846 libro
387 2803 513 2858 111,36
529 2805 712 2848 mamime
728 2814 866 2848 tamen
878 2806 1106 2850 Hisstoicis
1114 2840 1126 2862 ,
1144 2810 1223 2864 qui
1235 2808 1346 2850 nihil
1353 2807 1477 2849 aliud
1490 2808 1536 2849 in
1546 2807 1744 2849 bonorum

259 2887 430 2914 numero
449 2872 540 2914 m‘si
555 2873 767 2916 honestum
788 2889 875 2916 esse
895 2874 1115 2917 voluerunt
1132 2907 1141 2917 .
1164 2877 1210 2918 in
1230 2875 1439 2932 hiscarifo
1455 2908 1466 2930 ,
1489 2874 1604 2930 quod
1620 2879 1685 2918 est
1701 2875 1744 2917 in

259 2939 505 2995 gromaticis
526 2953 568 2995 p.
586 2940 682 2996 244,
699 2940 727 2982 4
749 2945 790 2984 et
811 2941 836 2984 8
856 2973 866 2996 ,
890 2942 1220 2985 commemoravi
1238 2942 1295 2985 ad
1312 2942 1470 2985 Gaium
1490 2957 1517 2998 1,
1539 2944 1620 2987 190
1635 2977 1645 2995 ,
1667 2943 1743 2986 ubi

257 3008 461 3065 scriptum
493 3012 559 3051 est
588 3011 724 3067 maqis
744 3010 979 3067 lai-speciosa
994 3042 1005 3064 ‚
1029 3018 1066 3053 et
1095 3011 1277 3054 isscevas
1298 3010 1355 3054 ad
1378 3011 1610 3066 Ulpianum
1630 3026 1674 3067 11,
1694 3012 1717 3054 7
1731 3044 1741 3054 .
