2040 3328
903 223 961 265 VI
1589 223 1672 266 399

194 352 305 397 quae
336 341 400 380 est
426 353 580 394 porro,
612 336 834 380 interiecta
863 336 1036 379 transiri
1066 336 1226 392 potuit.
1261 336 1365 391 quid
1395 335 1510 391 quod
1541 339 1672 379 testes

192 421 280 452 non
300 406 480 460 desunt,
510 406 583 460 qui
610 405 735 448 nobis
763 418 908 448 eorum
933 417 1044 459 quae
1074 404 1143 447 hic
1163 405 1384 447 amisimus
1405 409 1570 459 partem
1593 408 1672 446 ret-

191 475 364 519 tulerint
381 505 390 516 .
422 473 524 528 quid.
556 473 666 516 enim
692 473 790 516 huic
820 473 914 515 loco
942 473 1085 527 aptius
1106 486 1202 516 esse
1222 473 1361 528 potuit
1380 466 1508 528 quam
1531 472 1672 527 splen-

194 542 300 586 dida
333 542 410 584 illa
444 542 686 596 argumenti
722 540 848 583 nimis
880 541 1011 595 ampli
1042 541 1254 583 recusatio
1272 573 1282 595 ,
1315 553 1401 594 qua
1431 541 1673 582 Lucretium

193 610 349 655 alicubi
370 623 494 653 usum
516 623 612 653 esse
631 610 808 653 Servius
830 613 979 652 auctor
1000 608 1094 651 est‘?
1122 608 1246 650 huius
1267 608 1375 651 haec
1395 608 1528 651 verba
1548 613 1672 662 sunt,

192 679 412 734 adscripta
440 677 508 722 his
540 678 803 733 Vergilianis
833 677 876 719 in
906 691 950 718 v1
971 677 1188 719 Aeneidos
1209 676 1319 731 625,
1355 677 1461 719 NON
1492 691 1603 717 mm
1633 691 1675 717 ει

192 761 408 789 meun:
441 761 635 788 CENTUM
666 760 774 787 sm'r
805 759 1001 792 oRAQUE
1033 758 1249 798 οΕΝΤυΜ,
1279 745 1438 787 Ferrea
1458 761 1566 787 voae.
1588 745 1675 786 Lu-

193 817 318 859 cretii
342 831 488 858 versus
516 815 705 858 sublatus
726 814 776 857 de
796 815 979 857 Homero
1002 846 1012 856 .
1033 813 1110 856 sed
1127 813 1199 855 ille
1221 813 1395 854 AEREA
1415 826 1514 853 vox
1536 812 1648 854 davit
1667 845 1676 854 .

194 884 309 927 idem
337 883 512 927 Servius
542 883 695 926 iterum
725 882 783 926 ad
813 881 965 925 eadem
997 882 1189 924 carmina
1217 881 1262 922 in
1293 881 1529 935 georgicon
1555 895 1599 935 11,
1621 880 1678 922 43

194 953 336 1008 posita
355 953 551 995 Lucretii
565 967 711 994 versus
728 967 740 993 :
761 950 837 994 sed
855 951 929 993 ille
950 967 1080 994 aenea
1100 965 1181 992 voae
1202 951 1282 1003 ait,
1304 966 1388 992 non
1395 949 1552 1005 ferrea
1568 981 1578 991 .
1601 948 1678 991 sed

194 1020 255 1064 ibi
277 1025 320 1063 et
339 1021 384 1063 in
403 1021 603 1063 lemmate
623 1022 823 1075 peccatur
843 1018 1168 1074 (praescribitur
1190 1018 1302 1060 enim
1319 1018 1416 1060 Non
1437 1033 1509 1074 eqo
1530 1026 1678 1059 cuncta

193 1089 317 1144 meis)
337 1093 379 1131 et
399 1105 530 1132 aenea
550 1087 820 1144 trisyllabum
842 1087 1044 1130 vitiosum
1070 1090 1134 1128 est
1150 1118 1159 1128 .
1179 1085 1336 1129 deinde
1359 1085 1444 1127 alio
1467 1085 1562 1127 loco
1585 1085 1678 1127 Ser-

194 1159 290 1201 vius
318 1170 408 1200 rem
437 1156 600 1200 indicat
629 1170 757 1211 quam
789 1160 1014 1199 exsecutus
1042 1154 1170 1197 fuerit
1191 1157 1347 1209 poeta,
1371 1153 1442 1195 ubi
1463 1153 1543 1196 hoc
1564 1152 1677 1207 quod

194 1239 274 1268 nos
293 1226 474 1279 legimus
496 1225 551 1268 ab
573 1238 624 1268 eo
647 1225 975 1282 exempli-causa
995 1223 1180 1278 positum
1211 1222 1339 1277 dicit,
1368 1221 1424 1264 ad
1446 1221 1679 1275 georgicon

194 1308 251 1349 1v,
267 1293 321 1336 51
338 1293 512 1350 pulsam
532 1294 704 1336 hiemem
725 1294 790 1336 sol
808 1309 963 1336 aureus
984 1293 1067 1348 eqit
1085 1323 1095 1332 .
1113 1290 1351 1333 Secundum
1367 1290 1582 1347 physicos,
1608 1290 1687 1345 qui

196 1362 359 1417 dicunt,
381 1377 462 1419 quo
483 1370 662 1418 tempore
683 1363 749 1404 hic
770 1362 900 1404 hiems
923 1369 983 1403 est
998 1393 1009 1414 7
1041 1368 1236 1402 aestatem
1258 1374 1345 1402 esse
1366 1358 1440 1400 sub
1463 1358 1588 1400 terris
1602 1390 1614 1411 ,
1645 1365 1682 1399 et

195 1446 317 1472 versa
335 1431 424 1473 vice
438 1463 449 1484 ‚
467 1446 559 1473 cum
580 1431 646 1472 hic
667 1439 805 1473 aestas
820 1463 831 1484 ,
848 1429 939 1472 illic
961 1429 1133 1471 hiemem
1150 1461 1159 1471 .
1178 1426 1294 1483 quod
1312 1427 1436 1468 etiam
1457 1426 1682 1467 Lucretius

196 1499 417 1554 eoeequitur
431 1531 442 1552 ‚
487 1507 524 1540 et
559 1498 687 1540 trahit
717 1498 762 1540 in
793 1505 1084 1553 aryumentum
1120 1495 1332 1552 putealem
1362 1510 1516 1550 aquam
1531 1526 1542 1547 ‚
1575 1509 1682 1549 quae

196 1574 350 1609 aestate
356 1566 658 1623 friqz'dzhsi'ona
681 1575 757 1620 est,
779 1566 909 1608 hieme
930 1581 1026 1607 vero
1043 1563 1328 1606 calidissima.
1346 1562 1440 1616 quis
1458 1562 1590 1616 igitur
1608 1561 1681 1602 du-

196 1634 301 1677 bitet
321 1634 423 1688 quin
445 1634 526 1677 hue
546 1647 599 1677 ea
618 1633 846 1676 referenda
867 1633 952 1676 sint
971 1645 1084 1687 quae
1101 1631 1309 1674 Claudius
1326 1630 1540 1673 Sacerdos
1554 1630 1683 1672 habet

195 1702 332 1758 1126?
359 1702 394 1746 S
411 1718 506 1746 vero
527 1703 689 1758 littera,
718 1702 876 1758 inquit,
908 1701 1082 1744 eliditur
1102 1700 1210 1754 sola,
1239 1700 1282 1741 si
1298 1716 1325 1741 a
1354 1699 1603 1741 consonanti
1618 1699 1681 1740 in-

196 1771 330 1827 cipiat
358 1771 494 1813 altera
509 1787 618 1828 pars
638 1772 843 1814 orationis
860 1802 869 1812 .
891 1779 937 1812 ut
957 1769 1181 1811 Lucretius
1206 1782 1452 1809 MENSIBUS
1474 1780 1652 1807 umcros
1670 1799 1680 1820 ‚

197 1847 234 1882 et
254 1840 364 1882 alibi
379 1839 426 1894 (1,
447 1839 547 1894 186)
567 1840 639 1882 Ea:
659 1839 896 1895 infantibus
913 1838 1064 1894 parvis
1081 1869 1090 1877 .
1108 1835 1271 1878 Scilicet
1292 1836 1464 1877 aestivis
1483 1835 1681 1876 mensibu’

183 1907 358 1963 frique.
377 1907 482 1962 quin
503 1911 545 1949 et
565 1906 717 1949 eodem
737 1906 951 1961 pertinent
965 1917 1076 1959 quae
1093 1904 1210 1959 apud
1227 1903 1467 1946 Chal-isium
1483 1903 1682 1956 leguntur

197 1989 239 2030 p.
254 1974 312 2017 43
343 1980 386 2018 et
411 1975 455 2016 in
476 1975 688 2030 excerptis
711 1972 1055 2029 orthographicis
1076 1972 1192 2027 apud
1214 1972 1460 2014 Putschium
1481 1985 1522 2026 p.
1541 1971 1621 2012 277
1627 1972 1653 2012 9
1671 2003 1680 2024 ‚

199 2043 384 2086 Gamara
403 2044 560 2086 dicitur
575 2076 587 2098 ,
602 2052 648 2086 ut
678 2043 850 2086 Verrius
871 2042 1052 2084 Flaccus
1072 2041 1289 2097 affirmat,
1315 2057 1399 2083 non
1420 2056 1588 2082 camera
1603 2055 1682 2095 per

198 2128 238 2155 e.
259 2111 336 2154 sed
349 2112 573 2154 Lucretius
590 2111 871 2167 Oamcraeque
891 2110 1069 2152 caminis
1091 2109 1335 2151 exteritibus
1356 2108 1531 2151 dicendo
1558 2109 1681 2150 etiam

198 2195 405 2222 emmeram
429 2179 522 2222 dici
528 2195 656 2236 posse
676 2178 880 2222 ostendit.
904 2178 950 2221 in
970 2177 1036 2220 his
1059 2176 1241 2220 Charisii
1265 2176 1401 2219 codex
1422 2176 1682 2231 aliquotiens

198 2251 374 2304 peccat:
407 2247 590 2291 Lucretii
621 2247 755 2291 verba
784 2247 830 2289 in
861 2247 1072 2302 excerptis
1098 2247 1161 2288 ita
1180 2245 1340 2300 scripta
1363 2248 1482 2298 sunt,
1505 2244 1683 2286 cameris

198 2332 251 2358 ex
281 2316 502 2358 teretibus.
538 2315 642 2358 mihi
679 2319 838 2359 certum
874 2315 1041 2358 videtur
1071 2315 1315 2357 Lucretium
1346 2313 1572 2368 scripsisse
1603 2326 1682 2353 CA-

196 2397 466 2430 MERAEQUE
497 2398 696 2425 cxmmrs
714 2418 724 2435 ‚
756 2383 832 2427 sed
864 2383 972 2426 illud
998 2384 1242 2427 exteritibus
1262 2395 1349 2424 non
1371 2395 1546 2437 possum
1568 2383 1684 2423 certa

197 2453 362 2495 ratione
400 2451 630 2496 emendare
647 2485 656 2495 .
696 2457 914 2509 postremo
952 2451 1270 2508 Philargyrium
1310 2448 1652 2493 commemorabo
1671 2479 1684 2498 ‚

198 2521 270 2575 qui
301 2521 358 2563 ad
389 2522 624 2576 georgicon
643 2537 705 2576 111,
726 2522 806 2564 136
827 2520 935 2563 haec
955 2520 1085 2564 habet
1100 2553 1111 2575 ‚
1135 2521 1360 2563 Lucretius
1380 2533 1438 2560 ΝΕ
1467 2531 1682 2559 onmium

195 2605 276 2646 pro
305 2591 463 2633 obturet
493 2600 530 2633 et
559 2589 778 2633 obcludat.
810 2590 917 2632 haec
946 2602 1115 2644 quoque
1143 2589 1187 2631 in
1210 2588 1364 2631 eadem
1385 2601 1431 2630 re
1451 2587 1589 2628 locum
1610 2585 1682 2627 ha-

199 2657 299 2699 bere
328 2662 581 2712 potuerunt:
604 2663 718 2701 certe
748 2671 822 2701 cur
853 2658 1017 2701 Lucilio
1049 2658 1190 2713 potius
1220 2655 1450 2699 tribuenda
1478 2654 1564 2696 sint
1594 2654 1682 2695 nul-

197 2725 639 2785 lamOcausamyideo
659 2759 669 2768 .
690 2739 791 2768 nam
822 2739 933 2780 quae
955 2726 1121 2768 Nonius
1151 2725 1280 2767 habet
1300 2738 1341 2779 p.
1360 2724 1456 2774 229,
1476 2723 1497 2763 1
1526 2722 1682 2763 Lucre-

199 2793 282 2834 tius
297 2825 309 2847 ‚
343 2794 505 2835 Tantus
534 2793 794 2836 conduxerat
814 2795 956 2836 omnia
986 2802 1127 2850 torpor
1142 2826 1153 2847 ,
1185 2805 1238 2834 ea
1258 2791 1340 2833 huc
1359 2791 1576 2846 pertinere
1597 2802 1682 2830 non

198 2873 368 2915 pugno;
400 2873 658 2915 quamquam
675 2893 685 2915 ,
718 2861 754 2903 si
794 2861 1042 2903 conduxerit
1071 2859 1342 2903 scribendum
1374 2862 1464 2912 est,
1504 2860 1684 2912 possunt

199 2928 254 2970 de
284 2928 437 2971 hiemis
468 2933 660 2984 tempore
693 2928 808 2971 dicta
838 2941 961 2971 esse.

315 2996 412 3038 841.
460 2997 679 3038 AREscu·
724 3011 846 3043 QUIA
894 3009 1051 3037 TERRA
1098 3009 1320 3050 CALORE,
1365 3009 1425 3035 ET
1466 3008 1579 3035 SEMI
1617 3008 1683 3034 SI-
