2040 3328
431 224 511 266 388
755 224 758 226 ’
1122 225 1181 266 VI

429 335 617 390 Captivis
633 349 692 389 111,
710 334 748 387 4,
769 334 795 375 2
809 335 932 375 Νάηο
953 335 1155 376 enimvero
1177 351 1247 391 eqo
1268 335 1404 377 occidi
1418 367 1426 376 .
1444 345 1537 378 eunt
1557 337 1617 378 ad
1635 337 1704 379 ted
1717 338 1847 379 hostes
1860 370 1872 391 ‚

430 401 624 458 Tyndare
641 433 649 442 .
671 401 714 441 in
737 400 890 442 Casina
905 417 934 454 1,
950 400 1004 442 46
1027 401 1128 443 Cum
1156 403 1219 443 mi
1243 402 1321 442 {lla
1350 401 1461 443 dicat
1475 434 1485 454 ‚
1506 403 1568 444 ‘mi
1588 404 1793 457 animale,
1817 404 1879 446 mi

426 463 622 523 Oly'mpio
638 498 648 508 .
668 481 712 520 11,
731 467 769 521 3,
787 467 843 510 40
863 468 973 518 Quo'z‘
1001 469 1159 510 homini
1185 468 1304 510 hodie
1327 468 1471 523 peculi
1494 484 1682 512 nummus
1706 486 1787 513 non
1817 479 1874 512 est

423 535 638 590 plumbeus
655 566 664 575 .
686 534 729 576 in
750 534 1012 577 Mostellaria
1030 549 1058 589 1,
1076 536 1115 588 3,
1135 535 1214 578 102
1234 531 1244 548 '
1266 537 1358 577 Una
1387 539 1516 589 operti
1534 535 1631 577 ebur
1649 545 1873 579 atramento

427 601 714 657 candefacere
725 602 912 658 postules
930 633 939 642 .
961 615 1001 656 v,
1019 602 1056 655 2,
1075 601 1130 643 43
1146 602 1199 645 Si
1214 603 1288 644 Ῑιόσ
1304 601 1433 657 pudet
1447 601 1622 656 ‚fecisse
1641 612 1843 659 sumptum
1860 636 1871 656 ‚

425 669 611 723 supplici
637 669 761 710 habeo
792 669 894 710 satis
911 700 920 708 .
942 668 984 709 in
1011 668 1292 715 Menaechmis
1311 668 1409 722 11,1‚
1433 667 1488 709 33
1517 668 1628 709 Nam
1653 669 1751 711 ἰἰιίει
1775 671 1872 712 haec

425 736 631 777 hominum
652 736 770 777 'natio'
784 734 1044 789 Epidamnia
1061 767 1068 776 .
1091 735 1133 776 in
1150 735 1383 778 Mercatore
1398 749 1425 788 1,
1446 735 1480 787 1,
1497 734 1525 775 4
1553 733 1654 776 Vidi
1669 745 1872 779 amatores

413 802 564 856 faeere
579 835 590 855 ,
607 803 685 858 qui
700 810 772 843 aut
791 802 903 843 nocti
914 810 986 843 aut
1003 801 1069 844 dii
1083 835 1091 843 .
1108 803 1150 843 in
1171 802 1359 844 Poenulo
1374 816 1402 855 1,
1423 801 1458 855 1,
1474 800 1528 843 48
1549 801 1601 844 Se
1616 805 1758 845 amdre
1771 805 1873 846 velle

425 878 546 924 atque
561 870 731 924 obsequi
743 869 879 910 animo
895 884 967 910 suo
986 900 994 909 .
1011 883 1038 922 1,
1051 869 1088 923 2,
1106 869 1157 910 31
1176 870 1303 912 Soro'r
1313 901 1323 922 ,
1341 869 1493 925 coyitd,
1514 869 1674 922 amabo,
1691 870 1785 911 ite'm
1799 886 1873 912 nos

420 937 652 991 perhiberi.
666 936 718 977 67
736 935 919 991 Maphio'
932 967 943 988 ‚
959 936 1035 977 ubi
1046 937 1112 977 es?
1134 940 1273 978 a'ssum
1288 935 1405 991 apud
1422 943 1458 976 te
1474 950 1610 976 eccum
1625 965 1635 976 .
1651 944 1695 978 at
1714 951 1786 993 eqo
1801 937 1871 979 eli-

425 1019 505 1044 oeus
526 1003 585 1043 sis
605 1002 693 1044 volo
711 1033 720 1042 .
741 1016 796 1054 IV,
815 1002 853 1056 2,
871 1002 898 1042 2
919 1002 1029 1053 Quo'i
1045 1003 1202 1044 homini
1220 1019 1314 1045 erus
1334 1010 1391 1043 est
1406 1001 1656 1055 consimilis,
1672 1002 1780 1044 velut
1802 1018 1872 1058 eqo

424 1070 549 1111 habeo
565 1069 671 1110 hunc
691 1069 814 1110 huius
830 1069 964 1110 modi.
985 1069 1178 1111 similiter
1195 1069 1347 1110 Accius
1364 1067 1477 1122 apud
1494 1067 1676 1110 Nonium
1691 1081 1733 1123 p.
1746 1069 1872 1122 15‚33

424 1136 641 1192 Meleaqrd
652 1168 662 1188 ‚
680 1136 754 1176 ubi
771 1136 894 1177 torris
915 1143 1016 1177 esset
1030 1135 1269 1190 interfectus
1283 1137 1497 1191 flammeus
1513 1166 1523 1176 .
1541 1134 1741 1177 Afranius
1759 1135 1872 1190 apud

426 1201 605 1244 eundem
627 1216 668 1257 p.
687 1202 753 1256 73,
770 1202 824 1244 33
845 1201 1093 1258 Septembris
1114 1202 1207 1243 kere
1236 1202 1461 1255 kalendae,
1478 1201 1598 1244 hddz'e
1619 1210 1707 1244 ater
1728 1202 1816 1245 dies
1831 1234 1842 1245 .

537 1269 631 1311 746.
689 1268 793 1310 Am
836 1282 883 1309 m
919 1282 1112 1322 AQUAM,
1150 1282 1191 1308 Sl
1226 1281 1379 1309 Foru-n
1414 1280 1566 1308 LActh
1604 1282 1871 1310 SUBIRATUS

423 1350 629 1376 Avnnm.
659 1335 891 1378 Brixiensis
923 1334 1052 1377 editio
1084 1347 1136 1377 ex
1166 1334 1458 1377 emendatione
1485 1334 1599 1390 (nam
1619 1335 1872 1378 Veronensis

422 1417 507 1445 non
538 1403 765 1455 consentit)
797 1416 1129 1444 SUBSTRATUS.
1162 1401 1241 1444 hoe
1270 1401 1559 1444 verissimum.
1590 1406 1678 1443 tum
1698 1402 1872 1458 ,Lambi-

423 1483 526 1526 nus,
562 1471 704 1513 nescio
735 1470 872 1522 unde,
895 1470 1099 1512 Avernost
1113 1502 1124 1523 ‚
1146 1482 1247 1511 casu
1275 1469 1458 1511 nominis
1480 1481 1628 1523 parum
1648 1472 1773 1524 apto,
1795 1469 1871 1512 sed

423 1546 481 1579 est
515 1542 626 1579 reete
661 1536 806 1578 addito
843 1536 1072 1578 secundum
1111 1537 1455 1578 consuetudinem
1490 1538 1642 1590 poetae
1657 1566 1667 1576 .
1693 1535 1739 1577 id
1767 1548 1870 1578 vero

422 1603 562 1657 aptius
593 1604 824 1646 inseremus
856 1607 953 1646 ante
983 1605 1045 1657 si,
1068 1603 1146 1645 hoc
1174 1603 1313 1658 modo,
1344 1617 1428 1644 EST
1450 1604 1493 1645 si
1504 1603 1622 1658 forte
1643 1602 1758 1644 lacus
1779 1603 1870 1644 sub-

421 1679 575 1712 stratus
605 1671 769 1713 Averni
779 1702 788 1711 .
819 1671 879 1712 ita
914 1670 956 1711 in
987 1683 1027 1723 V,
1045 1671 1125 1712 606
1156 1670 1421 1726 Opportunus
1455 1671 1516 1712 ita
1545 1678 1603 1712 est
1631 1670 1675 1711 si
1686 1669 1804 1724 forte
1835 1677 1872 1710 et

421 1737 593 1779 idoneus
623 1744 720 1780 ae‘r.

535 1804 628 1846 747.
659 1804 748 1846 H1s
778 1817 930 1845 Locus
960 1817 1043 1844 EST
1065 1818 1220 1845 CUMAS
1247 1818 1396 1858 APUT,
1429 1818 1540 1844 nom
1561 1817 1732 1844 smpmz
1750 1815 1869 1843 MON-

422 1885 494 1911 T1s
540 1870 754 1913 opmm
799 1885 991 1912 CALIDIS
1042 1885 1122 1912 UBI
1171 1885 1363 1912 FUMANT
1411 1884 1650 1911 rom-mus
1695 1883 1867 1911 imm-1.

422 1938 660 1988 Quadratus
692 1939 737 1980 Is
758 1939 869 1980 loeus
891 1942 931 1980 et
950 1947 1102 1980 montes
1119 1970 1129 1980 .
1151 1938 1357 1992 oblongus
1378 1941 1477 1980 ante
1497 1949 1622 1991 quam
1644 1937 1868 1991 corrigere-

420 2009 486 2046 tur
515 2007 608 2061 eqo-i
622 2037 631 2048 .
652 2006 696 2047 in
726 2005 790 2048 his
820 2005 865 2046 Is
897 2009 937 2047 et
966 2014 1117 2048 montes
1147 2004 1448 2059 orthographia
1477 2007 1639 2046 tantum
1669 2004 1870 2046 differunt

420 2071 474 2113 ab
504 2073 588 2114 His
618 2076 658 2115 et
686 2074 834 2115 montis
851 2104 860 2114 .
887 2072 1136 2115 mittendum
1167 2076 1230 2114 est
1259 2073 1348 2125 his,
1377 2071 1491 2125 quod
1520 2085 1604 2114 non
1634 2075 1734 2126 puto
1765 2070 1868 2113 satis

420 2139 636 2192 antiquum
672 2152 793 2196 esse:
822 2141 970 2182 montis
1005 2153 1076 2182 cur
1107 2139 1267 2183 servari
1306 2139 1465 2193 possit,
1503 2138 1591 2180 dixi
1622 2138 1677 2180 ad
1706 2152 1734 2192 1,
1758 2138 1839 2180 805
1857 2168 1866 2179 .

419 2206 627 2248 vocabula
656 2210 852 2260 corrupta
881 2207 1116 2249 Salmasius
1146 2207 1322 2249 Vossius
1355 2205 1566 2248 Bentleius
1599 2204 1755 2260 optime
1783 2217 1868 2246 res-

418 2273 618 2315 tituerunt
648 2274 732 2328 ita,
755 2287 867 2314 Acin
897 2288 1114 2315 SULPURE
1139 2282 1291 2315 montes
1312 2273 1481 2328 oppleti
1495 2305 1504 2314 .
1525 2276 1566 2314 et
1585 2272 1755 2327 sulpure
1773 2270 1867 2313 Ser-

419 2339 532 2382 vium
554 2340 620 2382 hic
640 2340 797 2394 legisse
818 2344 1006 2394 constat,
1031 2341 1100 2395 qui
1123 2341 1179 2382 ad
1200 2340 1352 2381 librum
1373 2354 1416 2380 V1
1435 2339 1647 2381 Aeneidos
1668 2338 1749 2380 239
1768 2354 1868 2380 sane

417 2405 628 2447 sciendum
667 2406 801 2460 inquit
836 2408 1074 2450 Lucretium
1120 2416 1156 2449 et
1192 2408 1297 2449 alios
1323 2407 1523 2462 physicos
1561 2405 1695 2448 dicere
1732 2411 1867 2447 aerem

417 2489 654 2528 corporeum
684 2489 796 2527 esse‚·
825 2474 934 2516 unde
963 2489 1058 2515 aves
1087 2474 1287 2515 sustinet:
1315 2473 1389 2515 sed
1416 2473 1522 2514 hunc
1553 2471 1693 2514 cedere
1720 2472 1871 2526 vapori
1906 2504 1909 2506 >

416 2540 666 2595 sulphurem·
693 2540 802 2582 unde
831 2556 927 2582 aves
955 2541 1000 2582 in
1029 2540 1117 2582 illis
1138 2540 1238 2581 locis
1252 2571 1263 2592 ,
1281 2539 1463 2582 desertae
1483 2546 1577 2580 ae're
1607 2553 1686 2594 quo
1702 2538 1872 2593 portari

415 2607 543 2648 solent
557 2639 568 2660 ,
586 2606 803 2648 concidunt
822 2623 903 2649 non
925 2607 1047 2649 odore
1065 2606 1140 2648 sed
1154 2606 1335 2661 pondere
1353 2638 1360 2647 .
1379 2618 1486 2659 quae
1502 2608 1680 2660 apparet
1699 2608 1867 2659 sumpta

416 2686 511 2715 esse
541 2686 594 2715 ex
623 2686 749 2716 versu
779 2674 862 2716 830
887 2678 927 2716 et
953 2686 1104 2716 novem
1130 2673 1351 2727 proximis:
1380 2672 1455 2715 sed
1483 2671 1542 2713 ibi
1569 2675 1632 2713 est
1657 2673 1720 2713 vis
1745 2680 1866 2727 atque

406 2749 552 2795 ,aestus
572 2740 756 2794 Averni,
782 2753 983 2795 vaporem
1012 2743 1150 2782 autem
1177 2740 1294 2782 illum
1320 2739 1586 2795 sulphureum
1613 2750 1705 2781 esse
1725 2738 1768 2779 in
1787 2737 1866 2779 hoe

415 2810 559 2848 nostro
590 2819 715 2849 versu
744 2811 870 2862 poeta
900 2808 1012 2852 dicit.
1576 2859 1582 2868 Ι

527 2873 622 2916 749.
660 2874 754 2916 EST
783 2889 839 2915 ΕΤ
869 2889 1110 2916 immamus
1140 2889 1188 2915 IN
1217 2886 1482 2924 MOENIBUS,
1512 2886 1652 2913 ARc1s
1680 2886 1728 2914 m
1756 2884 1862 2912 1>1so

415 2939 633 2981 szmcn
651 2972 660 2982 .
707 2941 946 2992 Quadratus
984 2943 1142 2985 athenis
1165 2973 1173 2982 .
1210 2944 1420 2983 corrector
1450 2939 1622 2992 oblongi
1651 2940 1696 2982 in
1724 2953 1770 2979 11>
1781 2951 1833 2980 so
1851 2969 1861 2979 .
