<?xml version="1.0" encoding="UTF-8"?>
<!DOCTYPE html PUBLIC "-//W3C//DTD XHTML 1.0 Transitional//EN"
    "http://www.w3.org/TR/xhtml1/DTD/xhtml1-transitional.dtd">
<html xmlns="http://www.w3.org/1999/xhtml" xml:lang="en" lang="en">
 <head>
  <title>
</title>
<meta http-equiv="Content-Type" content="text/html;charset=utf-8" />
  <meta name='ocr-system' content='tesseract 3.04.00' />
  <meta name='ocr-capabilities' content='ocr_page ocr_carea ocr_par ocr_line ocrx_word'/>
</head>
<body>
  <div class='ocr_page' id='page_1' title='image "./intlucretiicarid00lachuoft_0343.png"; bbox 0 0 2040 3328; ppageno 0'>
   <div class='ocr_carea' id='block_1_1' title="bbox 895 202 1659 247">
    <p class='ocr_par' dir='ltr' id='par_1_1' title="bbox 895 202 1659 247">
     <span class='ocr_line' id='line_1_1' title="bbox 895 202 1659 247; baseline -0.003 0"><span class='ocrx_word' id='word_1_1' title='bbox 895 204 932 247; x_wconf 90' lang='lat' dir='ltr'>V</span> <span class='ocrx_word' id='word_1_2' title='bbox 1575 202 1659 245; x_wconf 85' lang='lat'><strong>339</strong></span> 
     </span>
    </p>
   </div>
   <div class='ocr_carea' id='block_1_2' title="bbox 156 315 1711 3018">
    <p class='ocr_par' dir='ltr' id='par_1_2' title="bbox 174 315 1665 1875">
     <span class='ocr_line' id='line_1_2' title="bbox 175 315 1659 374; baseline -0.003 -10"><span class='ocrx_word' id='word_1_3' title='bbox 175 335 337 364; x_wconf 68' lang='lat' dir='ltr'><strong>Auci-u</strong></span> <span class='ocrx_word' id='word_1_4' title='bbox 351 335 381 361; x_wconf 73' lang='lat' dir='ltr'><strong>u</strong></span> <span class='ocrx_word' id='word_1_5' title='bbox 399 352 409 362; x_wconf 90' lang='lat'><strong>.</strong></span> <span class='ocrx_word' id='word_1_6' title='bbox 431 321 499 363; x_wconf 85' lang='lat' dir='ltr'><strong>Ita</strong></span> <span class='ocrx_word' id='word_1_7' title='bbox 530 319 636 362; x_wconf 85' lang='lat' dir='ltr'><strong>haee</strong></span> <span class='ocrx_word' id='word_1_8' title='bbox 666 317 1014 374; x_wconf 75' lang='lat' dir='ltr'><strong>intel-pungenda</strong></span> <span class='ocrx_word' id='word_1_9' title='bbox 1034 321 1133 360; x_wconf 89' lang='lat' dir='ltr'><strong>sunt</strong></span> <span class='ocrx_word' id='word_1_10' title='bbox 1160 322 1308 360; x_wconf 87' lang='lat' dir='ltr'><strong>contra</strong></span> <span class='ocrx_word' id='word_1_11' title='bbox 1329 321 1514 359; x_wconf 83' lang='lat' dir='ltr'><strong>mentem</strong></span> <span class='ocrx_word' id='word_1_12' title='bbox 1534 315 1659 359; x_wconf 90' lang='lat' dir='ltr'><strong>inter·</strong></span> 
     </span>
     <span class='ocr_line' id='line_1_3' title="bbox 176 383 1660 446; baseline -0.004 -14"><span class='ocrx_word' id='word_1_13' title='bbox 176 393 342 446; x_wconf 88' lang='lat' dir='ltr'><strong>pretum</strong></span> <span class='ocrx_word' id='word_1_14' title='bbox 361 421 371 444; x_wconf 85' lang='lat'><em>7</em></span> <span class='ocrx_word' id='word_1_15' title='bbox 393 387 466 443; x_wconf 92' lang='lat' dir='ltr'><strong>qui</strong></span> <span class='ocrx_word' id='word_1_16' title='bbox 497 387 557 430; x_wconf 86' lang='lat' dir='ltr'><strong>ita</strong></span> <span class='ocrx_word' id='word_1_17' title='bbox 587 390 870 442; x_wconf 87' lang='lat' dir='ltr'><strong>acceperunt,</strong></span> <span class='ocrx_word' id='word_1_18' title='bbox 892 386 1016 441; x_wconf 81' lang='lat' dir='ltr'>quasi</span> <span class='ocrx_word' id='word_1_19' title='bbox 1047 388 1163 429; x_wconf 87' lang='lat' dir='ltr'><strong>esset</strong></span> <span class='ocrx_word' id='word_1_20' title='bbox 1184 384 1358 442; x_wconf 81' lang='lat' dir='ltr'><strong>Nequid</strong></span> <span class='ocrx_word' id='word_1_21' title='bbox 1369 417 1380 439; x_wconf 82' lang='lat'><em>7</em></span> <span class='ocrx_word' id='word_1_22' title='bbox 1403 383 1584 440; x_wconf 83' lang='lat' dir='ltr'><strong>Nequod</strong></span> <span class='ocrx_word' id='word_1_23' title='bbox 1612 384 1660 426; x_wconf 79' lang='grc' dir='ltr'><strong>οἷ)</strong></span> 
     </span>
     <span class='ocr_line' id='line_1_4' title="bbox 176 452 1660 512; baseline -0.005 -12"><span class='ocrx_word' id='word_1_24' title='bbox 176 456 406 500; x_wconf 75' lang='lat' dir='ltr'><strong>admissum</strong></span> <span class='ocrx_word' id='word_1_25' title='bbox 415 455 549 512; x_wconf 84' lang='lat' dir='ltr'><strong>foede</strong></span> <span class='ocrx_word' id='word_1_26' title='bbox 567 489 575 497; x_wconf 94' lang='lat'><em>.</em></span> <span class='ocrx_word' id='word_1_27' title='bbox 598 456 744 510; x_wconf 88' lang='lat' dir='ltr'><strong>itaque</strong></span> <span class='ocrx_word' id='word_1_28' title='bbox 764 454 999 498; x_wconf 77' lang='lat' dir='ltr'><strong>scribemus</strong></span> <span class='ocrx_word' id='word_1_29' title='bbox 1020 455 1164 511; x_wconf 89' lang='lat' dir='ltr'><strong>potius</strong></span> <span class='ocrx_word' id='word_1_30' title='bbox 1184 452 1359 510; x_wconf 77' lang='lat' dir='ltr'><strong>Nequid</strong></span> <span class='ocrx_word' id='word_1_31' title='bbox 1372 485 1383 507; x_wconf 87' lang='lat'><em>7</em></span> <span class='ocrx_word' id='word_1_32' title='bbox 1406 452 1443 494; x_wconf 89' lang='lat' dir='ltr'><strong>si</strong></span> <span class='ocrx_word' id='word_1_33' title='bbox 1465 465 1534 495; x_wconf 90' lang='lat' dir='ltr'><strong>res</strong></span> <span class='ocrx_word' id='word_1_34' title='bbox 1564 464 1660 508; x_wconf 90' lang='lat' dir='ltr'><strong>pos-</strong></span> 
     </span>
     <span class='ocr_line' id='line_1_5' title="bbox 175 521 1660 580; baseline -0.004 -12"><span class='ocrx_word' id='word_1_35' title='bbox 175 525 355 580; x_wconf 79' lang='lat' dir='ltr'><strong>tulabit3</strong></span> <span class='ocrx_word' id='word_1_36' title='bbox 376 523 629 580; x_wconf 89' lang='lat' dir='ltr'><strong>praesertim</strong></span> <span class='ocrx_word' id='word_1_37' title='bbox 651 536 746 566; x_wconf 89' lang='lat' dir='ltr'><strong>cum</strong></span> <span class='ocrx_word' id='word_1_38' title='bbox 774 536 824 566; x_wconf 92' lang='lat' dir='ltr'><strong>eo</strong></span> <span class='ocrx_word' id='word_1_39' title='bbox 845 523 974 566; x_wconf 91' lang='lat' dir='ltr'><strong>modo</strong></span> <span class='ocrx_word' id='word_1_40' title='bbox 996 524 1067 566; x_wconf 87' lang='lat' dir='ltr'><strong>vel</strong></span> <span class='ocrx_word' id='word_1_41' title='bbox 1097 523 1140 565; x_wconf 90' lang='lat' dir='ltr'><strong>in</strong></span> <span class='ocrx_word' id='word_1_42' title='bbox 1162 521 1343 578; x_wconf 81' lang='lat' dir='ltr'>publicis</span> <span class='ocrx_word' id='word_1_43' title='bbox 1365 521 1660 563; x_wconf 85' lang='lat' dir='ltr'><strong>instrumentis</strong></span> 
     </span>
     <span class='ocr_line' id='line_1_6' title="bbox 174 589 1662 651; baseline -0.003 -14"><span class='ocrx_word' id='word_1_44' title='bbox 174 597 399 651; x_wconf 88' lang='lat' dir='ltr'><strong>peccatum</strong></span> <span class='ocrx_word' id='word_1_45' title='bbox 430 605 526 635; x_wconf 91' lang='lat' dir='ltr'><strong>esse</strong></span> <span class='ocrx_word' id='word_1_46' title='bbox 555 591 803 635; x_wconf 87' lang='lat' dir='ltr'><strong>videamus.</strong></span> <span class='ocrx_word' id='word_1_47' title='bbox 827 597 941 634; x_wconf 89' lang='lat' dir='ltr'><strong>certe</strong></span> <span class='ocrx_word' id='word_1_48' title='bbox 972 591 1016 633; x_wconf 90' lang='lat' dir='ltr'><strong>in</strong></span> <span class='ocrx_word' id='word_1_49' title='bbox 1047 590 1144 645; x_wconf 89' lang='lat' dir='ltr'><strong>lege</strong></span> <span class='ocrx_word' id='word_1_50' title='bbox 1164 590 1276 633; x_wconf 87' lang='lat' dir='ltr'><strong>Iulia</strong></span> <span class='ocrx_word' id='word_1_51' title='bbox 1305 589 1555 644; x_wconf 81' lang='lat' dir='ltr'><strong>municipali</strong></span> <span class='ocrx_word' id='word_1_52' title='bbox 1580 589 1662 632; x_wconf 82' lang='lat'><strong>120</strong></span> 
     </span>
     <span class='ocr_line' id='line_1_7' title="bbox 176 659 1660 718; baseline -0.004 -13"><span class='ocrx_word' id='word_1_53' title='bbox 176 662 379 718; x_wconf 79' lang='lat' dir='ltr'><strong>scriptum</strong></span> <span class='ocrx_word' id='word_1_54' title='bbox 410 664 476 703; x_wconf 84' lang='lat' dir='ltr'><strong>est</strong></span> <span class='ocrx_word' id='word_1_55' title='bbox 493 676 662 716; x_wconf 84' lang='lat' dir='ltr'><strong>quemve</strong></span> <span class='ocrx_word' id='word_1_56' title='bbox 683 660 926 702; x_wconf 76' lang='lat' dir='ltr'><strong>kalumniae</strong></span> <span class='ocrx_word' id='word_1_57' title='bbox 936 659 1324 716; x_wconf 75' lang='lat' dir='ltr'><strong>praevaricationis</strong></span> <span class='ocrx_word' id='word_1_58' title='bbox 1344 674 1497 701; x_wconf 79' lang='lat' dir='ltr'><strong><em>caussa</em></strong></span> <span class='ocrx_word' id='word_1_59' title='bbox 1517 674 1660 700; x_wconf 78' lang='lat' dir='ltr'><strong>accas-</strong></span> 
     </span>
     <span class='ocr_line' id='line_1_8' title="bbox 175 725 1660 784; baseline -0.004 -11"><span class='ocrx_word' id='word_1_60' title='bbox 175 730 510 784; x_wconf 76' lang='lat' dir='ltr'><strong>sassefecisseve</strong></span> <span class='ocrx_word' id='word_1_61' title='bbox 531 727 645 784; x_wconf 82' lang='lat' dir='ltr'><strong>quod</strong></span> <span class='ocrx_word' id='word_1_62' title='bbox 662 727 896 770; x_wconf 81' lang='lat' dir='ltr'><strong>iudicatum</strong></span> <span class='ocrx_word' id='word_1_63' title='bbox 922 736 982 770; x_wconf 77' lang='lat' dir='ltr'><strong>est</strong></span> <span class='ocrx_word' id='word_1_64' title='bbox 1002 727 1081 769; x_wconf 79' lang='lat' dir='ltr'><strong>erit</strong></span> <span class='ocrx_word' id='word_1_65' title='bbox 1094 759 1106 780; x_wconf 89' lang='lat'><em>7</em></span> <span class='ocrx_word' id='word_1_66' title='bbox 1129 725 1246 781; x_wconf 90' lang='lat' dir='ltr'><strong>quod</strong></span> <span class='ocrx_word' id='word_1_67' title='bbox 1267 725 1396 768; x_wconf 84' lang='lat' dir='ltr'><strong>debet</strong></span> <span class='ocrx_word' id='word_1_68' title='bbox 1422 739 1517 768; x_wconf 82' lang='lat' dir='ltr'><strong>esse</strong></span> <span class='ocrx_word' id='word_1_69' title='bbox 1524 726 1660 782; x_wconf 78' lang='lat' dir='ltr'><strong>fecis-</strong></span> 
     </span>
     <span class='ocr_line' id='line_1_9' title="bbox 175 794 1660 854; baseline -0.003 -13"><span class='ocrx_word' id='word_1_70' title='bbox 175 815 268 842; x_wconf 78' lang='lat' dir='ltr'><strong>seve</strong></span> <span class='ocrx_word' id='word_1_71' title='bbox 289 797 396 854; x_wconf 83' lang='lat' dir='ltr'><strong>quid</strong></span> <span class='ocrx_word' id='word_1_72' title='bbox 409 813 423 840; x_wconf 89' lang='grc'><strong>.·</strong></span> <span class='ocrx_word' id='word_1_73' title='bbox 443 801 486 840; x_wconf 85' lang='lat' dir='ltr'><strong>et</strong></span> <span class='ocrx_word' id='word_1_74' title='bbox 505 795 665 839; x_wconf 86' lang='lat' dir='ltr'><strong>ibidem</strong></span> <span class='ocrx_word' id='word_1_75' title='bbox 687 796 737 838; x_wconf 81' lang='lat'><strong>71</strong></span> <span class='ocrx_word' id='word_1_76' title='bbox 760 811 860 839; x_wconf 73' lang='lat' dir='ltr'><strong>neve</strong></span> <span class='ocrx_word' id='word_1_77' title='bbox 882 811 1022 837; x_wconf 83' lang='lat' dir='ltr'><strong>eorum</strong></span> <span class='ocrx_word' id='word_1_78' title='bbox 1044 794 1159 851; x_wconf 80' lang='lat' dir='ltr'><strong>quod</strong></span> <span class='ocrx_word' id='word_1_79' title='bbox 1171 828 1182 849; x_wconf 85' lang='lat'><em>7</em></span> <span class='ocrx_word' id='word_1_80' title='bbox 1204 794 1284 837; x_wconf 83' lang='lat' dir='ltr'><strong>hoc</strong></span> <span class='ocrx_word' id='word_1_81' title='bbox 1305 797 1369 836; x_wconf 86' lang='lat' dir='ltr'><strong>est</strong></span> <span class='ocrx_word' id='word_1_82' title='bbox 1383 794 1497 850; x_wconf 81' lang='lat' dir='ltr'><strong>&#39;quid</strong></span> <span class='ocrx_word' id='word_1_83' title='bbox 1509 829 1520 848; x_wconf 95' lang='lat'><em>7</em></span> <span class='ocrx_word' id='word_1_84' title='bbox 1542 811 1660 850; x_wconf 79' lang='lat' dir='ltr'><strong>saep-</strong></span> 
     </span>
     <span class='ocr_line' id='line_1_10' title="bbox 177 862 1660 920; baseline -0.004 -10"><span class='ocrx_word' id='word_1_85' title='bbox 177 876 261 910; x_wconf 81' lang='lat' dir='ltr'><strong>tum</strong></span> <span class='ocrx_word' id='word_1_86' title='bbox 283 867 523 909; x_wconf 76' lang='lat' dir='ltr'><strong>clausumve</strong></span> <span class='ocrx_word' id='word_1_87' title='bbox 549 864 691 907; x_wconf 74' lang='lat' dir='ltr'><strong>habeto</strong></span> <span class='ocrx_word' id='word_1_88' title='bbox 709 895 718 904; x_wconf 94' lang='lat'><strong>.</strong></span> <span class='ocrx_word' id='word_1_89' title='bbox 740 864 825 906; x_wconf 85' lang='lat' dir='ltr'><strong>iam</strong></span> <span class='ocrx_word' id='word_1_90' title='bbox 847 863 1024 920; x_wconf 76' lang='lat' dir='ltr'><em>aliquod</em></span> <span class='ocrx_word' id='word_1_91' title='bbox 1041 862 1236 906; x_wconf 74' lang='lat' dir='ltr'><strong>solvendi</strong></span> <span class='ocrx_word' id='word_1_92' title='bbox 1261 871 1421 919; x_wconf 78' lang='lat' dir='ltr'><strong>tempus</strong></span> <span class='ocrx_word' id='word_1_93' title='bbox 1442 862 1479 905; x_wconf 87' lang='lat' dir='ltr'><strong>si</strong></span> <span class='ocrx_word' id='word_1_94' title='bbox 1502 862 1660 905; x_wconf 82' lang='lat' dir='ltr'><strong>dicere-</strong></span> 
     </span>
     <span class='ocr_line' id='line_1_11' title="bbox 175 930 1662 987; baseline -0.003 -10"><span class='ocrx_word' id='word_1_95' title='bbox 175 939 244 978; x_wconf 85' lang='lat' dir='ltr'><strong>tur</strong></span> <span class='ocrx_word' id='word_1_96' title='bbox 264 933 493 976; x_wconf 82' lang='lat' dir='ltr'><strong>adductum</strong></span> <span class='ocrx_word' id='word_1_97' title='bbox 513 945 635 987; x_wconf 88' lang='lat' dir='ltr'><strong>esse,</strong></span> <span class='ocrx_word' id='word_1_98' title='bbox 658 931 953 985; x_wconf 89' lang='lat' dir='ltr'><strong>intellegerem</strong></span> <span class='ocrx_word' id='word_1_99' title='bbox 973 945 982 972; x_wconf 92' lang='lat'>:</span> <span class='ocrx_word' id='word_1_100' title='bbox 1003 930 1199 973; x_wconf 73' lang='lat' dir='ltr'><strong>adactum</strong></span> <span class='ocrx_word' id='word_1_101' title='bbox 1215 963 1226 985; x_wconf 90' lang='lat'><em>7</em></span> <span class='ocrx_word' id='word_1_102' title='bbox 1248 931 1363 985; x_wconf 92' lang='lat' dir='ltr'><strong>quod</strong></span> <span class='ocrx_word' id='word_1_103' title='bbox 1386 930 1487 973; x_wconf 85' lang='lat' dir='ltr'><strong>fecit</strong></span> <span class='ocrx_word' id='word_1_104' title='bbox 1507 930 1662 972; x_wconf 86' lang='lat' dir='ltr'><strong>Marul-</strong></span> 
     </span>
     <span class='ocr_line' id='line_1_12' title="bbox 177 998 1662 1057; baseline -0.003 -12"><span class='ocrx_word' id='word_1_105' title='bbox 177 1003 246 1046; x_wconf 89' lang='lat' dir='ltr'><strong>lus</strong></span> <span class='ocrx_word' id='word_1_106' title='bbox 265 1035 276 1056; x_wconf 76' lang='lat'><em>7</em></span> <span class='ocrx_word' id='word_1_107' title='bbox 297 1014 384 1044; x_wconf 91' lang='lat' dir='ltr'><strong>non</strong></span> <span class='ocrx_word' id='word_1_108' title='bbox 401 1001 527 1057; x_wconf 84' lang='lat' dir='ltr'><strong>capio</strong></span> <span class='ocrx_word' id='word_1_109' title='bbox 545 1033 554 1056; x_wconf 91' lang='lat'>‚</span> <span class='ocrx_word' id='word_1_110' title='bbox 578 1001 680 1056; x_wconf 92' lang='lat' dir='ltr'><strong>quia</strong></span> <span class='ocrx_word' id='word_1_111' title='bbox 695 999 867 1056; x_wconf 68' lang='lat' dir='ltr'><strong>adiqere</strong></span> <span class='ocrx_word' id='word_1_112' title='bbox 883 998 1002 1041; x_wconf 88' lang='lat' dir='ltr'><strong>aliud</strong></span> <span class='ocrx_word' id='word_1_113' title='bbox 1020 1003 1084 1042; x_wconf 89' lang='lat' dir='ltr'><strong>est</strong></span> <span class='ocrx_word' id='word_1_114' title='bbox 1102 1012 1230 1054; x_wconf 90' lang='lat' dir='ltr'><strong>quam</strong></span> <span class='ocrx_word' id='word_1_115' title='bbox 1246 998 1460 1042; x_wconf 79' lang='lat' dir='ltr'><strong>adducere</strong></span> <span class='ocrx_word' id='word_1_116' title='bbox 1478 1031 1488 1041; x_wconf 88' lang='lat'><strong>.</strong></span> <span class='ocrx_word' id='word_1_117' title='bbox 1505 998 1662 1041; x_wconf 72' lang='lat' dir='ltr'><strong>adauc-</strong></span> 
     </span>
     <span class='ocr_line' id='line_1_13' title="bbox 178 1066 1660 1123; baseline -0.003 -10"><span class='ocrx_word' id='word_1_118' title='bbox 178 1080 264 1113; x_wconf 73' lang='lat' dir='ltr'><strong>tum</strong></span> <span class='ocrx_word' id='word_1_119' title='bbox 284 1083 410 1113; x_wconf 89' lang='lat' dir='ltr'><strong>nemo</strong></span> <span class='ocrx_word' id='word_1_120' title='bbox 432 1068 511 1112; x_wconf 84' lang='lat' dir='ltr'><strong>fuit</strong></span> <span class='ocrx_word' id='word_1_121' title='bbox 530 1069 602 1123; x_wconf 90' lang='lat' dir='ltr'><strong>qui</strong></span> <span class='ocrx_word' id='word_1_122' title='bbox 623 1072 838 1111; x_wconf 89' lang='lat' dir='ltr'><strong>tueretur:</strong></span> <span class='ocrx_word' id='word_1_123' title='bbox 860 1068 930 1123; x_wconf 93' lang='lat' dir='ltr'><strong>qui</strong></span> <span class='ocrx_word' id='word_1_124' title='bbox 953 1080 1054 1110; x_wconf 89' lang='lat' dir='ltr'><strong>vero</strong></span> <span class='ocrx_word' id='word_1_125' title='bbox 1079 1066 1276 1114; x_wconf 85' lang='lat' dir='ltr'><strong>solvendi</strong></span> <span class='ocrx_word' id='word_1_126' title='bbox 1298 1071 1464 1122; x_wconf 89' lang='lat' dir='ltr'><strong>tempus</strong></span> <span class='ocrx_word' id='word_1_127' title='bbox 1487 1067 1547 1109; x_wconf 87' lang='lat' dir='ltr'><strong>ad</strong></span> <span class='ocrx_word' id='word_1_128' title='bbox 1565 1083 1660 1109; x_wconf 83' lang='lat' dir='ltr'><strong>auc-</strong></span> 
     </span>
     <span class='ocr_line' id='line_1_14' title="bbox 178 1135 1662 1191; baseline -0.003 -10"><span class='ocrx_word' id='word_1_129' title='bbox 178 1148 264 1181; x_wconf 80' lang='lat' dir='ltr'><strong>tum</strong></span> <span class='ocrx_word' id='word_1_130' title='bbox 291 1151 388 1182; x_wconf 87' lang='lat' dir='ltr'><strong>esse</strong></span> <span class='ocrx_word' id='word_1_131' title='bbox 408 1138 610 1180; x_wconf 88' lang='lat' dir='ltr'><strong>dixerunt</strong></span> <span class='ocrx_word' id='word_1_132' title='bbox 638 1135 702 1191; x_wconf 88' lang='lat' dir='ltr'><strong>(id</strong></span> <span class='ocrx_word' id='word_1_133' title='bbox 734 1140 798 1178; x_wconf 90' lang='lat' dir='ltr'><strong>est</strong></span> <span class='ocrx_word' id='word_1_134' title='bbox 828 1135 884 1178; x_wconf 89' lang='lat' dir='ltr'><strong>ad</strong></span> <span class='ocrx_word' id='word_1_135' title='bbox 905 1135 1078 1191; x_wconf 88' lang='lat' dir='ltr'><strong>plenam</strong></span> <span class='ocrx_word' id='word_1_136' title='bbox 1109 1135 1395 1178; x_wconf 85' lang='lat' dir='ltr'><strong>maturitatem</strong></span> <span class='ocrx_word' id='word_1_137' title='bbox 1427 1147 1549 1178; x_wconf 90' lang='lat' dir='ltr'><strong>suam</strong></span> <span class='ocrx_word' id='word_1_138' title='bbox 1571 1148 1662 1190; x_wconf 90' lang='lat' dir='ltr'><strong>per-</strong></span> 
     </span>
     <span class='ocr_line' id='line_1_15' title="bbox 178 1203 1662 1260; baseline -0.003 -10"><span class='ocrx_word' id='word_1_139' title='bbox 178 1207 376 1260; x_wconf 87' lang='lat' dir='ltr'><strong>ductum,</strong></span> <span class='ocrx_word' id='word_1_140' title='bbox 399 1209 445 1247; x_wconf 89' lang='lat' dir='ltr'><strong>nt</strong></span> <span class='ocrx_word' id='word_1_141' title='bbox 467 1203 784 1259; x_wconf 88' lang='lat' dir='ltr'><strong>Wakefieldus)</strong></span> <span class='ocrx_word' id='word_1_142' title='bbox 814 1209 889 1246; x_wconf 84' lang='lat' dir='ltr'><strong>aut</strong></span> <span class='ocrx_word' id='word_1_143' title='bbox 919 1217 1013 1246; x_wconf 91' lang='lat' dir='ltr'><strong>cum</strong></span> <span class='ocrx_word' id='word_1_144' title='bbox 1044 1203 1256 1246; x_wconf 89' lang='lat' dir='ltr'><strong>Brixiensi</strong></span> <span class='ocrx_word' id='word_1_145' title='bbox 1288 1203 1477 1246; x_wconf 87' lang='lat' dir='ltr'><strong>editione</strong></span> <span class='ocrx_word' id='word_1_146' title='bbox 1507 1203 1567 1245; x_wconf 81' lang='lat' dir='ltr'><strong>ad</strong></span> <span class='ocrx_word' id='word_1_147' title='bbox 1595 1220 1662 1246; x_wconf 83' lang='lat' dir='ltr'><strong>ac-</strong></span> 
     </span>
     <span class='ocr_line' id='line_1_16' title="bbox 177 1271 1662 1330; baseline -0.003 -12"><span class='ocrx_word' id='word_1_148' title='bbox 177 1284 264 1318; x_wconf 75' lang='lat' dir='ltr'><strong>tum</strong></span> <span class='ocrx_word' id='word_1_149' title='bbox 285 1274 350 1330; x_wconf 89' lang='lat' dir='ltr'><strong>(id</strong></span> <span class='ocrx_word' id='word_1_150' title='bbox 372 1277 436 1316; x_wconf 90' lang='lat' dir='ltr'><strong>est</strong></span> <span class='ocrx_word' id='word_1_151' title='bbox 450 1273 647 1329; x_wconf 84' lang='lat' dir='ltr'><strong>proxime</strong></span> <span class='ocrx_word' id='word_1_152' title='bbox 667 1277 769 1315; x_wconf 92' lang='lat' dir='ltr'><strong>ante</strong></span> <span class='ocrx_word' id='word_1_153' title='bbox 785 1277 927 1315; x_wconf 88' lang='lat' dir='ltr'><strong>actum</strong></span> <span class='ocrx_word' id='word_1_154' title='bbox 946 1286 1088 1315; x_wconf 91' lang='lat' dir='ltr'><strong>rerum</strong></span> <span class='ocrx_word' id='word_1_155' title='bbox 1105 1277 1147 1315; x_wconf 91' lang='lat' dir='ltr'><strong>et</strong></span> <span class='ocrx_word' id='word_1_156' title='bbox 1163 1271 1257 1315; x_wconf 89' lang='lat' dir='ltr'><strong>dies</strong></span> <span class='ocrx_word' id='word_1_157' title='bbox 1275 1272 1409 1315; x_wconf 88' lang='lat' dir='ltr'><strong>fastos</strong></span> <span class='ocrx_word' id='word_1_158' title='bbox 1427 1305 1436 1328; x_wconf 80' lang='lat'><em>7</em></span> <span class='ocrx_word' id='word_1_159' title='bbox 1460 1276 1506 1314; x_wconf 91' lang='lat' dir='ltr'><strong>ut</strong></span> <span class='ocrx_word' id='word_1_160' title='bbox 1521 1272 1662 1328; x_wconf 89' lang='lat' dir='ltr'><strong>priore</strong></span> 
     </span>
     <span class='ocr_line' id='line_1_17' title="bbox 178 1339 1662 1398; baseline -0.003 -12"><span class='ocrx_word' id='word_1_161' title='bbox 178 1343 425 1398; x_wconf 81' lang='lat' dir='ltr'><strong>eclogarum</strong></span> <span class='ocrx_word' id='word_1_162' title='bbox 461 1340 647 1384; x_wconf 89' lang='lat' dir='ltr'><strong>editione</strong></span> <span class='ocrx_word' id='word_1_163' title='bbox 679 1340 884 1397; x_wconf 88' lang='lat' dir='ltr'><strong>Orellius)</strong></span> <span class='ocrx_word' id='word_1_164' title='bbox 902 1373 912 1396; x_wconf 89' lang='lat'>,</span> <span class='ocrx_word' id='word_1_165' title='bbox 934 1353 1020 1383; x_wconf 89' lang='lat' dir='ltr'><strong>non</strong></span> <span class='ocrx_word' id='word_1_166' title='bbox 1058 1339 1259 1383; x_wconf 86' lang='lat' dir='ltr'><strong>videntur</strong></span> <span class='ocrx_word' id='word_1_167' title='bbox 1283 1341 1540 1395; x_wconf 77' lang='lat' dir='ltr'><strong>¹meminisse</strong></span> <span class='ocrx_word' id='word_1_168' title='bbox 1578 1341 1662 1395; x_wconf 89' lang='lat' dir='ltr'><strong>gri-</strong></span> 
     </span>
     <span class='ocr_line' id='line_1_18' title="bbox 176 1408 1663 1468; baseline -0.001 -14"><span class='ocrx_word' id='word_1_169' title='bbox 176 1411 287 1468; x_wconf 87' lang='lat' dir='ltr'><strong>phos</strong></span> <span class='ocrx_word' id='word_1_170' title='bbox 317 1414 360 1454; x_wconf 90' lang='lat' dir='ltr'><strong>et</strong></span> <span class='ocrx_word' id='word_1_171' title='bbox 378 1409 692 1466; x_wconf 81' lang='lat' dir='ltr'><strong>implicationes</strong></span> <span class='ocrx_word' id='word_1_172' title='bbox 713 1409 941 1452; x_wconf 86' lang='lat' dir='ltr'><strong>verborum</strong></span> <span class='ocrx_word' id='word_1_173' title='bbox 962 1409 1016 1451; x_wconf 89' lang='lat' dir='ltr'><strong>ab</strong></span> <span class='ocrx_word' id='word_1_174' title='bbox 1039 1408 1162 1450; x_wconf 88' lang='lat' dir='ltr'><strong>huius</strong></span> <span class='ocrx_word' id='word_1_175' title='bbox 1189 1411 1344 1464; x_wconf 75' lang='lat' dir='ltr'><strong>poetae</strong></span> <span class='ocrx_word' id='word_1_176' title='bbox 1366 1409 1540 1463; x_wconf 88' lang='lat' dir='ltr'><strong>ingenio</strong></span> <span class='ocrx_word' id='word_1_177' title='bbox 1562 1409 1663 1452; x_wconf 89' lang='lat' dir='ltr'><strong>alie-</strong></span> 
     </span>
     <span class='ocr_line' id='line_1_19' title="bbox 178 1477 1664 1533; baseline -0.002 -11"><span class='ocrx_word' id='word_1_178' title='bbox 178 1492 260 1522; x_wconf 87' lang='lat' dir='ltr'><strong>nas</strong></span> <span class='ocrx_word' id='word_1_179' title='bbox 279 1491 376 1521; x_wconf 89' lang='lat' dir='ltr'><strong>esse</strong></span> <span class='ocrx_word' id='word_1_180' title='bbox 392 1510 403 1522; x_wconf 89' lang='lat'><strong><em>.</em></strong></span> <span class='ocrx_word' id='word_1_181' title='bbox 426 1490 528 1533; x_wconf 89' lang='lat' dir='ltr'><strong>ergo</strong></span> <span class='ocrx_word' id='word_1_182' title='bbox 550 1477 587 1520; x_wconf 90' lang='lat' dir='ltr'><strong>si</strong></span> <span class='ocrx_word' id='word_1_183' title='bbox 608 1478 865 1520; x_wconf 86' lang='lat' dir='ltr'><strong>vocabulum</strong></span> <span class='ocrx_word' id='word_1_184' title='bbox 882 1478 1066 1533; x_wconf 84' lang='lat' dir='ltr'><strong>simplex</strong></span> <span class='ocrx_word' id='word_1_185' title='bbox 1087 1481 1130 1519; x_wconf 90' lang='lat' dir='ltr'><strong>et</strong></span> <span class='ocrx_word' id='word_1_186' title='bbox 1149 1477 1211 1518; x_wconf 92' lang='lat' dir='ltr'><strong>rei</strong></span> <span class='ocrx_word' id='word_1_187' title='bbox 1230 1480 1514 1532; x_wconf 89' lang='lat' dir='ltr'><strong>opportunum</strong></span> <span class='ocrx_word' id='word_1_188' title='bbox 1535 1490 1664 1532; x_wconf 89' lang='lat' dir='ltr'><strong>quae-</strong></span> 
     </span>
     <span class='ocr_line' id='line_1_20' title="bbox 179 1545 1663 1602; baseline -0.001 -12"><span class='ocrx_word' id='word_1_189' title='bbox 179 1546 357 1590; x_wconf 86' lang='lat' dir='ltr'><strong>rendum</strong></span> <span class='ocrx_word' id='word_1_190' title='bbox 378 1549 470 1602; x_wconf 83' lang='lat' dir='ltr'><strong>est,</strong></span> <span class='ocrx_word' id='word_1_191' title='bbox 492 1545 621 1601; x_wconf 86' lang='lat' dir='ltr'><strong>mihi,</strong></span> <span class='ocrx_word' id='word_1_192' title='bbox 643 1550 690 1588; x_wconf 87' lang='lat' dir='ltr'><strong>ut</strong></span> <span class='ocrx_word' id='word_1_193' title='bbox 710 1555 827 1589; x_wconf 78' lang='lat' dir='ltr'><strong>aetas</strong></span> <span class='ocrx_word' id='word_1_194' title='bbox 848 1545 997 1588; x_wconf 71' lang='lat' dir='ltr'><strong>adulta</strong></span> <span class='ocrx_word' id='word_1_195' title='bbox 1014 1545 1195 1599; x_wconf 86' lang='lat' dir='ltr'><strong>dieitur,</strong></span> <span class='ocrx_word' id='word_1_196' title='bbox 1219 1545 1404 1599; x_wconf 86' lang='lat' dir='ltr'><strong>itemque</strong></span> <span class='ocrx_word' id='word_1_197' title='bbox 1425 1562 1497 1588; x_wconf 88' lang='lat' dir='ltr'><strong>ver</strong></span> <span class='ocrx_word' id='word_1_198' title='bbox 1519 1552 1560 1589; x_wconf 88' lang='lat' dir='ltr'><strong>et</strong></span> <span class='ocrx_word' id='word_1_199' title='bbox 1575 1563 1663 1589; x_wconf 81' lang='lat' dir='ltr'><strong>aes-</strong></span> 
     </span>
     <span class='ocr_line' id='line_1_21' title="bbox 179 1613 1665 1670; baseline -0.001 -12"><span class='ocrx_word' id='word_1_200' title='bbox 179 1624 245 1658; x_wconf 76' lang='lat' dir='ltr'><strong>tas</strong></span> <span class='ocrx_word' id='word_1_201' title='bbox 259 1648 270 1669; x_wconf 91' lang='lat'><em>7</em></span> <span class='ocrx_word' id='word_1_202' title='bbox 291 1615 354 1657; x_wconf 88' lang='lat' dir='ltr'><strong>ita</strong></span> <span class='ocrx_word' id='word_1_203' title='bbox 373 1627 458 1656; x_wconf 91' lang='lat' dir='ltr'><strong>non</strong></span> <span class='ocrx_word' id='word_1_204' title='bbox 481 1614 622 1657; x_wconf 91' lang='lat' dir='ltr'><strong>minus</strong></span> <span class='ocrx_word' id='word_1_205' title='bbox 643 1615 815 1670; x_wconf 88' lang='lat' dir='ltr'><strong>proprie</strong></span> <span class='ocrx_word' id='word_1_206' title='bbox 837 1614 1006 1658; x_wconf 86' lang='lat' dir='ltr'><strong>videtur</strong></span> <span class='ocrx_word' id='word_1_207' title='bbox 1024 1613 1106 1655; x_wconf 89' lang='lat' dir='ltr'><strong>dici</strong></span> <span class='ocrx_word' id='word_1_208' title='bbox 1128 1626 1257 1669; x_wconf 89' lang='lat' dir='ltr'><strong>posse</strong></span> <span class='ocrx_word' id='word_1_209' title='bbox 1273 1613 1514 1656; x_wconf 78' lang='lat' dir='ltr'><strong>Poenarum</strong></span> <span class='ocrx_word' id='word_1_210' title='bbox 1532 1631 1665 1670; x_wconf 57' lang='lat' dir='ltr'><strong>fyr-ave</strong></span> 
     </span>
     <span class='ocr_line' id='line_1_22' title="bbox 178 1681 1663 1739; baseline -0.001 -13"><span class='ocrx_word' id='word_1_211' title='bbox 178 1683 371 1727; x_wconf 75' lang='lat' dir='ltr'><strong>solvendi</strong></span> <span class='ocrx_word' id='word_1_212' title='bbox 402 1691 561 1739; x_wconf 78' lang='lat' dir='ltr'><strong>tempus</strong></span> <span class='ocrx_word' id='word_1_213' title='bbox 597 1697 832 1724; x_wconf 75' lang='lat' dir='ltr'>ADULTUM</span> <span class='ocrx_word' id='word_1_214' title='bbox 850 1715 860 1738; x_wconf 87' lang='lat'><em>7</em></span> <span class='ocrx_word' id='word_1_215' title='bbox 883 1681 1056 1737; x_wconf 92' lang='lat' dir='ltr'><strong>quando</strong></span> <span class='ocrx_word' id='word_1_216' title='bbox 1097 1686 1310 1724; x_wconf 88' lang='lat' dir='ltr'><strong>maturum</strong></span> <span class='ocrx_word' id='word_1_217' title='bbox 1350 1686 1392 1724; x_wconf 89' lang='lat' dir='ltr'><strong>et</strong></span> <span class='ocrx_word' id='word_1_218' title='bbox 1427 1682 1663 1737; x_wconf 87' lang='lat' dir='ltr'><strong>perfectum</strong></span> 
     </span>
     <span class='ocr_line' id='line_1_23' title="bbox 180 1749 1664 1807; baseline -0.002 -11"><span class='ocrx_word' id='word_1_219' title='bbox 180 1757 244 1796; x_wconf 89' lang='lat' dir='ltr'><strong>est</strong></span> <span class='ocrx_word' id='word_1_220' title='bbox 261 1783 271 1794; x_wconf 90' lang='lat'>.</span> <span class='ocrx_word' id='word_1_221' title='bbox 293 1751 374 1794; x_wconf 86' lang='lat' dir='ltr'><strong>hoe</strong></span> <span class='ocrx_word' id='word_1_222' title='bbox 404 1755 547 1794; x_wconf 89' lang='lat' dir='ltr'><strong>autem</strong></span> <span class='ocrx_word' id='word_1_223' title='bbox 578 1750 615 1794; x_wconf 89' lang='lat' dir='ltr'><strong>si</strong></span> <span class='ocrx_word' id='word_1_224' title='bbox 636 1750 898 1806; x_wconf 82' lang='lat' dir='ltr'><strong>probamus,</strong></span> <span class='ocrx_word' id='word_1_225' title='bbox 921 1749 1104 1807; x_wconf 80' lang='lat' dir='ltr'><strong>Nequod</strong></span> <span class='ocrx_word' id='word_1_226' title='bbox 1130 1750 1269 1792; x_wconf 89' lang='lat' dir='ltr'><strong>locum</strong></span> <span class='ocrx_word' id='word_1_227' title='bbox 1291 1764 1376 1792; x_wconf 91' lang='lat' dir='ltr'><strong>non</strong></span> <span class='ocrx_word' id='word_1_228' title='bbox 1408 1750 1563 1805; x_wconf 87' lang='lat' dir='ltr'><strong>habet,</strong></span> <span class='ocrx_word' id='word_1_229' title='bbox 1587 1750 1664 1793; x_wconf 89' lang='lat' dir='ltr'><strong>sed</strong></span> 
     </span>
     <span class='ocr_line' id='line_1_24' title="bbox 180 1821 410 1875; baseline -0.017 -11"><span class='ocrx_word' id='word_1_230' title='bbox 180 1821 382 1875; x_wconf 70' lang='lat' dir='ltr'><strong>NnQnrn</strong></span> <span class='ocrx_word' id='word_1_231' title='bbox 401 1851 410 1860; x_wconf 95' lang='lat'><strong><em>.</em></strong></span> 
     </span>
    </p>

    <p class='ocr_par' dir='ltr' id='par_1_3' title="bbox 179 1885 1711 2011">
     <span class='ocr_line' id='line_1_25' title="bbox 298 1885 1711 1938; baseline -0.001 -8"><span class='ocrx_word' id='word_1_232' title='bbox 298 1888 419 1931; x_wconf 89' lang='grc'><strong>1226.</strong></span> <span class='ocrx_word' id='word_1_233' title='bbox 452 1888 624 1931; x_wconf 62' lang='lat' dir='ltr'><strong>Summa</strong></span> <span class='ocrx_word' id='word_1_234' title='bbox 640 1901 791 1928; x_wconf 79' lang='lat' dir='ltr'>ETIAM</span> <span class='ocrx_word' id='word_1_235' title='bbox 811 1901 907 1928; x_wconf 79' lang='lat' dir='ltr'><strong>CUM</strong></span> <span class='ocrx_word' id='word_1_236' title='bbox 923 1901 1001 1928; x_wconf 78' lang='lat' dir='ltr'><strong>vrs</strong></span> <span class='ocrx_word' id='word_1_237' title='bbox 1020 1919 1030 1929; x_wconf 88' lang='lat'><strong><em>.</em></strong></span> <span class='ocrx_word' id='word_1_238' title='bbox 1054 1885 1301 1938; x_wconf 81' lang='lat' dir='ltr'><strong>Quadratus</strong></span> <span class='ocrx_word' id='word_1_239' title='bbox 1319 1886 1503 1930; x_wconf 74' lang='lat' dir='ltr'><strong>Summet</strong></span> <span class='ocrx_word' id='word_1_240' title='bbox 1520 1888 1641 1930; x_wconf 78' lang='lat' dir='ltr'><strong>etiam</strong></span> <span class='ocrx_word' id='word_1_241' title='bbox 1655 1920 1664 1928; x_wconf 94' lang='lat'><strong>.</strong></span> <span class='ocrx_word' id='word_1_242' title='bbox 1707 1926 1711 1929; x_wconf 91' lang='lat'>.</span> 
     </span>
     <span class='ocr_line' id='line_1_26' title="bbox 179 1954 1664 2011; baseline -0.001 -12"><span class='ocrx_word' id='word_1_243' title='bbox 179 1957 386 1999; x_wconf 83' lang='lat' dir='ltr'><strong>Marullus</strong></span> <span class='ocrx_word' id='word_1_244' title='bbox 402 1955 575 1998; x_wconf 77' lang='lat' dir='ltr'><strong>SUMMA</strong></span> <span class='ocrx_word' id='word_1_245' title='bbox 594 1988 603 1998; x_wconf 87' lang='lat'><em>.</em></span> <span class='ocrx_word' id='word_1_246' title='bbox 626 1968 754 1999; x_wconf 82' lang='lat' dir='ltr'><strong>versu</strong></span> <span class='ocrx_word' id='word_1_247' title='bbox 775 1956 970 2011; x_wconf 86' lang='lat' dir='ltr'><strong>proximo</strong></span> <span class='ocrx_word' id='word_1_248' title='bbox 988 1955 1200 2008; x_wconf 82' lang='lat' dir='ltr'><strong>oblongus</strong></span> <span class='ocrx_word' id='word_1_249' title='bbox 1216 1954 1375 1997; x_wconf 77' lang='lat' dir='ltr'><strong>clausis</strong></span> <span class='ocrx_word' id='word_1_250' title='bbox 1391 1968 1470 2010; x_wconf 88' lang='lat' dir='ltr'><strong>pro</strong></span> <span class='ocrx_word' id='word_1_251' title='bbox 1492 1956 1642 1997; x_wconf 79' lang='lat' dir='ltr'><strong>elassis</strong></span> <span class='ocrx_word' id='word_1_252' title='bbox 1655 1988 1664 1998; x_wconf 91' lang='lat'><strong>.</strong></span> 
     </span>
    </p>

    <p class='ocr_par' dir='ltr' id='par_1_4' title="bbox 181 2023 1667 2149">
     <span class='ocr_line' id='line_1_27' title="bbox 297 2023 1667 2071; baseline -0.001 -4"><span class='ocrx_word' id='word_1_253' title='bbox 297 2025 420 2067; x_wconf 83' lang='lat'>1229.</span> <span class='ocrx_word' id='word_1_254' title='bbox 448 2038 593 2066; x_wconf 77' lang='lat' dir='ltr'><strong>vo&#39;rrs</strong></span> <span class='ocrx_word' id='word_1_255' title='bbox 624 2038 775 2064; x_wconf 71' lang='lat' dir='ltr'><strong>Anx‘rA</strong></span> <span class='ocrx_word' id='word_1_256' title='bbox 809 2037 965 2071; x_wconf 76' lang='lat' dir='ltr'>PREQE</span> <span class='ocrx_word' id='word_1_257' title='bbox 995 2037 1202 2069; x_wconf 79' lang='lat' dir='ltr'><strong>QUESIT.</strong></span> <span class='ocrx_word' id='word_1_258' title='bbox 1226 2023 1436 2064; x_wconf 88' lang='lat' dir='ltr'><strong>Antonius</strong></span> <span class='ocrx_word' id='word_1_259' title='bbox 1470 2024 1592 2066; x_wconf 87' lang='lat' dir='ltr'><strong>Marii</strong></span> <span class='ocrx_word' id='word_1_260' title='bbox 1626 2029 1667 2066; x_wconf 85' lang='lat' dir='ltr'><strong>et</strong></span> 
     </span>
     <span class='ocr_line' id='line_1_28' title="bbox 181 2090 1666 2149; baseline -0.002 -13"><span class='ocrx_word' id='word_1_261' title='bbox 181 2092 388 2136; x_wconf 85' lang='lat' dir='ltr'><strong>Marullus</strong></span> <span class='ocrx_word' id='word_1_262' title='bbox 410 2091 501 2134; x_wconf 74' lang='lat' dir='ltr'><strong>adit</strong></span> <span class='ocrx_word' id='word_1_263' title='bbox 521 2106 578 2133; x_wconf 74' lang='lat' dir='ltr'><strong>Ac</strong></span> <span class='ocrx_word' id='word_1_264' title='bbox 591 2108 720 2149; x_wconf 79' lang='lat' dir='ltr'><strong>prece</strong></span> <span class='ocrx_word' id='word_1_265' title='bbox 738 2124 747 2133; x_wconf 90' lang='lat'><strong>.</strong></span> <span class='ocrx_word' id='word_1_266' title='bbox 770 2092 1009 2146; x_wconf 86' lang='lat' dir='ltr'><strong>quadratus</strong></span> <span class='ocrx_word' id='word_1_267' title='bbox 1026 2108 1179 2148; x_wconf 79' lang='lat' dir='ltr'><strong>praece</strong></span> <span class='ocrx_word' id='word_1_268' title='bbox 1194 2125 1205 2146; x_wconf 90' lang='lat'><em>7</em></span> <span class='ocrx_word' id='word_1_269' title='bbox 1227 2091 1343 2146; x_wconf 88' lang='lat' dir='ltr'><strong>quod</strong></span> <span class='ocrx_word' id='word_1_270' title='bbox 1371 2090 1666 2145; x_wconf 87' lang='lat' dir='ltr'><strong>frequentissi-</strong></span> 
     </span>
    </p>

    <p class='ocr_par' dir='ltr' id='par_1_5' title="bbox 156 2159 1669 2683">
     <span class='ocr_line' id='line_1_29' title="bbox 156 2159 1667 2214; baseline -0.001 -10"><span class='ocrx_word' id='word_1_271' title='bbox 156 2174 296 2209; x_wconf 73' lang='lat' dir='ltr'><strong>,mum</strong></span> <span class='ocrx_word' id='word_1_272' title='bbox 326 2159 543 2202; x_wconf 90' lang='lat' dir='ltr'><strong>scribendi</strong></span> <span class='ocrx_word' id='word_1_273' title='bbox 575 2173 713 2214; x_wconf 85' lang='lat' dir='ltr'><strong>genus</strong></span> <span class='ocrx_word' id='word_1_274' title='bbox 744 2164 810 2202; x_wconf 89' lang='lat' dir='ltr'><strong>est</strong></span> <span class='ocrx_word' id='word_1_275' title='bbox 840 2160 882 2202; x_wconf 90' lang='lat' dir='ltr'><strong>in</strong></span> <span class='ocrx_word' id='word_1_276' title='bbox 919 2160 1040 2203; x_wconf 88' lang='lat' dir='ltr'><strong>libris</strong></span> <span class='ocrx_word' id='word_1_277' title='bbox 1071 2173 1183 2202; x_wconf 92' lang='lat' dir='ltr'><strong>nono</strong></span> <span class='ocrx_word' id='word_1_278' title='bbox 1215 2159 1387 2202; x_wconf 84' lang='lat' dir='ltr'><strong>saeculo</strong></span> <span class='ocrx_word' id='word_1_279' title='bbox 1420 2160 1667 2214; x_wconf 84' lang='lat' dir='ltr'><strong>antiquiori-</strong></span> 
     </span>
     <span class='ocr_line' id='line_1_30' title="bbox 181 2227 1666 2286; baseline 0 -15"><span class='ocrx_word' id='word_1_280' title='bbox 181 2229 261 2272; x_wconf 88' lang='lat' dir='ltr'><strong>bus</strong></span> <span class='ocrx_word' id='word_1_281' title='bbox 277 2261 289 2284; x_wconf 87' lang='lat'>,</span> <span class='ocrx_word' id='word_1_282' title='bbox 321 2234 368 2271; x_wconf 88' lang='lat' dir='ltr'><strong>ut</strong></span> <span class='ocrx_word' id='word_1_283' title='bbox 392 2229 605 2286; x_wconf 76' lang='lat' dir='ltr'><strong>praetium</strong></span> <span class='ocrx_word' id='word_1_284' title='bbox 620 2261 631 2282; x_wconf 92' lang='lat'><em>7</em></span> <span class='ocrx_word' id='word_1_285' title='bbox 650 2244 874 2285; x_wconf 77' lang='lat' dir='ltr'><strong>praemere</strong></span> <span class='ocrx_word' id='word_1_286' title='bbox 890 2261 899 2279; x_wconf 94' lang='lat'>‚</span> <span class='ocrx_word' id='word_1_287' title='bbox 926 2244 1105 2285; x_wconf 66' lang='lat' dir='ltr'><strong>9raeyes</strong></span> <span class='ocrx_word' id='word_1_288' title='bbox 1123 2262 1133 2279; x_wconf 76' lang='lat'><em>7</em></span> <span class='ocrx_word' id='word_1_289' title='bbox 1165 2228 1312 2270; x_wconf 71' lang='lat' dir='ltr'><strong>baeles</strong></span> <span class='ocrx_word' id='word_1_290' title='bbox 1327 2261 1339 2282; x_wconf 98' lang='lat'><em>7</em></span> <span class='ocrx_word' id='word_1_291' title='bbox 1369 2227 1666 2282; x_wconf 74' lang='lat' dir='ltr'><strong>adcaelerare,</strong></span> 
     </span>
     <span class='ocr_line' id='line_1_31' title="bbox 181 2295 1666 2353; baseline -0.001 -14"><span class='ocrx_word' id='word_1_292' title='bbox 181 2297 455 2351; x_wconf 76' lang='lat' dir='ltr'><strong>Paedianus,</strong></span> <span class='ocrx_word' id='word_1_293' title='bbox 478 2296 680 2353; x_wconf 79' lang='lat' dir='ltr'><strong>aepulari</strong></span> <span class='ocrx_word' id='word_1_294' title='bbox 695 2329 707 2350; x_wconf 93' lang='lat'><em>7</em></span> <span class='ocrx_word' id='word_1_295' title='bbox 738 2295 904 2338; x_wconf 77' lang='lat' dir='ltr'><strong>caecidi</strong></span> <span class='ocrx_word' id='word_1_296' title='bbox 915 2328 926 2350; x_wconf 85' lang='lat'><em>7</em></span> <span class='ocrx_word' id='word_1_297' title='bbox 954 2295 1172 2352; x_wconf 78' lang='lat' dir='ltr'><strong>quaerella</strong></span> <span class='ocrx_word' id='word_1_298' title='bbox 1186 2329 1198 2350; x_wconf 90' lang='lat'><em>7</em></span> <span class='ocrx_word' id='word_1_299' title='bbox 1225 2297 1477 2352; x_wconf 78' lang='lat' dir='ltr'><strong>vaepreoula</strong></span> <span class='ocrx_word' id='word_1_300' title='bbox 1497 2329 1508 2350; x_wconf 91' lang='lat'><em>7</em></span> <span class='ocrx_word' id='word_1_301' title='bbox 1540 2298 1666 2339; x_wconf 72' lang='lat' dir='ltr'><strong>incer-</strong></span> 
     </span>
     <span class='ocr_line' id='line_1_32' title="bbox 176 2364 1666 2422; baseline -0.001 -14"><span class='ocrx_word' id='word_1_302' title='bbox 176 2366 398 2422; x_wconf 71' lang='lat' dir='ltr'><strong>praecari,</strong></span> <span class='ocrx_word' id='word_1_303' title='bbox 413 2365 588 2421; x_wconf 70' lang='lat' dir='ltr'><strong>piaetas</strong></span> <span class='ocrx_word' id='word_1_304' title='bbox 602 2397 613 2419; x_wconf 94' lang='lat'><em>7</em></span> <span class='ocrx_word' id='word_1_305' title='bbox 641 2364 845 2406; x_wconf 78' lang='lat' dir='ltr'><strong>sociaetas</strong></span> <span class='ocrx_word' id='word_1_306' title='bbox 859 2397 871 2418; x_wconf 92' lang='lat'><em>7</em></span> <span class='ocrx_word' id='word_1_307' title='bbox 893 2364 994 2407; x_wconf 89' lang='lat' dir='ltr'><strong>item</strong></span> <span class='ocrx_word' id='word_1_308' title='bbox 1021 2364 1202 2420; x_wconf 76' lang='lat' dir='ltr'><strong>plaenus</strong></span> <span class='ocrx_word' id='word_1_309' title='bbox 1217 2397 1229 2419; x_wconf 90' lang='lat'><em>7</em></span> <span class='ocrx_word' id='word_1_310' title='bbox 1257 2365 1451 2407; x_wconf 78' lang='lat' dir='ltr'><strong>aliaenus</strong></span> <span class='ocrx_word' id='word_1_311' title='bbox 1466 2398 1477 2419; x_wconf 95' lang='lat'><em>7</em></span> <span class='ocrx_word' id='word_1_312' title='bbox 1505 2364 1639 2407; x_wconf 77' lang='lat' dir='ltr'><strong>raeda</strong></span> <span class='ocrx_word' id='word_1_313' title='bbox 1655 2397 1666 2418; x_wconf 92' lang='lat'><em>7</em></span> 
     </span>
     <span class='ocr_line' id='line_1_33' title="bbox 182 2432 1669 2490; baseline -0.001 -14"><span class='ocrx_word' id='word_1_314' title='bbox 182 2433 462 2476; x_wconf 78' lang='lat' dir='ltr'><strong>laenocinium</strong></span> <span class='ocrx_word' id='word_1_315' title='bbox 477 2466 489 2487; x_wconf 91' lang='lat'><em>7</em></span> <span class='ocrx_word' id='word_1_316' title='bbox 507 2432 783 2490; x_wconf 83' lang='lat' dir='ltr'><strong>plaerumque</strong></span> <span class='ocrx_word' id='word_1_317' title='bbox 799 2465 810 2486; x_wconf 91' lang='lat'><em>7</em></span> <span class='ocrx_word' id='word_1_318' title='bbox 832 2445 945 2486; x_wconf 88' lang='lat' dir='ltr'><strong>quae</strong></span> <span class='ocrx_word' id='word_1_319' title='bbox 966 2432 1127 2474; x_wconf 84' lang='lat' dir='ltr'><strong>indicio</strong></span> <span class='ocrx_word' id='word_1_320' title='bbox 1159 2437 1258 2475; x_wconf 86' lang='lat' dir='ltr'><strong>sunt</strong></span> <span class='ocrx_word' id='word_1_321' title='bbox 1278 2433 1384 2475; x_wconf 84' lang='lat' dir='ltr'><strong>haee</strong></span> <span class='ocrx_word' id='word_1_322' title='bbox 1415 2433 1628 2475; x_wconf 84' lang='lat' dir='ltr'><strong>vocabula</strong></span> <span class='ocrx_word' id='word_1_323' title='bbox 1649 2449 1669 2475; x_wconf 90' lang='lat' dir='ltr'><strong>e</strong></span> 
     </span>
     <span class='ocr_line' id='line_1_34' title="bbox 183 2499 1668 2556; baseline -0.001 -13"><span class='ocrx_word' id='word_1_324' title='bbox 183 2504 358 2556; x_wconf 86' lang='lat' dir='ltr'><strong>aperto,</strong></span> <span class='ocrx_word' id='word_1_325' title='bbox 381 2500 496 2556; x_wconf 91' lang='lat' dir='ltr'><strong>quod</strong></span> <span class='ocrx_word' id='word_1_326' title='bbox 526 2500 625 2543; x_wconf 88' lang='lat' dir='ltr'><strong>Itali</strong></span> <span class='ocrx_word' id='word_1_327' title='bbox 656 2499 830 2554; x_wconf 89' lang='lat' dir='ltr'><strong>dicunt,</strong></span> <span class='ocrx_word' id='word_1_328' title='bbox 853 2500 1117 2556; x_wconf 89' lang='lat' dir='ltr'><strong>proferenda</strong></span> <span class='ocrx_word' id='word_1_329' title='bbox 1136 2514 1231 2544; x_wconf 89' lang='lat' dir='ltr'><strong>esse</strong></span> <span class='ocrx_word' id='word_1_330' title='bbox 1250 2533 1259 2542; x_wconf 93' lang='lat'>.</span> <span class='ocrx_word' id='word_1_331' title='bbox 1283 2501 1363 2543; x_wconf 90' lang='lat' dir='ltr'><strong>hoc</strong></span> <span class='ocrx_word' id='word_1_332' title='bbox 1384 2505 1534 2556; x_wconf 88' lang='lat' dir='ltr'><strong>aperto</strong></span> <span class='ocrx_word' id='word_1_333' title='bbox 1562 2513 1668 2543; x_wconf 91' lang='lat' dir='ltr'><strong>sono</strong></span> 
     </span>
     <span class='ocr_line' id='line_1_35' title="bbox 183 2568 1669 2625; baseline 0 -15"><span class='ocrx_word' id='word_1_334' title='bbox 183 2569 268 2610; x_wconf 90' lang='lat' dir='ltr'><strong>ruri</strong></span> <span class='ocrx_word' id='word_1_335' title='bbox 305 2568 506 2612; x_wconf 86' lang='lat' dir='ltr'><strong>dicebant</strong></span> <span class='ocrx_word' id='word_1_336' title='bbox 526 2577 676 2624; x_wconf 77' lang='lat' dir='ltr'><strong>pretor</strong></span> <span class='ocrx_word' id='word_1_337' title='bbox 711 2581 796 2622; x_wconf 91' lang='lat' dir='ltr'><strong>quo</strong></span> <span class='ocrx_word' id='word_1_338' title='bbox 835 2574 1026 2625; x_wconf 90' lang='lat' dir='ltr'><strong>tempore</strong></span> <span class='ocrx_word' id='word_1_339' title='bbox 1064 2570 1108 2611; x_wconf 92' lang='lat' dir='ltr'><strong>in</strong></span> <span class='ocrx_word' id='word_1_340' title='bbox 1145 2570 1251 2613; x_wconf 91' lang='lat' dir='ltr'><strong>urbe</strong></span> <span class='ocrx_word' id='word_1_341' title='bbox 1291 2586 1341 2612; x_wconf 87' lang='lat' dir='ltr'><strong>ae</strong></span> <span class='ocrx_word' id='word_1_342' title='bbox 1378 2569 1669 2625; x_wconf 87' lang='lat' dir='ltr'><strong>diphthongus</strong></span> 
     </span>
     <span class='ocr_line' id='line_1_36' title="bbox 186 2635 794 2683; baseline 0.002 -6"><span class='ocrx_word' id='word_1_343' title='bbox 186 2635 327 2678; x_wconf 88' lang='lat' dir='ltr'><strong>audiri</strong></span> <span class='ocrx_word' id='word_1_344' title='bbox 358 2636 550 2679; x_wconf 88' lang='lat' dir='ltr'><strong>nondum</strong></span> <span class='ocrx_word' id='word_1_345' title='bbox 581 2636 794 2683; x_wconf 86' lang='lat' dir='ltr'><strong>desierat.</strong></span> 
     </span>
    </p>

    <p class='ocr_par' dir='ltr' id='par_1_6' title="bbox 184 2703 1671 3018">
     <span class='ocr_line' id='line_1_37' title="bbox 301 2703 1670 2748; baseline 0.001 -5"><span class='ocrx_word' id='word_1_346' title='bbox 301 2703 424 2746; x_wconf 85' lang='grc'><strong>1230.</strong></span> <span class='ocrx_word' id='word_1_347' title='bbox 456 2704 736 2746; x_wconf 69' lang='lat' dir='ltr'><strong>Vnsronum</strong></span> <span class='ocrx_word' id='word_1_348' title='bbox 766 2718 984 2745; x_wconf 72' lang='lat' dir='ltr'><strong>rAvmus</strong></span> <span class='ocrx_word' id='word_1_349' title='bbox 1015 2719 1173 2746; x_wconf 58' lang='lat' dir='ltr'><strong>miens</strong></span> <span class='ocrx_word' id='word_1_350' title='bbox 1191 2736 1202 2747; x_wconf 88' lang='lat'><strong>.</strong></span> <span class='ocrx_word' id='word_1_351' title='bbox 1224 2706 1289 2748; x_wconf 93' lang='lat' dir='ltr'><strong>De</strong></span> <span class='ocrx_word' id='word_1_352' title='bbox 1308 2705 1388 2748; x_wconf 86' lang='lat' dir='ltr'><strong>hoe</strong></span> <span class='ocrx_word' id='word_1_353' title='bbox 1409 2718 1536 2748; x_wconf 84' lang='lat' dir='ltr'><strong>versu</strong></span> <span class='ocrx_word' id='word_1_354' title='bbox 1558 2704 1670 2746; x_wconf 91' lang='lat' dir='ltr'><strong>idem</strong></span> 
     </span>
     <span class='ocr_line' id='line_1_38' title="bbox 185 2770 1669 2826; baseline 0.001 -14"><span class='ocrx_word' id='word_1_355' title='bbox 185 2770 412 2812; x_wconf 89' lang='lat' dir='ltr'><strong>dicendum</strong></span> <span class='ocrx_word' id='word_1_356' title='bbox 435 2775 500 2813; x_wconf 87' lang='lat' dir='ltr'><strong>est</strong></span> <span class='ocrx_word' id='word_1_357' title='bbox 529 2771 644 2825; x_wconf 91' lang='lat' dir='ltr'><strong>quod</strong></span> <span class='ocrx_word' id='word_1_358' title='bbox 668 2784 800 2826; x_wconf 91' lang='lat' dir='ltr'><strong>supra</strong></span> <span class='ocrx_word' id='word_1_359' title='bbox 831 2771 918 2813; x_wconf 86' lang='lat' dir='ltr'><strong>dixi</strong></span> <span class='ocrx_word' id='word_1_360' title='bbox 950 2772 1004 2815; x_wconf 89' lang='lat' dir='ltr'><strong>de</strong></span> <span class='ocrx_word' id='word_1_361' title='bbox 1030 2774 1135 2815; x_wconf 88' lang='lat'>1031</span> <span class='ocrx_word' id='word_1_362' title='bbox 1166 2772 1262 2814; x_wconf 86' lang='lat' dir='ltr'><strong>libri</strong></span> <span class='ocrx_word' id='word_1_363' title='bbox 1293 2773 1435 2815; x_wconf 87' lang='lat' dir='ltr'><strong>tertii.</strong></span> <span class='ocrx_word' id='word_1_364' title='bbox 1456 2785 1555 2814; x_wconf 89' lang='lat' dir='ltr'><strong>nam</strong></span> <span class='ocrx_word' id='word_1_365' title='bbox 1576 2788 1669 2814; x_wconf 73' lang='lat' dir='ltr'><strong>ven-</strong></span> 
     </span>
     <span class='ocr_line' id='line_1_39' title="bbox 184 2838 1671 2896; baseline 0.001 -16"><span class='ocrx_word' id='word_1_366' title='bbox 184 2846 319 2880; x_wconf 81' lang='lat' dir='ltr'><strong>torum</strong></span> <span class='ocrx_word' id='word_1_367' title='bbox 345 2854 473 2894; x_wconf 78' lang='lat' dir='ltr'><strong>paces</strong></span> <span class='ocrx_word' id='word_1_368' title='bbox 505 2838 768 2893; x_wconf 88' lang='lat' dir='ltr'><strong>ineptissime</strong></span> <span class='ocrx_word' id='word_1_369' title='bbox 805 2838 1073 2882; x_wconf 88' lang='lat' dir='ltr'><strong>subiciuntur</strong></span> <span class='ocrx_word' id='word_1_370' title='bbox 1102 2841 1240 2882; x_wconf 76' lang='lat' dir='ltr'><strong>divom</strong></span> <span class='ocrx_word' id='word_1_371' title='bbox 1267 2841 1392 2896; x_wconf 77' lang='lat' dir='ltr'><strong>paci,</strong></span> <span class='ocrx_word' id='word_1_372' title='bbox 1415 2853 1502 2894; x_wconf 90' lang='lat' dir='ltr'><strong>qua</strong></span> <span class='ocrx_word' id='word_1_373' title='bbox 1538 2840 1671 2894; x_wconf 90' lang='lat' dir='ltr'><strong>signi-</strong></span> 
     </span>
     <span class='ocr_line' id='line_1_40' title="bbox 184 2905 1671 2964; baseline 0.001 -16"><span class='ocrx_word' id='word_1_374' title='bbox 184 2905 334 2948; x_wconf 88' lang='lat' dir='ltr'><strong>ficatur</strong></span> <span class='ocrx_word' id='word_1_375' title='bbox 363 2910 520 2961; x_wconf 86' lang='lat' dir='ltr'><strong>pacata</strong></span> <span class='ocrx_word' id='word_1_376' title='bbox 556 2906 733 2949; x_wconf 89' lang='lat' dir='ltr'><strong>deorum</strong></span> <span class='ocrx_word' id='word_1_377' title='bbox 770 2905 896 2948; x_wconf 87' lang='lat' dir='ltr'><strong>sedes</strong></span> <span class='ocrx_word' id='word_1_378' title='bbox 916 2938 925 2948; x_wconf 88' lang='lat'><em>.</em></span> <span class='ocrx_word' id='word_1_379' title='bbox 948 2907 1004 2949; x_wconf 86' lang='lat' dir='ltr'><strong>ad</strong></span> <span class='ocrx_word' id='word_1_380' title='bbox 1043 2909 1205 2964; x_wconf 77' lang='lat' dir='ltr'><strong>quaesit</strong></span> <span class='ocrx_word' id='word_1_381' title='bbox 1241 2912 1382 2950; x_wconf 86' lang='lat' dir='ltr'><strong>autem</strong></span> <span class='ocrx_word' id='word_1_382' title='bbox 1420 2912 1561 2950; x_wconf 89' lang='lat' dir='ltr'><strong>mente</strong></span> <span class='ocrx_word' id='word_1_383' title='bbox 1597 2907 1671 2950; x_wconf 86' lang='lat' dir='ltr'><strong>ad-</strong></span> 
     </span>
     <span class='ocr_line' id='line_1_41' title="bbox 184 2974 594 3018; baseline -0.005 0"><span class='ocrx_word' id='word_1_384' title='bbox 184 2974 375 3018; x_wconf 88' lang='lat' dir='ltr'><strong>dendum</strong></span> <span class='ocrx_word' id='word_1_385' title='bbox 404 2978 470 3017; x_wconf 90' lang='lat' dir='ltr'><strong>est</strong></span> <span class='ocrx_word' id='word_1_386' title='bbox 500 2990 567 3016; x_wconf 82' lang='lat' dir='ltr'><strong>eos</strong></span> <span class='ocrx_word' id='word_1_387' title='bbox 584 3006 594 3016; x_wconf 90' lang='lat'><strong>.</strong></span> 
     </span>
    </p>
   </div>
   <div class='ocr_carea' id='block_1_3' title="bbox 1311 3044 1405 3087">
    <p class='ocr_par' dir='ltr' id='par_1_7' title="bbox 1311 3044 1405 3087">
     <span class='ocr_line' id='line_1_42' title="bbox 1311 3044 1405 3087; baseline 0 0"><span class='ocrx_word' id='word_1_388' title='bbox 1311 3044 1405 3087; x_wconf 77' lang='lat'><strong>22*</strong></span> 
     </span>
    </p>
   </div>
  </div>
 </body>
</html>
