2040 3328
430 250 485 291 34
1145 251 1165 293 I

541 360 636 403 313.
694 375 853 412 Uncus
884 375 1067 404 AnArm
1095 363 1324 404 FERREUS
1356 376 1577 406 occun'rn
1607 378 1874 405 DECRESCIT

430 441 594 469 VOMER
623 442 670 467 IN
700 442 845 469 ARVIS
871 462 880 471 .
911 430 987 471 His
1018 430 1145 471 utitur
1174 428 1361 471 Isidorus
1392 430 1435 471 in
1466 432 1674 484 originum
1693 446 1776 482 xX,
1800 432 1874 473 14:

430 495 614 548 quinque
645 495 791 536 ultima
820 496 1027 536 vocabula
1057 495 1183 536 habet
1213 495 1380 536 Servius
1411 497 1466 538 ad
1497 499 1724 550 georgicon
1745 513 1772 548 1,
1792 498 1873 551 46,

430 565 626 614 quattuor
647 561 793 602 ultima
813 562 1108 613 grammaticus
1130 562 1172 602 in
1193 561 1336 603 libello
1359 561 1410 604 de
1427 564 1651 616 generibus
1667 565 1720 606 ab
1737 564 1875 618 Haup-

429 628 487 668 tio
518 627 628 668 edito
660 641 700 680 p.
723 628 828 679 103,
851 628 901 668 21
923 661 932 681 ,
965 641 1131 670 versum
1161 628 1214 670 ab
1247 628 1310 670 his
1331 629 1567 682 proximum
1588 629 1776 671 Isidorus
1798 630 1875 671 ori-

430 694 576 747 ginum
595 707 651 733 xv
669 726 678 743 ‚
704 694 780 746 16,
803 695 828 736 6
852 727 860 736 .
883 695 925 736 in
947 695 1010 736 his
1034 694 1203 736 Servius
1225 699 1266 737 et
1286 695 1474 737 Isidorus
1500 697 1653 738 occulto
1679 697 1724 737 in
1749 711 1849 738 arvo
1864 728 1875 750 ,

430 761 729 814 grammaticus
751 761 823 802 ille
844 763 888 802 in
909 762 1023 803 arvis
1048 793 1057 802 .
1087 761 1162 803 sed
1182 761 1371 803 Isidorus
1393 762 1436 802 in
1457 776 1514 802 xx
1535 762 1714 803 Lucretii
1735 762 1876 805 verbis

430 826 535 868 haee
555 827 731 880 subicit,
761 829 963 882 sumitque
989 829 1102 879 (sive
1128 829 1404 884 sumpsitque)
1420 845 1503 884 per
1529 829 1770 870 detrimenta
1781 828 1877 884 ful-

426 909 593 948 florem,
630 906 762 947 eaque
794 893 966 935 totidem
1003 895 1143 936 verbis
1180 895 1233 936 ab
1265 895 1462 937 Hrabano
1493 895 1637 937 Mauro
1669 894 1879 949 descripta

430 973 524 1002 esse
555 973 687 1014 nuper
717 961 920 1001 indicavit
944 962 1065 1013 Hugo
1087 961 1350 1003 Purmannus
1382 962 1424 1002 in
1453 961 1760 1003 Schneidewini
1783 961 1877 1003 Phi-

429 1027 572 1079 lologo
594 1040 634 1080 p.
653 1027 706 1068 74
733 1027 832 1067 tomi
861 1028 1000 1068 tertii.
1028 1028 1071 1068 in
1098 1028 1261 1069 Isidoro
1293 1029 1391 1069 olim
1420 1029 1546 1080 vulgo
1574 1028 1791 1070 ferebatur
1816 1029 1878 1069 m·-

430 1102 555 1134 torem
564 1109 578 1146 ,-
607 1094 719 1134 unde
740 1094 880 1134 exorsi
908 1093 990 1134 duo
1022 1093 1212 1135 homines
1243 1094 1472 1136 doctissimi
1503 1094 1644 1136 nescio
1675 1107 1760 1147 qua
1788 1094 1878 1135 libi-

430 1160 528 1201 dine
559 1172 705 1201 versus
738 1159 1047 1213 procuderunt,
1076 1160 1183 1202 alter
1205 1161 1520 1214 foedissimum,
1548 1160 1760 1216 sumitque
1779 1176 1878 1202 sem-

426 1242 502 1282 per
528 1242 605 1281 per
635 1226 877 1268 detrimenta
906 1228 1103 1280 nitorem,
1135 1229 1242 1269 alter
1262 1229 1448 1281 Vergilio
1470 1227 1581 1269 male
1601 1240 1702 1268 usus
1732 1239 1878 1281 parum

429 1294 665 1347 elegantem
681 1325 689 1346 ,
714 1293 925 1348 Sumz'tque
941 1295 1107 1335 attritus
1118 1310 1195 1349 per
1211 1295 1451 1336 detrimenta
1466 1296 1637 1335 nitorem
1655 1326 1664 1335 .
1686 1293 1879 1347 equidem

429 1361 685 1414 Seminaque
716 1358 926 1413 floresque
955 1360 1115 1413 ingenii
1143 1361 1408 1414 Lucretiani,
1438 1361 1509 1402 ubi
1540 1361 1640 1414 quid
1671 1374 1724 1403 ex
1753 1373 1879 1416 opere

430 1427 657 1478 exciderit,
689 1427 875 1480 recipere
906 1428 939 1469 si
970 1427 1152 1481 possim,
1176 1427 1277 1468 mihi
1299 1441 1402 1469 sane
1433 1428 1645 1481 gratuler,
1677 1427 1752 1469 sed
1773 1428 1880 1482 Lap-

430 1507 594 1550 paeque
623 1493 846 1546 tribolique
877 1494 1018 1536 absint
1039 1509 1048 1535 t
1079 1506 1175 1534 nam
1207 1494 1285 1535 iste
1306 1494 1415 1536 nitor
1435 1494 1618 1536 vomeris
1639 1493 1706 1536 hic
1726 1494 1881 1536 frustra

430 1563 607 1614 emicat,
640 1573 732 1602 cum
753 1564 880 1615 po'eta
901 1573 984 1601 non
1007 1560 1216 1602 describat
1237 1561 1530 1615 splendentia,
1563 1560 1636 1602 sed
1669 1574 1778 1616 quae
1806 1561 1880 1602 mi-

431 1633 613 1670 nuantur
642 1627 811 1668 attritu.

539 1695 634 1737 321.
678 1708 994 1735 PRAECLUSET
1025 1708 1238 1734 SPECIEM
1267 1708 1465 1736 NATURA
1495 1709 1703 1735 VIDENDI
1727 1727 1737 1737 .
1784 1695 1880 1737 Gor-

430 1766 564 1804 rector
581 1761 751 1814 oblongi
767 1776 860 1802 PRA
874 1776 1077 1802 Eczosm
1094 1794 1103 1804 .
1129 1761 1204 1803 sed
1227 1764 1402 1817 speciem
1423 1761 1597 1803 videndi
1611 1762 1770 1803 nullam
1787 1774 1881 1804 esse

430 1841 567 1883 neque
588 1841 682 1870 esse
702 1842 827 1883 posse
851 1829 1060 1870 Bentleius
1082 1833 1123 1870 et
1143 1829 1429 1870 Wakefieldus
1449 1828 1768 1883 intellexerunt,
1798 1828 1881 1870 nisi

431 1896 544 1951 quod
577 1909 603 1937 a
635 1909 736 1937 vera
767 1896 1021 1937 emendandi
1043 1896 1204 1937 ratione
1226 1895 1322 1937 ideo
1344 1896 1615 1949 aberrarunt,
1646 1894 1760 1948 quod
1788 1894 1883 1936 huic

430 1968 582 2019 poetae
613 1963 928 2016 simplicissima
948 1975 1140 2015 quaeque
1162 1966 1203 2004 et
1222 1963 1283 2003 rei
1305 1961 1742 2004 accommodatissima
1761 1962 1882 2003 unice

431 2032 658 2074 convenire
688 2042 772 2071 non
803 2029 907 2070 satis
937 2033 1267 2083 perspexerant.
1289 2029 1429 2081 itaque
1458 2029 1500 2070 in
1524 2029 1602 2070 hoc
1622 2041 1746 2071 versu
1776 2027 1881 2068 nihil

430 2097 545 2139 aliud
575 2098 716 2139 inesse
745 2096 907 2150 potuit,
949 2097 1028 2137 nisi
1059 2101 1252 2137 naturam
1283 2097 1405 2137 nobis
1435 2095 1608 2138 videndi
1631 2094 1882 2150 facultatem

430 2178 512 2206 non
543 2164 766 2206 tribuisse:
798 2163 873 2204 sed
895 2167 1050 2216 poeta,
1083 2176 1174 2204 cum
1187 2163 1497 2218 praecludenda·
1512 2162 1718 2204 vocabulo
1747 2164 1880 2203 utere-

430 2236 522 2284 tur,
554 2230 699 2272 debuit
720 2230 854 2282 magis
875 2231 1046 2284 proprie
1067 2230 1128 2271 sic
1149 2229 1312 2283 dicere,
1337 2229 1489 2271 Invida
1514 2229 1743 2285 praeclusit
1769 2241 1879 2268 SPA-

430 2312 547 2339 'rmM
576 2306 730 2338 natura
758 2296 954 2338 videndi.

541 2365 635 2407 326.
679 2362 808 2413 Nnc,
845 2377 1023 2408 MAREQ.
1058 2378 1364 2418 INPENDENT,
1403 2376 1555 2403 vasco
1595 2376 1716 2403 sALE
1759 2375 1881 2403 sAxA

428 2445 615 2473 PERESA
637 2463 646 2473 .
677 2431 797 2472 Vesco
819 2430 939 2471 abest
960 2431 1165 2484 quadrato
1189 2436 1229 2472 et
1249 2430 1443 2484 schedis3
1472 2433 1644 2484 propter
1670 2429 1782 2483 quod
1810 2442 1880 2471 vo-

430 2500 622 2542 cabulum
643 2499 781 2552 ipsum
803 2497 909 2539 haec
931 2502 1258 2540 commemorant
1278 2498 1438 2540 Gellius
1462 2498 1502 2538 in
1524 2511 1596 2537 xw
1613 2529 1622 2547 ,
1643 2496 1670 2538 5
1688 2529 1697 2550 ,
1725 2496 1879 2537 Paulus

429 2580 452 2609 e
483 2567 607 2608 Festo
639 2565 746 2606 libro
769 2579 861 2615 xrx,
891 2578 931 2618 p.
953 2565 1030 2606 158
1062 2565 1277 2619 Lindem.,
1310 2564 1598 2618 Philargyrius
1630 2562 1684 2604 ad
1714 2562 1880 2615 georgi-

430 2646 507 2675 con
527 2647 600 2687 111,
625 2631 731 2674 174.
753 2631 906 2673 iisdem
929 2633 1142 2673 Donatum
1174 2645 1294 2672 usum
1325 2644 1418 2673 esse
1449 2630 1504 2672 ad
1527 2630 1817 2671 Phormionem
1837 2643 1879 2682 1,

428 2700 481 2753 4,
504 2700 530 2741 2
561 2698 857 2741 demonstrabo
889 2699 943 2740 ad
974 2699 1125 2740 librum
1147 2711 1215 2752 vx,
1237 2698 1346 2740 489.

539 2766 634 2807 334.
667 2765 775 2815 QUA
804 2779 1033 2806 PROPTER
1062 2779 1221 2806 LOCUS
1252 2779 1339 2805 EST
1370 2778 1607 2805 INTACTUS
1628 2777 1780 2805 ῙΝΑΝΕ
1802 2777 1878 2804 VA-

429 2847 682 2878 CANSQUE.
725 2833 818 2883 Qua
847 2833 1059 2888 propter?
1089 2845 1246 2886 quaeso
1269 2865 1278 2874 .
1312 2833 1354 2873 ni
1386 2833 1534 2874 mirum
1565 2831 1665 2884 quia
1701 2829 1745 2871 id
1782 2842 1878 2883 cog-

428 2913 554 2942 nosse
583 2900 684 2941 utile
715 2905 802 2941 est:
844 2904 916 2942 aut
945 2904 1055 2942 certe
1085 2900 1185 2954 quia
1214 2904 1329 2942 extat
1359 2900 1510 2951 inane,
1549 2897 1646 2939 ideo
1682 2896 1723 2938 id
1753 2896 1879 2938 inane

429 2969 544 3010 locus
575 2967 754 3009 intactus
794 2972 856 3009 est
880 3000 889 3010 .
923 2981 1058 3022 neque
1100 2967 1209 3010 enim
1247 2967 1468 3020 quicquam
1505 2964 1734 3020 praecessit
1770 2963 1880 3005 unde
