2040 3328
421 220 504 262 404
1117 225 1172 266 VI

421 342 528 384 hune
558 357 722 386 versum
754 357 837 385 non
866 357 941 386 suo
972 343 1065 386 loco
1095 345 1206 398 legi,
1242 347 1309 399 qui
1346 348 1389 388 in
1419 361 1494 390 suo
1525 350 1732 403 repositus
1762 351 1866 394 satis

420 409 538 463 facit,
561 410 620 451 ita
631 440 639 450 .
657 409 832 451 Diditur
851 412 895 452 in
910 427 1035 454 venas
1051 412 1165 453 cibus
1180 414 1310 454 omnis
1319 445 1329 466 7
1349 424 1485 469 auqet,
1502 416 1655 471 alitque
1672 418 1866 473 Corporis

420 485 623 518 extremas
644 488 802 532 quoque
817 479 958 532 partis
979 479 1322 534 unquiculosque7
1341 480 1533 522 Morbz'da
1553 483 1693 538 visque
1713 485 1840 526 simul
1851 517 1862 538 7

418 559 508 583 cum
539 545 792 585 extrinsecus
822 545 1084 586 insinuatur.
1117 545 1176 586 ita
1206 545 1310 587 haec
1341 558 1419 598 ego
1451 558 1740 605 correxeram,
1771 563 1864 592 cum

418 609 506 650 vidi
523 609 753 651 Arnobium
774 623 944 664 quoque
964 611 1007 652 in
1027 611 1107 653 hoe
1125 611 1218 653 loco
1235 613 1484 668 ‘unquz'culos
1505 626 1596 654 cum
1616 617 1751 659 morbo
1771 631 1864 672 pro-

416 675 527 717 xime
561 676 802 718 coniunetos
832 677 986 730 legisse
1006 710 1013 719 .
1045 678 1105 720 sic
1129 679 1236 720 enim
1258 678 1328 720 ille
1351 669 1392 719 i1i
1413 693 1444 718 11
1465 692 1503 733 p.
1522 680 1572 721 77
1592 713 1601 734 7
1633 682 1744 732 Quid
1757 685 1863 726 euim

415 743 457 783 si
474 743 673 784 hominem
690 743 806 785 dicas
828 753 991 799 captum
1006 745 1197 786 membris
1219 746 1404 787 omnibus
1420 754 1456 787 et
1472 746 1689 789 eiulantem
1706 765 1757 791 em
1772 765 1862 792 cru-

415 810 589 851 ciatibus
606 811 766 864 asperis
781 809 937 852 idcirco
955 827 1039 853 esse
1055 824 1215 865 sanum,
1228 811 1339 866 quod
1352 813 1475 853 unius
1484 813 1696 866 unguiculi
1704 816 1862 858 nullum

408 877 666 930 perpetiatur
682 875 861 918 dolorem
869 893 883 930 7·
897 886 968 918 aut
984 894 1068 920 esse
1084 891 1254 920 auream
1271 883 1442 933 terram,
1460 879 1571 933 quod
1583 881 1627 921 in
1643 883 1862 924 verrucula

413 942 530 983 collis
557 943 681 984 unius
707 943 835 984 insint
862 945 1036 998 eaeiquae
1065 945 1268 999 miculae,
1291 946 1438 1000 quibus
1463 946 1651 988 nascitur
1670 947 1861 1003 collique-

399 1008 537 1062 factis
557 1009 735 1050 aurum?
760 1022 935 1063 quorum
961 1011 1137 1052 alterum
1159 1022 1327 1064 quoque
1347 1011 1575 1053 membrum
1597 1025 1650 1055 ex
1670 1014 1861 1056 Lucretio

415 1074 623 1115 detortum
645 1079 708 1117 est
725 1108 734 1130 ,
757 1080 797 1117 et
815 1076 984 1130 quidem
1006 1091 1058 1120 ex
1079 1078 1187 1120 libro
1205 1093 1231 1132 1,
1241 1077 1322 1119 839
1338 1078 1408 1119 Ea:
1424 1079 1598 1134 aurique
1609 1088 1730 1135 putat
1745 1081 1862 1122 micis

411 1141 628 1183 consistere
645 1135 765 1198 posse
781 1143 944 1185 Aurum
950 1176 960 1197 7
984 1153 1019 1186 et
1040 1145 1090 1186 de
1111 1146 1232 1186 terris
1253 1153 1405 1186 terram
1426 1160 1679 1188 concrescere
1685 1147 1859 1202 parvis.

520 1208 614 1250 952.
646 1208 1009 1265 PERvomi-ANT,
1040 1225 1295 1252 PERMANAT
1327 1225 1455 1252 onon
1475 1226 1752 1259 FRIGUSQUE
1773 1227 1860 1254 VA-

409 1289 431 1314 Ρ
444 1287 598 1320 OSQUE
616 1307 625 1317 .
658 1275 895 1326 Quadratus
914 1278 1066 1334 friqus
1087 1294 1325 1335 quaposque
1341 1311 1350 1320 .
1382 1279 1482 1320 olim
1502 1279 1693 1334 impressi
1713 1295 1859 1336 vapor-

408 1358 486 1397 que
503 1373 513 1383 .
544 1342 706 1384 Nonius
727 1343 879 1397 p.487‚
897 1344 922 1386 6
962 1345 1097 1400 Vapor
1127 1354 1165 1387 ec
1193 1361 1321 1401 vapos
1336 1379 1346 1399 7
1380 1355 1416 1388 ec
1445 1347 1566 1388 timor
1596 1354 1632 1388 et
1652 1347 1769 1388 timos
1784 1379 1794 1400 7
1824 1355 1861 1388 et

409 1408 523 1450 labor
559 1418 594 1450 et
631 1410 746 1451 labos
762 1443 772 1463 7
809 1412 874 1452 ita'
907 1420 1002 1452 sumt
1030 1420 1074 1453 ut
1103 1412 1213 1454 color
1244 1421 1280 1454 et
1308 1414 1415 1455 colos
1433 1445 1442 1454 .
1476 1413 1692 1454 Lucretius
1726 1413 1795 1454 lib.
1817 1427 1859 1453 Ἦ

350 1527 354 1533 .
407 1475 640 1517 Pervolitas
656 1509 666 1530 7
682 1487 906 1531 permanat
922 1477 1262 1534 adosfriqusque
1277 1495 1495 1535 vaposque.
1513 1479 1612 1520 hinc
1627 1478 1858 1521 Lambinus

405 1541 537 1582 edidit
553 1542 650 1584 odos
672 1548 713 1585 et
733 1560 939 1600 vaposque
953 1577 964 1598 7
986 1544 1165 1587 alterum
1187 1550 1298 1588 recte
1316 1579 1325 1600 ,
1343 1547 1520 1588 alterum
1534 1558 1561 1587 a
1575 1545 1758 1587 librariis
1774 1547 1858 1588 No-

405 1608 474 1650 nio
506 1612 662 1651 temere
691 1610 853 1652 illatum
872 1643 881 1652 .

517 1675 612 1718 954.
644 1690 742 1722 QUA
773 1691 958 1718 CIRCUM
988 1692 1138 1719 cAEm
1165 1693 1344 1720 Loch
1366 1694 1616 1723 OOERCET.
1647 1681 1856 1725 Avantius

405 1743 528 1785 colli.-
571 1743 861 1787 Wakefieldus
891 1744 1189 1799 interpretatur
1225 1747 1422 1788 circulum
1454 1747 1551 1788 eolli
1568 1779 1578 1801 7
1625 1747 1855 1801 Vergilium

403 1813 551 1851 testem
584 1810 746 1862 citans,
779 1811 849 1865 qui
879 1811 1011 1853 lorica
1041 1812 1194 1853 collum
1223 1813 1333 1866 cingi
1355 1812 1533 1855 dixerit.
1566 1818 1610 1856 at
1630 1815 1701 1856 ille
1722 1814 1854 1870 dixit,

403 1881 449 1918 ut
478 1877 687 1919 hominem
719 1890 849 1919 sanae
880 1878 1031 1920 mentis
1054 1878 1198 1933 decet,
1231 1880 1425 1921 Loricam
1452 1880 1697 1936 ‚qaleamque
1726 1882 1854 1936 iuter7

403 1959 486 1998 qua
515 1944 622 1985 colla
651 1944 827 1986 sedentis
848 1945 1006 1987 Lucem
1022 1977 1032 1987 .
1054 1945 1256 1987 Marullus
1278 1945 1435 1987 fecerat
1455 1961 1623 2001 corpus.
1647 1947 1854 1990 Antonius

401 2010 668 2051 Florentinus
689 2012 818 2053 corz'z'.
842 2011 916 2053 sed
938 2011 1153 2054 Lucretius
1175 2013 1343 2067 scripsit
1364 2012 1519 2054 GALm
1540 2013 1670 2055 lorica
1688 2046 1697 2055 .
1721 2014 1852 2057 Varro

402 2076 454 2117 de
485 2076 632 2129 lingua
662 2077 795 2118 latina
823 2078 929 2120 libro
962 2092 985 2118 v
1007 2092 1048 2132 p.
1069 2079 1144 2119 121
1168 2080 1348 2132 Lorica,
1383 2078 1493 2133 quod
1511 2095 1531 2121 6
1553 2080 1653 2121 loris
1674 2081 1724 2123 de
1743 2083 1852 2123 corio

400 2142 527 2184 crudo
543 2144 774 2197 pectoralia
781 2144 1002 2200 faciebant
1019 2177 1028 2187 .
1041 2154 1189 2201 postea
1210 2145 1387 2187 sabcz'dic
1402 2145 1525 2187 Galli
1540 2162 1560 2187 e
1566 2146 1693 2200 ferro
1713 2148 1786 2189 sub
1807 2148 1856 2190 id

398 2209 655 2262 vocabulum,
679 2226 730 2251 ecc
750 2212 890 2253 anulis
900 2246 910 2265 7
919 2212 1020 2267 fere
1036 2214 1119 2254 iam
1136 2213 1275 2254 tunica
1287 2242 1295 2251 .
1311 2211 1370 2252 ita
1387 2211 1497 2253 enim
1512 2212 1617 2254 haec
1632 2213 1852 2256 scribenda

398 2279 495 2316 sunt
516 2288 567 2316 ex
584 2274 829 2319 Florentino
849 2278 992 2320 codice
1011 2311 1020 2333 ,
1042 2279 1113 2332 qui
1135 2284 1273 2321 tamen
1295 2277 1421 2319 habet
1435 2277 1623 2332 ferream
1643 2281 1822 2322 tunicam
1840 2315 1848 2324 .

396 2341 574 2383 subcidz’t
603 2346 741 2383 autem
773 2345 926 2386 rectius
956 2345 1023 2387 hic
1054 2346 1252 2400 seriptum
1279 2343 1470 2386 existimo
1492 2357 1616 2398 quam
1638 2346 1740 2388 alibi
1761 2363 1848 2388 suc·
1907 2381 1911 2384 .

396 2407 537 2450 cedere
551 2441 562 2462 7
584 2414 629 2451 ut
649 2410 691 2453 in
708 2426 782 2452 v111
797 2426 838 2466 p.
854 2411 938 2454 454
959 2421 1051 2454 arcte
1072 2428 1194 2467 quam
1215 2411 1289 2452 sub
1309 2410 1577 2465 maqistratus
1598 2412 1742 2466 (immo
1763 2430 1846 2455 ma-

391 2476 654 2531 qistratuom)
681 2479 849 2519 nomina
863 2509 874 2530 7
910 2478 986 2532 qui
1011 2493 1076 2519 eos
1097 2478 1326 2519 liberarum
1339 2508 1350 2529 7
1372 2475 1585 2519 succedere
1605 2489 1820 2535 coeperunt
1834 2513 1846 2534 7

393 2544 437 2584 in
465 2557 508 2583 1x
529 2557 570 2598 p.
584 2544 667 2586 503
698 2560 803 2599 quae
830 2544 904 2585 sub
930 2559 1166 2586 mensuram
1193 2559 1241 2585 ac
1266 2541 1453 2597 pondera
1468 2544 1608 2598 potius
1629 2562 1752 2600 quam
1772 2548 1846 2588 sub

392 2626 607 2652 numerum
629 2610 849 2652 succedunt
863 2642 874 2663 7
896 2611 939 2652 in
960 2624 987 2649 x
1008 2623 1047 2664 p.
1065 2610 1148 2652 552
1169 2626 1259 2652 cum
1280 2624 1363 2652 now
1382 2609 1596 2652 succedere
1618 2611 1758 2654 debeat
1772 2614 1846 2654 sub

393 2693 563 2718 casuum
594 2678 752 2719 ratione
768 2710 779 2730 7
802 2677 926 2718 immo
958 2676 1166 2718 succidere
1196 2678 1269 2719 sub
1298 2678 1499 2719 rationem
1516 2710 1525 2720 .

504 2744 599 2786 956.
644 2744 710 2784 ΕΤ
754 2757 1107 2784 TEMPESTATEM
1151 2758 1307 2784 TERRA
1344 2757 1601 2790 CAELOQUE
1645 2759 1841 2788 COORTA

391 2811 444 2851 IN
491 2824 686 2851 CAELUM
731 2824 1017 2856 TERRASQUE
1059 2824 1288 2852 REMOTAE
1339 2824 1488 2852 IURAE
1533 2818 1814 2853 FA'cEssUN'r
1833 2845 1841 2854 .

390 2876 489 2918 Iure
519 2877 751 2929 quadratus
781 2882 823 2920 et
852 2891 879 2919 a
909 2881 1142 2920 correctore
1173 2877 1378 2931 oblongus
1396 2910 1405 2919 .
1441 2891 1524 2919 non
1562 2878 1706 2920 dubito
1742 2880 1842 2933 quin

390 2942 432 2982 in
466 2942 610 2985 codiee
642 2944 813 2998 antiquo
845 2944 969 2987 fuerit
998 2946 1114 2998 iure,
1136 2957 1269 2999 supra.
1295 2943 1508 2999 adscripto
1540 2961 1593 2986 a:
1613 2957 1758 2988 verum
1779 2944 1842 2987 est
