2040 3328
441 214 521 256 170
795 274 797 276 ι
1127 215 1191 256 111

435 325 652 377 vertisset,
685 325 754 378 qui
785 330 882 365 ante
910 325 1058 365 librum
1087 328 1303 377 quartum,
1336 337 1416 378 quo
1447 325 1500 366 de
1530 326 1761 367 simulacris
1791 325 1873 367 dis-

434 391 598 445 putavit
615 425 623 445 ,
646 391 792 432 horum
812 403 863 432 ne
884 390 1052 431 nomine
1072 390 1240 443 quidem
1257 390 1315 430 uti
1335 391 1540 432 voluerit.
1561 403 1657 432 nam
1679 392 1872 446 quamvis

434 457 641 510 Lucilius,
673 457 818 498 doctus
839 456 989 508 homo,
1021 456 1140 509 quasi
1163 456 1215 497 de
1237 468 1280 498 re
1309 459 1410 496 nota
1437 455 1612 498 dixisset
1630 457 1785 499 Eidola
1814 466 1872 499 at-

434 539 511 578 que
527 532 682 564 atomus
698 524 857 564 vincere
868 523 1052 576 Epicuri
1061 523 1193 564 volam
1210 521 1343 575 (apud
1356 521 1536 563 Nonium
1552 535 1592 576 p.
1604 523 1716 578 478),
1732 528 1872 568 tamen

434 588 512 630 hoc
533 589 643 630 idem
664 588 841 642 physica
861 587 1076 630 docentem
1098 601 1181 630 non
1210 588 1410 630 decebat.
1433 591 1613 629 ceterum
1642 601 1694 630 ex
1725 589 1871 631 eodem

434 655 580 696 Lucilii
610 655 717 696 libro
747 668 880 694 xxvm
901 655 1060 697 Nonius
1082 655 1167 696 alia
1187 653 1395 708 quaedam
1416 653 1470 694 ad
1490 653 1762 709 philosophos
1781 668 1872 710 per-

433 721 610 763 tinentia
638 721 820 763 rettulit.
842 734 881 775 p.
904 721 983 763 237
1002 753 1012 770 ,
1043 722 1068 763 6
1099 720 1305 763 Socratem
1335 719 1512 770 Quidam
1543 727 1716 775 tyranno
1750 723 1873 763 misse

434 788 697 842 Aristippum
728 796 967 829 autumant.
991 787 1043 829 de
1063 788 1303 829 Xenocrate
1331 800 1371 840 p.
1392 786 1486 837 410,
1509 786 1531 826 7
1563 785 1686 828 Adde
1715 787 1871 837 eodem,

433 854 563 894 tristis
579 869 627 894 ac
640 870 803 896 severus
818 853 1086 908 philosophus
1103 883 1111 893 .
1133 851 1187 893 de
1202 852 1349 894 eodem
1370 866 1409 906 p.
1427 851 1510 892 414
1525 852 1747 893 Polemona
1762 868 1872 894 ama-

432 920 516 971 vit,
546 929 671 961 morte
700 921 794 961 huie
823 920 1052 960 transmisit
1079 935 1194 960 suam
1223 918 1394 961 Scholen
1424 933 1546 972 quam
1577 917 1742 958 dicunt.
1763 917 1874 960 adde

433 985 614 1027 Nonium
636 1000 675 1040 p.
698 987 791 1039 280,
818 988 868 1028 10
883 985 977 1036 318,
1005 985 1052 1025 18
1069 984 1162 1037 289,
1182 984 1262 1036 26,
1285 983 1464 1025 Probum
1484 983 1539 1024 ad
1558 983 1633 1025 ecl.
1654 997 1694 1037 p.
1714 984 1778 1038 18,
1802 984 1872 1026 16.

545 1052 640 1093 431.
671 1051 810 1102 Quon
842 1064 992 1091 onnus
1022 1064 1068 1090 m
1099 1063 1296 1103 somus,
1327 1039 1493 1090 sOPI'rl
1522 1063 1602 1090 um
1631 1064 1873 1092 cnnsmus

434 1132 555 1158 Am».
578 1119 813 1159 ExALAnn
842 1130 1033 1157 vnom:
1061 1130 1279 1156 Ani-Anni
1309 1129 1565 1161 rennuens
1592 1130 1786 1158 runnu.
1807 1116 1873 1158 Ad

434 1184 587 1226 librum
617 1199 660 1238 11,
695 1184 774 1226 194
804 1183 927 1225 docui
958 1184 1107 1225 Latine
1136 1196 1220 1224 non
1251 1181 1332 1223 dici
1364 1182 1484 1233 Quod
1509 1198 1640 1237 ‚qenus
1669 1183 1764 1236 ubi,
1799 1182 1876 1224 sed

434 1251 554 1301 Quod
578 1266 709 1305 yenus
738 1259 796 1292 est
823 1250 919 1291 ubi.
940 1254 1160 1304 praeterea
1187 1248 1404 1290 Lucretius
1434 1248 1534 1290 alibi
1566 1248 1673 1290 dixit
1699 1251 1875 1305 sopitum

434 1318 585 1372 quiete,
623 1318 699 1359 leto
714 1349 725 1369 ,
753 1325 960 1358 castoreo.
983 1329 1085 1369 ergo
1115 1316 1184 1357 hie
1213 1315 1477 1357 scribendum
1508 1318 1571 1356 est
1601 1314 1720 1365 Quod
1743 1331 1875 1371 yenus

434 1397 458 1423 n
468 1397 487 1423 s
499 1398 521 1423 T
538 1415 547 1436 ,
569 1384 722 1425 somnis
736 1384 864 1439 sopiti
880 1383 954 1423 ubi
964 1384 1167 1424 cernimus
1184 1413 1192 1423 .
1215 1381 1291 1423 sed
1306 1394 1431 1435 porro
1447 1381 1534 1422 alta
1549 1381 1705 1422 altaria
1719 1381 1876 1423 nimiae

434 1450 716 1504 simplicitatis
738 1450 920 1504 speciem
941 1449 1170 1502 praebent,
1201 1460 1337 1502 neque
1357 1447 1556 1499 intellego
1585 1447 1793 1500 quomodo
1815 1447 1875 1488 al-

435 1518 546 1558 taria
562 1517 714 1572 ferant
735 1516 901 1570 fumum
918 1546 927 1556 .
950 1515 1116 1568 itaque,
1148 1519 1192 1555 ut
1222 1515 1414 1556 dematur
1443 1512 1555 1566 quod
1585 1516 1803 1567 superest,
1834 1516 1876 1554 et

434 1583 544 1636 quod
567 1583 685 1624 deest
705 1580 1060 1636 reprehendatur,
1083 1581 1283 1622 faciemus
1313 1594 1432 1620 ALTE
1459 1579 1530 1621 ubi
1561 1583 1624 1620 est
1651 1578 1763 1631 alta,
1795 1577 1876 1619 alte

434 1650 630 1691 exhalare
637 1649 839 1703 ferreque
856 1679 864 1687 .
887 1651 1097 1701 postremo
1118 1647 1161 1688 in
1181 1646 1287 1688 libro
1303 1660 1342 1700 v,
1364 1646 1446 1688 253
1467 1648 1531 1687 est
1544 1644 1737 1686 Pulveris
1752 1643 1874 1685 exha-

435 1716 496 1757 lat
514 1716 703 1757 nebulam
718 1747 729 1767 ,
760 1715 858 1755 item
878 1713 962 1755 463
981 1714 1169 1755 Eoealare
1190 1713 1306 1754 lacus
1325 1712 1539 1764 nebulam,
1571 1710 1672 1752 alibi
1694 1709 1874 1762 similia;

436 1782 531 1835 quis
563 1794 662 1834 ergo
693 1793 777 1822 non
809 1779 953 1822 credat
980 1783 1147 1833 poetam
1179 1779 1245 1820 hie
1274 1778 1494 1832 scripsisse
1514 1776 1702 1819 Eaealare
1726 1788 1875 1816 VAPo·

434 1862 530 1888 REM
546 1847 734 1889 altaria?
755 1846 1002 1901 praesertim
1022 1858 1113 1886 cum
1130 1845 1277 1887 eodem
1294 1844 1418 1886 modo
1434 1856 1579 1885 omnes
1599 1843 1760 1884 locutos
1782 1853 1875 1884 esse

435 1919 618 1968 constet,
650 1914 730 1955 nisi
759 1913 871 1967 quod
893 1925 945 1953 ex
965 1912 1088 1953 Statii
1108 1910 1347 1953 Thebaidos
1376 1925 1416 1964 Χ,
1450 1910 1528 1951 108
1557 1913 1724 1950 notatur
1753 1909 1874 1950 eccha-

435 1983 523 2023 lant
543 1990 668 2023 vestes
689 1979 880 2021 absolute
900 1978 1079 2032 positum
1098 2009 1106 2019 .
1130 1991 1264 2032 neque
1283 1977 1327 2018 in
1348 1975 1487 2019 Ovidii
1513 1974 1785 2029 metamorph.
1806 1986 1876 2028 κν,

434 2048 516 2090 528
546 2047 646 2088 mihi
677 2047 780 2088 satis
809 2045 1023 2099 proprium
1045 2044 1211 2086 videtur
1218 2044 1463 2099 fessamque
1483 2042 1643 2084 videres
1662 2041 1877 2083 Exhalare

436 2116 616 2156 animam
631 2146 642 2166 ,
675 2111 787 2166 quod
808 2111 1015 2165 Hauptius
1037 2112 1078 2152 in
1098 2110 1464 2153 observationibus
1487 2108 1640 2150 criticis
1659 2121 1700 2162 p.
1721 2107 1775 2149 23
1797 2106 1877 2148 for-

435 2186 547 2223 tasse
569 2179 741 2231 defendi
762 2190 886 2232 posse
908 2177 1008 2218 dicit
1026 2191 1035 2218 :
1056 2177 1114 2218 ibi
1136 2189 1189 2218 ex
1204 2175 1505 2230 antiquissimis
1523 2174 1737 2216 codicibus
1752 2173 1876 2215 Hein-

435 2247 487 2288 sii
517 2245 822 2300 Neapolitanus
851 2243 979 2285 habet
998 2243 1238 2296 Exhalare,
1269 2242 1486 2283 Exhalari
1502 2240 1684 2283 Urbinas
1714 2243 1755 2281 et
1780 2239 1878 2281 Ber-

434 2324 700 2366 neggeranus
718 2342 727 2351 .
749 2314 932 2351 ceterum
967 2310 993 2350 k
1027 2309 1205 2350 litteram
1243 2309 1286 2349 in
1324 2320 1529 2349 consensu
1565 2306 1755 2347 codicum
1791 2317 1876 2346 non

435 2381 569 2421 infero
587 2409 596 2419 .
619 2378 786 2420 exulare
807 2376 1017 2429 oblongus
1038 2375 1152 2417 solus
1167 2389 1211 2428 11,
1232 2375 1312 2415 417
1330 2387 1369 2427 v,
1391 2373 1473 2415 253
1494 2386 1548 2426 v1,
1570 2372 1649 2414 811
1668 2403 1678 2426 ,
1699 2370 1878 2425 quadra-

435 2452 502 2488 tus
531 2446 684 2487 alantis
716 2457 769 2495 V1,
801 2443 880 2483 221
913 2445 954 2484 et
983 2442 1220 2483 exaltantur
1247 2455 1303 2494 w,
1334 2440 1416 2482 864
1433 2470 1443 2481 .

547 2512 643 2553 437.
675 2510 878 2552 CREDEO
907 2521 1095 2548 ANIMAM
1113 2508 1240 2550 ‚Itali
1270 2511 1311 2549 et
1339 2504 1531 2560 impressi
1560 2503 1723 2546 Canon
1741 2535 1750 2544 .

546 2578 642 2619 438.
674 2575 854 2625 OP11JS,
894 2589 950 2615 m·
992 2588 1155 2615 ornus
1184 2586 1418 2614 mssonw
1448 2584 1673 2611 CORPORA
1703 2583 1878 2612 rrum.

438 2645 589 2687 Ocms
611 2646 816 2684 corrector
833 2635 1028 2695 quadrati
1049 2646 1091 2683 et
1110 2640 1321 2695 impressi.
1342 2643 1426 2680 tum
1449 2654 1497 2679 ae
1518 2637 1728 2692 impressi,
1751 2636 1878 2678 male.

437 2723 561 2765 porro
592 2714 800 2751 corrector
829 2707 1024 2761 quadrati
1055 2707 1231 2749 dissolvi
1255 2720 1301 2746 ΙΝ
1322 2721 1496 2761 corpora
1517 2706 1688 2760 prima,
1717 2703 1877 2758 perite:

439 2782 668 2819 ceterorum
705 2775 844 2816 nullus
882 2774 1015 2827 vidit,
1052 2774 1128 2816 sed
1168 2771 1455 2815 Wakefieldus
1493 2784 1586 2813 eum
1619 2772 1731 2812 recte
1765 2780 1879 2811 secu-

439 2848 505 2885 tus
536 2848 626 2885 est.

550 2909 644 2952 441.
677 2907 780 2949 Cum
817 2920 1060 2948 connmns
1095 2919 1307 2951 snorum.
1343 2905 1457 2947 Bene
1487 2902 1688 2945 Marullus
1723 2900 1878 2951 Quin.
