2040 3328
918 232 978 274 IV
1605 230 1688 273 223

210 348 434 393 Lucretius
470 346 644 390 Caelum
679 345 794 402 quod
829 345 985 388 dicitur
1021 353 1094 387 αὲν
1115 377 1126 399 ,
1155 347 1303 388 contra
1338 342 1688 386 consuetudinem

211 418 336 460 huius
366 418 547 472 poetae,
570 413 624 456 de
655 425 741 468 qua
771 414 841 468 egi
873 413 928 456 ad
958 413 1113 456 librum
1142 427 1202 468 111,
1220 412 1301 456 94.

326 484 421 526 142.
453 483 520 526 ΕΤ
552 496 801 528 CUIUSQUE
830 496 956 524 mom
975 495 1248 523 FORMARUM
1278 494 1500 522 VERTERE
1531 494 1579 520 IN
1602 493 1687 520 Ho-

210 567 298 596 nAs
315 585 324 595 .
347 551 568 606 Oblongus
590 551 755 593 cuiusce
772 583 781 592 .
804 550 995 594 eiusdem
1017 553 1229 592 corrector
1251 563 1375 590 orus
1394 564 1404 604 3
1426 548 1660 591 rectissime
1678 579 1687 590 .

209 637 307 666 orae
338 620 453 663 enim
493 623 535 662 et
564 618 634 661 hic
663 622 705 661 et
739 619 783 660 in
821 631 948 661 versu
987 618 1067 660 166
1103 622 1202 660 sunt
1238 617 1555 671 extremitateS,
1578 630 1688 671 quae

209 702 348 733 rerum
379 687 648 744 superficiem
670 700 720 730 ac
750 687 937 742 speciem
968 685 1183 728 efficiunt.
1205 686 1266 727 ita
1287 686 1448 728 Ennius
1481 690 1523 728 et
1543 686 1691 739 Vergi—

210 758 293 801 lius
315 759 501 814 inqentes
531 756 634 798 belli
649 771 747 798 oras
778 754 977 798 dixerunt
998 766 1164 797 summa
1194 753 1296 796 belli
1318 753 1596 796 discrimina.
1618 767 1689 796 ne-

211 838 294 882 que
315 825 439 868 aliter
459 824 596 867 Varro
618 823 672 866 de
693 823 844 877 lingua
864 823 1021 865 Latina
1041 822 1149 864 libro
1172 835 1248 862 v111
1268 835 1309 876 p.
1328 821 1412 865 392
1432 822 1498 864 De
1519 822 1690 864 huiusce

207 894 438 950 multiplici
453 902 608 935 natura
638 891 930 934 discriminum
949 923 958 946 ,
981 889 1062 946 hoc
1093 894 1158 932 est
1183 889 1474 932 discriminum
1506 902 1529 931 e
1550 889 1689 931 multi-

208 962 310 1018 plici
341 960 673 1004 declinationum
693 963 849 1002 natura
877 958 1207 1015 prodeuntium,
1231 974 1330 1000 orae
1359 966 1456 999 sunt
1485 958 1562 999 hae
1577 990 1588 1011 ,
1612 957 1689 1000 sci-

207 1030 307 1073 licet
327 1033 519 1072 extrema
549 1032 590 1071 et
609 1041 800 1083 summa,
823 1027 867 1070 in
888 1041 998 1082 quae
1021 1027 1165 1069 omnia
1195 1026 1305 1068 inter
1327 1038 1374 1068 se
1394 1025 1690 1068 diversissima

211 1102 393 1152 exeunt,
415 1113 492 1140 cur
521 1107 558 1140 et
588 1113 668 1154 quo
699 1104 736 1139 et
766 1112 883 1152 quem
907 1095 1132 1138 admodum
1163 1096 1209 1138 in
1240 1094 1445 1151 loquendo
1477 1093 1690 1136 declinata

208 1175 305 1210 suut
333 1166 486 1209 verba.
508 1177 588 1207 nos
619 1164 676 1207 ad
707 1178 803 1207 eum
835 1163 1007 1206 modum
1038 1163 1219 1218 figurate
1241 1163 1423 1206 dicimus
1454 1163 1544 1205 eine
1565 1163 1689 1206 sache

209 1235 278 1278 bei
307 1233 387 1276 deu
422 1233 582 1289 zipfeln
598 1233 756 1289 fassen
770 1266 782 1287 ,
804 1231 919 1275 idem
950 1233 1087 1275 Varro
1127 1231 1181 1274 de
1212 1245 1258 1274 re
1295 1231 1455 1273 rustica
1474 1245 1502 1290 1,
1520 1231 1558 1284 6,
1577 1230 1645 1273 25
1663 1231 1689 1273 6

209 1306 251 1346 et
280 1302 392 1356 20,5
423 1302 507 1343 tria
523 1301 698 1356 formae
714 1301 908 1358 fastzjqia
938 1313 1016 1356 pro
1049 1300 1184 1351 tribus
1217 1300 1447 1354 generibus
1480 1297 1686 1343 definitis.

209 1369 265 1412 ad
294 1369 545 1412 nostratium
577 1368 683 1411 illud
713 1370 908 1424 proxime
930 1369 1142 1412 Caecilius
1174 1369 1335 1412 Statius
1366 1367 1482 1423 apud
1514 1368 1687 1410 Festum

206 1451 249 1494 p.
271 1437 363 1492 182,
381 1437 437 1480 22
470 1437 600 1480 Oram
644 1439 831 1494 reperire
870 1438 1064 1496 nullam,
1096 1453 1223 1494 quam
1268 1435 1491 1492 empediam
1512 1469 1523 1490 ,
1556 1453 1659 1492 queo
1675 1453 1690 1491 ,·

207 1518 319 1561 quae
349 1504 461 1548 docti
494 1506 606 1548 male
637 1509 923 1562 temptarunt,
947 1519 1042 1548 cum
1073 1506 1237 1548 Ennius
1269 1517 1438 1559 quoque
1469 1509 1511 1547 et
1541 1505 1689 1559 Vergi-

207 1574 290 1616 lius
321 1573 423 1616 belli
453 1586 551 1616 oras
583 1575 720 1617 evolvi
745 1574 958 1617 dixerint.

325 1641 418 1684 133.
449 1656 653 1685 rAcnAE.
676 1643 898 1686 Librarius
930 1641 1130 1697 quadrati
1152 1641 1335 1697 primum
1367 1641 1600 1697 scripserat
1607 1642 1688 1696 fa-

205 1727 322 1766 cere,
345 1723 445 1752 mox
475 1723 620 1754 errore
651 1711 952 1755 animadverso
984 1711 1075 1767 ipse
1107 1711 1318 1753 correxit.
1341 1710 1422 1753 hoc
1457 1710 1494 1753 si
1526 1714 1600 1752 aut
1623 1714 1688 1752 'ta-

207 1779 366 1824 cuisset
394 1783 469 1821 aut
499 1779 560 1822 ita
590 1783 636 1822 ut
667 1784 732 1823 est
767 1780 1002 1823 rettulisset
1032 1780 1354 1834 Havercampus
1388 1778 1516 1833 (dixit
1546 1782 1688 1821 autem

204 1846 361 1904 {facere
381 1846 427 1890 Z.
460 1847 538 1891 sed
568 1849 826 1903 superscrib.
845 1848 1048 1905 facile'),
1070 1846 1387 1890 Wakefieldum
1419 1847 1597 1901 eiusque
1618 1860 1687 1902 pe-

206 1914 409 1970 disequos
439 1915 482 1958 in
513 1928 690 1970 gravem
721 1929 909 1959 errorem
939 1930 1026 1959 non
1056 1916 1325 1958 induxisset.

322 1984 416 2027 143.
449 1997 585 2030 QUAM
623 1998 791 2025 FAOILI
826 1999 885 2025 ET
922 1998 1101 2025 CELERI
1138 1998 1354 2025 ΒΑΤΙΟΝΕ
1394 1997 1686 2025 GERANTUR.

206 2051 427 2106 Oblongus
450 2052 753 2109 quamfacile,
777 2053 1012 2107 quadratus
1034 2069 1141 2108 quae
1158 2052 1323 2108 facili.
1345 2056 1434 2094 tum
1455 2052 1687 2094 Lambinus

207 2133 495 2174 GENANTUR‚
518 2125 563 2162 ut
593 2134 727 2163 sanae
748 2122 900 2164 mentis
927 2121 1142 2163 hominem
1165 2120 1332 2173 decuit,
1356 2119 1566 2174 quidquid
1588 2120 1687 2162 Wa-

206 2187 414 2231 kefieldus
444 2193 486 2231 et
505 2189 713 2244 Forbiger
743 2189 989 2232 blaterant:
1020 2189 1089 2232 hic
1110 2189 1223 2231 enim
1254 2191 1383 2243 poe’ta
1404 2188 1529 2230 docet
1558 2201 1687 2242 quam

205 2256 335 2300 facile
372 2261 414 2300 et
450 2258 644 2301 celeriter
677 2259 913 2315 ¹<liquantur
931 2291 943 2313 ‚
974 2271 1074 2300 mox
1116 2257 1196 2300 176
1238 2269 1367 2311 quam
1406 2256 1535 2299 celeri
1570 2260 1687 2299 motu

190 2325 399 2382 ferantur
415 2358 425 2367 .

321 2393 414 2435 144.
446 2407 706 2440 LAPSAQUE
738 2409 930 2436 cnnAN‘r
953 2427 964 2438 .
995 2395 1100 2437 Post
1139 2392 1245 2435 haec
1282 2392 1417 2436 verba
1452 2392 1575 2436 deest
1604 2393 1687 2450 pri-

203 2476 316 2505 mum
334 2463 512 2519 Pei-cipe
532 2462 603 2505 vel
616 2463 858 2519 Expediam
872 2497 884 2518 ,
906 2467 994 2506 tum
1015 2462 1202 2518 paucula
1222 2474 1250 2503 a
1270 2461 1427 2516 quibus
1449 2461 1555 2504 illud
1578 2463 1688 2504 enim

204 2530 318 2585 quod
355 2531 559 2574 subicitur
594 2530 808 2586 pendeat.
831 2544 972 2586 neque
1009 2535 1154 2573 tamen
1191 2530 1324 2572 ullum
1360 2529 1430 2572 hic
1462 2530 1507 2572 in
1537 2529 1687 2572 codice

204 2597 436 2654 archetypo
468 2598 660 2641 defectus
681 2599 884 2642 indicium
912 2599 1044 2642 fuisse
1066 2597 1396 2642 existimandum
1428 2602 1493 2640 est
1509 2631 1519 2651 ,
1542 2610 1686 2651 quam-

203 2666 271 2709 vis
293 2679 320 2708 a
338 2678 468 2708 versu
492 2666 568 2708 127
591 2680 727 2721 usque
748 2667 804 2710 ad
826 2668 908 2710 298
931 2668 1016 2710 sint
1035 2681 1185 2710 versus
1205 2667 1370 2708 tantum
1391 2665 1519 2707 modo
1542 2678 1686 2706 cnxxn

205 2737 247 2777 et
266 2733 377 2776 tituli
399 2737 511 2788 tres,
535 2747 628 2776 cum
649 2737 812 2790 septem
838 2735 1028 2790 paginae
1048 2734 1246 2778 versibus
1269 2738 1464 2775 constent
1485 2746 1684 2773 cnxxxn:

204 2805 368 2857 septem
403 2805 545 2844 autem
575 2802 765 2856 paginae
804 2815 899 2844 esse
931 2802 1118 2857 debent,
1141 2802 1243 2856 quia
1278 2801 1496 2855 proximos
1534 2813 1686 2842 versus

202 2884 261 2911 Lu
281 2869 506 2912 299—347
538 2869 582 2910 in
611 2870 738 2912 unius
770 2869 1045 2923 eiusdemque
1083 2869 1269 2911 schedae
1299 2868 1472 2922 paginis
1503 2868 1684 2922 scriptos

204 2937 338 2981 fuisse
369 2950 445 2980 suo
476 2937 571 2978 loco
610 2936 665 2979 ad
702 2951 872 2980 versum
902 2937 986 2978 323
1029 2928 1258 2979 declarabo
1276 2968 1286 2977 .
1309 2949 1408 2977 nam
1448 2936 1493 2977 in
1524 2936 1686 2991 pagina

204 3019 360 3050 aversa
399 3005 598 3049 schedae·
620 2996 744 3047 huius
781 3004 879 3046 libri
919 3009 1097 3059 quartae
1135 3004 1303 3046 fuerunt
1344 3017 1494 3046 versus
1530 3007 1685 3059 poetae
