2040 3328
413 224 469 267 54
1127 227 1148 267 I

415 336 650 389 elegantius
686 335 843 378 iudicat
882 349 1006 390 quam
1039 337 1153 390 quod
1182 337 1348 390 scripsit
1377 338 1499 387 homo
1529 351 1657 381 sanus
1686 353 1736 382 ac
1765 341 1861 382 sim-

415 403 514 458 plex
535 403 737 445 Marullus
755 435 764 457 ‚
796 403 911 445 haud
928 403 1012 444 ullo
1032 416 1188 443 PACTO
1207 435 1216 444 .
1238 403 1297 445 ita
1317 405 1586 448 membranae
1606 407 1648 447 in
1668 422 1699 447 11
1714 440 1725 461 ,
1756 407 1838 450 750
1851 439 1861 449 .

529 469 624 512 805.
647 470 712 510 ΕΤ
734 484 831 510 NISI
852 483 1132 510 TEMPESTAS
1148 484 1389 511 INDULGET
1411 485 1634 513 TEMPORE
1655 487 1861 528 FAUSTO,

418 537 665 578 IMssmnns
686 551 741 576 ET
763 550 887 576 TAnn
908 549 1173 577 NIMBORUM
1193 550 1415 578 ARBUSTA
1435 552 1730 583 VAGILLENT.
1748 541 1863 583 Son-

418 618 512 649 Qun
535 617 622 644 snA
643 616 733 643 ruo
755 617 914 643 PARTE
937 616 1094 643 FOVET
1115 617 1418 650 TRIBUITQUE
1440 618 1668 646 cAnosz
1685 637 1694 648 .
1717 606 1864 649 cans-

419 683 539 710 cnnn
570 683 662 710 NON
690 683 899 710 Possm'r
920 684 1109 710 Fucens
1130 684 1350 712 ARBUSTA
1371 685 1636 712 ANIMANTIS
1653 704 1662 713 .
1684 673 1863 715 Priscia-

418 749 497 777 nus
527 750 568 791 p.
591 737 671 778 768
688 768 697 788 ‚
737 736 807 778 ubi
845 736 897 778 de
933 738 1022 778 tabe
1050 737 1236 779 ablativo
1269 739 1383 791 agit,
1426 737 1572 780 horum
1605 743 1767 793 partem
1805 740 1866 781 ita

421 803 620 857 scriptam
636 803 819 855 exhibet,
842 804 1048 845 Imbribus
1065 813 1108 845 ut
1124 805 1212 847 tabe
1227 806 1455 846 nimborum
1471 806 1641 847 arbusta
1654 806 1864 848 vacillent.

422 870 594 923 regulae
625 869 900 924 prosodiacae
931 883 1035 923 quas
1066 870 1198 912 edidit
1224 871 1420 912 Barthius
1452 872 1495 912 in
1526 872 1866 914 adversariorum

420 950 563 989 xxxw,
589 937 639 977 13
659 950 700 990 p.
727 937 830 978 1691
863 937 1041 978 Vacillat
1070 938 1186 979 breve
1216 946 1273 979 est
1301 938 1418 993 apud
1444 939 1682 980 Lucretium
1706 966 1731 996 >g
1747 966 1773 992 ,Β
1798 954 1867 980 ar-

421 1004 541 1044 busta
570 1003 794 1044 vacillant.
819 1003 1050 1044 orationem
1080 1003 1397 1057 incompositam
1428 1008 1469 1046 et
1499 1005 1745 1047 dissolutam
1774 1017 1867 1046 cum

422 1069 792 1111 animadvertisset
815 1069 1015 1111 Marullus
1033 1102 1042 1123 ,
1065 1070 1230 1124 scripsit
1247 1071 1435 1112 Crescere
1456 1073 1520 1112 uti
1532 1072 1716 1126 possint.
1738 1071 1868 1112 multo

421 1138 558 1178 minus
580 1135 808 1190 prudenter
829 1136 1058 1177 Lambinus
1078 1138 1278 1178 vacillant
1293 1170 1304 1190 ‚
1333 1141 1378 1178 ut
1397 1137 1747 1190 coniungerentur
1766 1137 1870 1179 haec

423 1212 458 1245 et
495 1203 529 1244 si
568 1204 656 1244 tabe
686 1203 914 1243 nimborum
945 1204 1114 1244 arbusta
1143 1204 1369 1257 vacillant;
1399 1217 1480 1257 quo
1511 1204 1556 1246 fit
1583 1208 1629 1245 ut
1657 1204 1700 1245 in
1731 1203 1870 1245 eondi-

424 1270 543 1311 cione
587 1273 766 1323 ponatur
802 1269 974 1311 effectus
998 1301 1005 1309 .
1034 1271 1180 1310 neuter
1224 1270 1430 1312 intellexit
1465 1270 1518 1312 de
1554 1270 1655 1312 solis
1692 1271 1871 1312 arbustis

423 1337 603 1391 primum
643 1336 784 1390 inepte
822 1336 934 1377 dicta
972 1349 1064 1377 esse
1104 1349 1212 1391 quae
1250 1336 1402 1378 deinde
1438 1337 1494 1378 ad
1523 1337 1673 1394 frztyes
1703 1338 1872 1378 arbusta

425 1404 650 1444 animantis
672 1402 953 1444 referrentur.
977 1403 1117 1455 itaque
1138 1416 1191 1444 ne
1212 1403 1328 1444 illum
1358 1404 1494 1458 ipsum
1524 1417 1717 1457 versum,
1749 1416 1872 1456 quem

425 1483 451 1511 a
471 1470 690 1510 Prisciano
711 1470 860 1511 lectum
893 1470 1073 1523 scimus,
1105 1482 1303 1523 cogamur
1333 1470 1501 1524 delere,
1532 1470 1772 1512 traiciamus
1801 1483 1873 1524 po-

424 1537 504 1578 tius
545 1540 585 1577 et
623 1535 891 1578 emendemus
927 1537 1006 1577 hoc
1041 1536 1165 1577 modo
1184 1568 1192 1577 .
1214 1538 1269 1578 Et
1304 1539 1392 1579 nisi
1417 1545 1630 1592 tempestas
1659 1536 1844 1592 indubqet
1859 1568 1870 1590 ,

423 1612 599 1659 tempore
614 1603 757 1658 fausto
773 1635 783 1656 ,
805 1603 955 1658 Solque
976 1619 1053 1644 sua
1065 1619 1147 1658 pro
1164 1612 1284 1658 parte
1291 1603 1412 1658 fovet
1432 1605 1653 1659 tribuitque
1673 1604 1870 1656 calorem,

425 1670 634 1711 Imbribus
657 1678 692 1711 et
714 1671 803 1711 tabe
827 1671 1056 1712 nimborum
1076 1684 1139 1710 AM
1154 1683 1306 1710 BUSTA
1336 1671 1553 1723 vacillent,
1585 1670 1773 1712 Crescere
1793 1685 1873 1710 non

416 1737 583 1791 possint
609 1737 757 1792 fruqes
799 1738 969 1778 arbusta
1004 1737 1229 1778 ambuantis
1246 1768 1255 1778 .
1279 1737 1446 1789 omnia,
1483 1737 1615 1790 inquit
1632 1768 1641 1789 ,
1679 1735 1872 1777 imbrium

426 1803 582 1856 frigore
612 1804 799 1844 ambusta
830 1803 1029 1845 vacillent
1058 1807 1185 1858 atque
1215 1807 1387 1844 nutent.
1410 1803 1604 1846 Valerius
1625 1803 1800 1843 Flaccus
1830 1802 1873 1843 in

424 1885 485 1924 lv,
519 1871 572 1913 70
600 1871 718 1912 Haec
754 1872 814 1912 ait
842 1870 995 1923 (vulgo
1026 1871 1130 1912 Emit
1158 1871 1278 1924 ubi).
1301 1886 1321 1912 e
1350 1871 1530 1926 seopulis
1546 1902 1556 1922 ,
1593 1869 1731 1910 ‘media
1767 1870 1873 1910 inter

419 1938 579 1992 pabula
595 1937 684 1978 diri
709 1938 905 1991 Vulturis,
926 1939 1015 1993 ipse
1032 1939 1154 1979 etiam
1171 1939 1325 1993 yemitu
1345 1945 1579 1991 maestaque
1585 1936 1751 1992 fatiqat
1774 1937 1874 1977 Voce

424 2004 560 2045 Iovem
576 2036 587 2057 ‚
608 2005 743 2046 saevis
762 2005 950 2046 relevans
971 2005 1158 2046 ambusta
1171 2005 1340 2060 pruinis
1355 2004 1538 2044 Lumina
1554 2034 1563 2043 .
1581 2001 1815 2045 Columella
1830 2001 1874 2042 in

423 2085 480 2124 XI,
502 2071 540 2124 3,
567 2070 617 2111 13
639 2072 805 2112 brumae
812 2071 1056 2126 frigoribus
1087 2080 1122 2112 et
1145 2072 1315 2126 pruinis
1344 2069 1616 2123 inurendum,
1637 2073 1678 2110 et
1697 2068 1739 2110 in
1759 2083 1799 2122 x,
1822 2068 1876 2109 74

428 2153 533 2192 quae
554 2138 671 2178 canis
692 2139 853 2179 iaceant
873 2137 1033 2179 urenda
1048 2138 1218 2193 pruinis
1235 2169 1243 2178 .
1266 2137 1379 2190 quod
1401 2136 1435 2178 si
1469 2136 1534 2178 cui
1562 2135 1668 2177 forte
1698 2135 1800 2176 haec
1830 2134 1873 2176 in

429 2203 622 2245 versibus
645 2202 808 2246 duobus
831 2204 1038 2246 continuis
1054 2203 1194 2258 posita
1214 2203 1466 2258 displicent,
1496 2202 1618 2257 quasi
1640 2215 1744 2243 sono
1766 2202 1874 2242 inter

426 2283 471 2312 se
503 2270 627 2311 nimis
648 2270 805 2312 similia
826 2271 936 2324 sint,
970 2272 1156 2312 ambusta
1175 2272 1368 2312 vacillent
1384 2303 1394 2323 ‚
1426 2270 1595 2311 arbusta
1624 2269 1848 2310 animantis
1863 2300 1874 2321 ,

426 2337 527 2378 mihi
549 2350 601 2379 ne
623 2337 780 2379 similia
801 2337 971 2391 quidem
993 2336 1211 2390 videntur,
1235 2336 1309 2378 sed
1331 2337 1558 2378 ambustum
1579 2335 1719 2377 media
1739 2334 1876 2376 vocali

426 2405 556 2457 longa
573 2403 794 2445 dicendum
814 2405 1017 2447 existimo.
1035 2417 1132 2445 nam
1147 2403 1371 2458 participia
1386 2403 1557 2457 passiva
1573 2415 1624 2444 ea
1639 2414 1813 2455 quorum
1831 2401 1874 2442 in

427 2470 640 2525 praesenti
659 2483 896 2513 consonans
911 2474 974 2513 est
990 2475 1062 2512 aut
1077 2470 1241 2524 liquida
1256 2474 1329 2511 aut
1339 2487 1358 2511 s
1372 2469 1650 2522 semivocalis,
1668 2468 1875 2521 quantita-

427 2542 509 2580 tem
539 2538 775 2593 praesentis
806 2542 1001 2579 secuntur
1022 2553 1034 2578 :
1051 2546 1191 2593 qestus
1221 2536 1387 2591 depstus
1418 2544 1542 2577 tostus
1572 2535 1875 2589 corripiuntur,

427 2605 711 2660 producuntur
727 2621 870 2646 census
887 2613 1002 2645 ustus
1009 2605 1151 2659 pistus
1158 2620 1172 2658 ,-
1192 2604 1292 2645 item
1305 2610 1521 2658 promptus
1543 2601 1727 2657 demptus
1742 2617 1877 2656 sump-

428 2683 492 2714 tus
513 2676 558 2714 ut
574 2688 720 2728 promo
741 2675 782 2713 et
802 2674 941 2713 cetera
958 2702 966 2723 ‚
999 2670 1122 2712 aliter
1143 2679 1298 2725 emptus
1313 2684 1487 2724 pressus
1507 2668 1675 2710 adultus
1695 2667 1878 2723 sepultus

423 2740 573 2795 pulsus
589 2740 732 2780 vulsus
748 2738 885 2780 salsus
902 2746 1045 2779 cantus
1062 2737 1159 2778 litus
1176 2736 1331 2778 desitus
1347 2744 1594 2791 contemptus
1600 2743 1748 2790 partus
1763 2742 1878 2776 satus

428 2822 573 2847 cursus
604 2810 645 2847 et
674 2818 700 2847 a
730 2804 934 2847 verrendo
954 2819 1096 2846 versus
1114 2835 1123 2845 .
1145 2807 1292 2848 contra
1319 2802 1391 2843 ubi
1423 2803 1465 2843 in
1495 2801 1707 2856 praesenti
1737 2799 1878 2842 media

430 2876 517 2925 est,
550 2872 775 2926 participia
804 2871 1118 2926 producuntur3
1140 2883 1278 2924 neque
1299 2869 1436 2911 minus
1457 2878 1620 2924 sor-ptus
1635 2901 1646 2922 ‚
1677 2871 1722 2909 ut
1749 2870 1874 2921 puto,

429 2952 554 2993 quam
576 2939 718 2994 lapsus
731 2939 902 2993 qbu2atu3
918 2946 1049 2993 nupta
1064 2938 1245 2992 scriptu-s·
1261 2938 1400 2978 iussus
1412 2952 1426 2989 ,·
1446 2936 1544 2977 item
1560 2934 1617 2976 ut'
1628 2933 1878 2988 cessusfisus
