2040 3328
881 224 1082 251 RECENsm
1693 215 1720 256 9

241 325 459 380 dragenos
494 328 720 380 septenos,
758 337 1001 380 perpaucae
1031 324 1334 379 quadragenos
1366 330 1541 369 octonos
1573 339 1721 370 versus

242 394 606 450 complectantur,
638 393 790 436 ultima
819 393 1122 448 quadragenos
1154 397 1297 436 ternos
1331 394 1577 449 contineat’3
1610 408 1720 449 quae

241 475 501 518 quamquam
531 462 662 517 paulo
694 462 901 505 curiosius
932 463 1129 518 exposita
1148 462 1330 516 vellem,
1363 476 1555 506 summae
1578 466 1720 505 tamen

241 531 352 574 satis
383 531 491 574 inter
526 544 573 574 se
609 531 893 574 conveniunt.
930 534 1019 572 tum
1057 544 1142 573 una
1177 530 1338 574 scheda
1366 531 1519 586 periit,
1557 532 1600 573 in
1636 544 1722 585 qua

241 600 412 643 fuerunt
442 612 592 643 versus
612 598 711 641 libri
742 614 773 639 11
802 597 1052 652 457-640,
1083 612 1259 642 numero
1288 600 1373 653 (tot
1403 599 1514 642 enim
1547 599 1590 640 in
1621 612 1720 653 qua-

241 667 365 711 drato
396 667 521 723 sunt)
556 668 661 722 188,
695 667 768 722 qui
797 669 894 709 sunt
924 669 1075 720 quater
1104 667 1373 721 quadrageni
1403 667 1598 723 septeni.
1622 680 1722 709 nam

240 750 268 779 a
297 749 425 780 versu
456 736 553 778 libri
583 751 615 776 11
635 735 716 779 641
749 734 918 776 initium
948 733 1107 776 ducunt
1127 734 1313 778 schedae
1335 735 1719 789 vindobonenses,

240 805 395 860 quibus
427 804 616 848 eiusdem
648 803 806 847 codicis
838 802 1094 858 particulam
1126 804 1334 847 contineri
1366 803 1468 846 mihi
1499 803 1604 846 satis
1636 816 1723 845 cer-

240 878 327 916 tum
347 873 544 928 videtur,
576 871 691 927 quod
722 870 994 914 manifestum
1016 870 1159 914 facere
1186 886 1384 928 possem,
1416 872 1499 914 nisi
1520 872 1722 914 Purman-

240 955 322 985 nus
343 956 385 998 p.
410 941 462 985 15
483 945 525 984 et
549 941 600 984 16
622 939 935 984 dissertationis
962 939 1007 982 in
1029 939 1314 984 describenda
1343 940 1596 985 schedarum
1628 953 1724 982 con-

242 1011 412 1054 dicione
434 1013 609 1054 auctore
629 1023 731 1052 usus
754 1012 866 1051 esset
886 1021 1038 1064 parum
1060 1008 1229 1064 idoneo,
1263 1010 1335 1065 qui
1358 1023 1411 1052 ne
1441 1009 1522 1051 hoe
1552 1008 1723 1062 quidem

241 1078 463 1121 didicisset
484 1077 539 1120 de
566 1078 720 1121 laceris
750 1090 802 1120 ac
832 1076 1038 1132 dispersis
1070 1078 1313 1120 necessario
1346 1082 1450 1133 quot
1479 1078 1523 1120 in
1554 1089 1724 1131 quaque

241 1147 403 1204 pagina
424 1159 573 1190 versus
596 1150 739 1189 essent
761 1145 988 1189 dicendum
1011 1158 1106 1189 esse
1125 1177 1134 1187 .
1157 1148 1324 1189 constat
1343 1151 1486 1190 tamen
1508 1146 1585 1189 has
1607 1145 1724 1188 sche-

241 1215 321 1259 das
341 1214 503 1270 pariter
525 1218 652 1269 atque
666 1214 936 1258 Haunienses
956 1214 1114 1256 habere
1135 1215 1320 1270 paginas
1342 1211 1587 1270 bipertitas:
1610 1215 1722 1256 End-

241 1283 426 1326 licherus
465 1283 508 1325 in
547 1283 745 1337 catalogo
785 1282 978 1325 codicum
1011 1282 1408 1326 Vindobonensium
1446 1297 1461 1323 1
1491 1297 1533 1338 p.
1555 1283 1612 1326 54
1649 1296 1724 1325 eas

241 1352 301 1395 ‘in
323 1352 441 1395 folio’
464 1351 648 1407 scriptas
670 1351 799 1406 dicit,
833 1351 1100 1394 Purmannus
1133 1351 1175 1393 in
1207 1351 1371 1406 ‘quarto
1403 1352 1602 1394 maiore':
1633 1363 1723 1394 sae-

240 1420 335 1464 culo
358 1419 522 1463 decimo
545 1419 623 1463 has
644 1419 849 1462 adscribit
870 1419 1151 1462 Endlicherus
1170 1453 1179 1475 ,
1213 1420 1539 1475 Gottorpienses
1572 1423 1723 1462 octavo

240 1502 410 1533 nonove
449 1488 576 1531 nimis
622 1487 855 1531 liberaliter
892 1487 1093 1531 Gudius.
1131 1489 1240 1531 liber
1279 1489 1464 1532 Lucretii
1510 1488 1723 1532 secundus

242 1558 297 1601 ab
335 1570 387 1601 eo
426 1570 552 1600 versu
587 1570 714 1612 quem
753 1555 844 1598 dixi
882 1560 994 1599 totus
1032 1556 1336 1612 (641—1174)
1374 1561 1544 1613 praeter
1574 1570 1723 1600 versus

241 1626 326 1670 duo
349 1630 390 1669 ct
411 1626 726 1681 quinquaginta
744 1625 1026 1679 (757—806)
1058 1627 1266 1682 omissos,
1299 1626 1399 1669 item
1430 1627 1542 1669 tertii
1575 1639 1724 1668 versus

240 1695 367 1751 primi
406 1695 518 1750 621,
557 1707 667 1749 quae
703 1693 831 1736 simul
869 1693 1058 1737 efficiunt
1095 1708 1245 1738 versus
1284 1694 1546 1750 conscriptos
1588 1694 1723 1748 1129,

241 1764 322 1807 hoc
358 1767 424 1807 est
460 1763 624 1806 viciens
657 1766 808 1818 quater
840 1762 1142 1818 quadragenos
1174 1767 1374 1820 septenos
1406 1768 1448 1806 et
1478 1777 1632 1817 unum,
1672 1775 1725 1805 ea

241 1832 397 1876 suntin
413 1845 489 1876 sex
505 1831 722 1888 prioribus
737 1830 908 1874 schedis
926 1831 1356 1887 vindobonensibus,
1375 1832 1582 1875 columnis
1598 1846 1723 1873 xxw:

240 1914 340 1944 nam
362 1900 479 1956 quod
501 1904 566 1944 est
587 1899 702 1956 apud
720 1900 1009 1943 Purmannum
1030 1915 1071 1957 p.
1093 1901 1144 1943 16
1162 1934 1171 1956 ,
1195 1900 1376 1944 ‘Desinit
1397 1900 1469 1943 fol.
1494 1901 1571 1955 14,
1595 1901 1633 1955 b,
1660 1900 1679 1941 1
1698 1902 1720 1955 ,'

238 1969 321 2013 hoc
357 1962 423 2012 est
463 1968 662 2012 columna
683 1982 817 2024 xxm,
857 1983 968 2024 quae
1005 1973 1069 2012 est
1113 1969 1402 2025 paenultima,
1448 1982 1594 2012 verum
1630 1982 1724 2012 esse

239 2051 326 2081 non
356 2041 523 2094 potest,
555 2038 593 2080 si
624 2049 702 2079 nos
730 2037 902 2080 credere
929 2038 1118 2093 postulat
1140 2051 1250 2092 quae
1271 2037 1478 2092 subiecit,
1509 2037 1607 2080 ‘non
1637 2049 1724 2079 una

239 2121 286 2151 re
317 2119 527 2163 apparere
549 2106 706 2148 librum
742 2105 844 2147 olim
874 2106 1089 2160 integrum
1121 2106 1252 2149 fuisse
1271 2107 1292 2148 .'
1332 2106 1409 2148 sed
1446 2105 1623 2160 reliquis
1659 2119 1725 2147 co-

239 2175 397 2218 lumnis
430 2173 770 2229 quattuordecim
805 2175 894 2228 (tot
924 2174 1037 2217 enim
1068 2178 1321 2231 supersunt:
1360 2187 1461 2216 nam
1491 2175 1535 2216 in
1566 2173 1727 2216 scheda

246 2244 416 2287 decima
445 2256 572 2286 versa
601 2242 807 2298 scriptum
839 2247 903 2286 est
923 2243 1143 2286 Iuvenalis
1175 2243 1402 2286 satirarum
1431 2243 1622 2296 initium)
1652 2256 1724 2284 nu-

245 2313 353 2356 meri
384 2311 655 2355 Haunienses
685 2324 770 2354 non
803 2312 1088 2367 conveniunt,
1122 2311 1199 2355 sed
1230 2311 1487 2366 ampliores3
1519 2324 1651 2365 quare
1682 2311 1726 2352 in

245 2382 312 2424 his
344 2381 600 2436 scripturam
633 2380 828 2435 suspicor
859 2394 954 2423 esse
984 2380 1305 2434 angustiorem.
1338 2383 1403 2422 est
1433 2380 1545 2422 enim
1576 2379 1635 2421 ibi
1657 2392 1724 2421 ex-

243 2454 380 2493 trema
409 2461 511 2505 pars
543 2448 642 2491 libri
674 2450 782 2492 sexti
814 2463 842 2491 a
871 2462 999 2492 versu
1031 2449 1139 2503 740,
1173 2461 1321 2491 versus
1341 2449 1452 2503 558,
1486 2452 1573 2490 tum
1605 2451 1726 2490 extra

241 2518 388 2573 clusa,
420 2530 572 2560 versus
605 2517 714 2573 2123
748 2518 820 2573 qui
843 2518 948 2560 fiunt
969 2518 1095 2560 simul
1117 2530 1266 2560 versus
1299 2517 1383 2560 770
1399 2550 1408 2559 .
1430 2516 1538 2559 ratio
1562 2515 1724 2558 confici-

239 2591 334 2642 tur,
366 2586 403 2629 si
435 2585 518 2629 hae
540 2585 764 2629 columnae
795 2586 1135 2641 quattuordecim
1166 2585 1366 2640 singulae
1397 2589 1494 2628 sunt
1524 2597 1724 2627 versuum

240 2655 591 2710 quinquagenum
622 2655 823 2708 quinum.

353 2722 491 2765 Nimis
521 2723 656 2765 multa
687 2722 789 2765 mihi
821 2722 875 2766 de
907 2723 959 2765 iis
988 2737 1100 2778 quae
1122 2723 1337 2766 minimam
1359 2722 1587 2764 utilitatem
1609 2721 1725 2764 adfe-

238 2795 339 2834 runt
359 2790 550 2833 dicenda
571 2790 706 2833 fuisse
726 2804 858 2846 aegre
881 2791 971 2834 fero
991 2806 1000 2833 ε
1023 2792 1160 2834 omnis
1182 2792 1294 2834 enim
1319 2794 1512 2833 vetustae
1530 2790 1724 2833 lectionis

239 2858 447 2902 memoria
478 2871 502 2901 e
523 2859 748 2902 Vossianis
783 2860 1004 2903 codicibus
1026 2859 1260 2915 repetenda
1282 2863 1370 2913 est,
1402 2858 1482 2900 nisi
1508 2858 1624 2913 quod
1655 2859 1725 2901 ob-

238 2930 372 2983 longo
404 2927 531 2970 fidem
563 2926 776 2969 interdum
807 2928 947 2971 Italici
979 2928 1222 2982 abrogant,
1263 2926 1461 2982 quadrati
1499 2927 1724 2969 auctorita-

239 3001 323 3041 tem
354 2995 620 3052 aliquando,
653 3001 699 3038 ut
730 2996 848 3050 dixi,
882 2997 1120 3039 inminuunt
1141 2994 1325 3039 schedae
1346 3028 1355 3038 .
1387 2996 1473 3038 iam
1505 2995 1540 3037 si
1573 2994 1722 3037 eadem
