2040 3328
955 241 1022 284 III
1656 247 1734 289 149

365 360 457 402 170.
500 359 552 401 S1
582 371 738 399 mnus
769 371 1011 399 orrnums
1042 372 1196 399 vri-AM
1227 372 1305 400 v1s
1337 373 1562 401 uomunA
1591 374 1732 403 LErl.

249 429 470 473 Corrector
500 426 702 482 quadrati
734 429 776 469 et
804 427 1067 470 Veronensis
1098 426 1228 470 editio
1260 441 1548 470 orrnnnrr.
1579 428 1734 472 Marul-

245 499 312 541 lus
343 509 456 538 :mm
479 528 488 536 .

363 564 456 608 172.
472 578 793 611 manunrun
808 578 1042 606 nnuc-uon
1057 578 1362 612 TERRAEQUE
1378 579 1490 607 mm
1505 580 1592 608 rus
1610 566 1733 609 SUA-

245 648 432 690 V1s‚nr
451 648 499 675 m
522 647 684 675 rmum
704 647 899 675 unm-ns
928 647 1014 680 Qm
1042 647 1290 675 GIGNITUR
1318 647 1505 676 Ansrus
1528 667 1538 677 .
1561 634 1733 678 Correc-

244 708 358 747 tores
379 702 666 758 antiquissimi
698 716 1002 749 msnomrun
1024 735 1034 745 .
1055 715 1186 757 porro
1208 703 1251 744 in
1274 702 1476 746 extremis
1498 707 1612 747 recte
1633 704 1733 747 Itali

243 786 422 814 urruns
454 781 593 814 aestus
623 771 669 813 in
700 775 816 814 terra
844 770 1024 812 iacentis
1048 803 1057 811 .
1080 771 1124 812 in
1145 770 1210 813 his
1241 770 1317 812 alii
1349 771 1441 814 sine
1472 785 1604 815 causa
1633 772 1732 816 hae-

243 844 416 884 serunt.
435 840 512 883 sed
543 839 616 895 qui
649 843 713 882 est
742 839 786 881 in
815 837 956 881 medio
978 838 1168 882 membro
1182 841 1342 895 petitus
1363 849 1526 894 terrae,
1548 853 1629 883 nec
1659 854 1732 884 vo-

242 909 454 952 luntarius
491 913 556 952 est
590 921 670 951 nec
705 907 850 950 suavis
865 923 880 962 ,-
920 906 1034 961 quod
1075 920 1170 950 cum
1210 907 1477 963 intellegeret
1512 908 1732 953 Iohannes

242 979 396 1033 Iones,
429 977 591 1020 amicus
615 974 905 1030 Wakefieldi,
929 975 1200 1018 scribendum
1231 976 1410 1019 coniecit
1430 976 1590 1020 Saevus
1607 993 1620 1020 .·
1653 977 1731 1021 sed

242 1046 608 1090 accommodatius
632 1048 674 1088 et
693 1044 839 1088 verius
862 1047 926 1087 est
947 1053 1164 1101 terraeque
1186 1047 1346 1102 petitus
1376 1045 1575 1088 Suppes
1594 1078 1604 1089 .
1632 1063 1730 1104 sup-

237 1132 340 1173 pum
371 1119 541 1159 veteres
570 1127 648 1170 pro
679 1114 830 1170 supino
862 1113 1024 1155 dixisse
1046 1113 1201 1156 Festus
1222 1118 1404 1157 testatur
1434 1114 1569 1158 allato
1601 1128 1731 1159 versu

242 1183 423 1239 Lucilii,
446 1184 592 1239 itaque
614 1181 840 1225 Lucretius
862 1181 983 1237 ipse,
1017 1194 1092 1224 eos
1123 1182 1194 1236 qui
1223 1182 1267 1224 in
1289 1183 1516 1237 glossariis
1536 1183 1731 1227 Labbaei

242 1266 283 1309 p.
304 1253 327 1295 7
351 1257 392 1295 ct
412 1253 439 1296 8
469 1250 766 1308 adversipedes
801 1250 1076 1306 appellantur
1097 1250 1325 1305 exagitans
1343 1285 1353 1307 ,
1376 1251 1485 1294 dixit
1504 1252 1550 1295 in
1570 1267 1598 1308 1,
1620 1253 1728 1296 1061

241 1320 450 1364 animalia
479 1336 617 1376 suppa
643 1320 823 1375 vagari,
855 1319 927 1361 ubi
950 1323 1212 1362 correctores
1235 1318 1430 1362 codicum
1451 1320 1729 1364 Leidensium

240 1389 435 1446 imperite
452 1388 644 1432 fecerunt
660 1404 794 1444 supra
807 1420 816 1430 .
830 1386 928 1429 hinc
945 1403 1131 1444 suppare
1145 1401 1222 1443 pro
1238 1389 1443 1444 supinare
1456 1388 1596 1432 Attius
1614 1390 1730 1446 apud

239 1457 426 1500 Nonium
442 1471 483 1513 p.
502 1457 598 1512 200,
615 1456 698 1511 33,
731 1456 937 1513 Obtorque
963 1472 1140 1512 proram
1157 1490 1167 1510 ,
1190 1472 1239 1499 ac
1270 1473 1410 1513 suppa
1442 1466 1573 1500 tortas
1603 1474 1727 1516 oopu-

241 1527 331 1582 Za35
361 1525 478 1581 quod
508 1524 741 1568 lexicorum
773 1524 1018 1568 conditores
1039 1529 1154 1567 recte
1184 1525 1436 1580 intellegere
1466 1526 1725 1569 noluerunt.

357 1595 452 1638 176.
488 1594 748 1638 Conpoms
790 1607 1018 1640 QUONIAM
1049 1608 1188 1635 rems
1220 1628 1230 1638 .
1263 1593 1488 1638 Con-ector
1529 1595 1729 1651 quadrati

241 1668 284 1708 et
312 1663 413 1707 Itali
444 1663 736 1707 Conponms
758 1695 768 1705 .

357 1732 450 1776 183.
474 1731 624 1784 QUAM
645 1746 688 1772 Sl
708 1745 832 1773 mnus
854 1745 991 1773 FIERI
1013 1745 1262 1773 Pnorom'r
1284 1746 1342 1773 ΕΤ
1363 1746 1582 1774 mcHOAT
1604 1747 1728 1777 1PsA.

240 1803 370 1845 Recte
401 1799 698 1844 Wakefieldus
730 1801 865 1852 Quam
897 1815 995 1842 sun
1019 1801 1252 1858 proponit.
1281 1800 1343 1844 ita
1374 1814 1544 1858 semper
1575 1803 1728 1846 Lucre-

239 1870 352 1913 tius:
382 1869 485 1914 vide
515 1869 640 1912 huius
670 1868 770 1912 libri
801 1882 974 1912 versum
995 1870 1077 1913 627
1101 1874 1143 1914 et
1163 1870 1278 1913 879.
1310 1883 1451 1925 neque
1481 1873 1578 1928 ipsa
1609 1872 1728 1915 intel-

238 1938 325 1994 legi
355 1942 524 1995 potest,
551 1938 635 1981 nisi
656 1937 737 1981 hoc
758 1938 888 1994 dicit,
913 1938 1219 1993 cogitationem
1241 1938 1464 1982 celerrime
1485 1940 1624 1996 ipsam
1646 1940 1729 1983 sibi

238 2006 329 2051 fieri
359 2019 602 2063 proponere
632 2010 674 2049 et
703 2006 797 2049 fieri
826 2007 1016 2063 incipere
1040 2040 1048 2049 .

361 2076 455 2119 188.
487 2075 695 2117 Momm:
727 2090 812 2117 ur1
842 2089 1006 2117 PARvo
1027 2089 1236 2117 POSSINT
1254 2108 1263 2117 .
1287 2075 1416 2132 Apud
1437 2076 1617 2120 Paulum
1639 2077 1728 2121 dia-

241 2158 394 2189 conum
424 2157 478 2188 ex
508 2144 635 2187 Festo
672 2144 781 2187 libro
819 2159 864 2185 XI
902 2143 1071 2187 codices
1109 2144 1210 2187 olim
1252 2145 1449 2201 impressi
1467 2179 1477 2202 ,
1510 2159 1538 2189 a
1572 2146 1727 2202 quibus

241 2227 326 2271 quo
357 2214 449 2258 iure
471 2212 792 2256 Lindemannus
814 2225 855 2268 p.
874 2213 928 2256 98
960 2213 1089 2268 longe
1110 2214 1337 2256 secesserit
1358 2213 1502 2258 dicere
1523 2229 1610 2258 non
1630 2229 1727 2272 pos-

240 2297 361 2339 sum,
383 2284 551 2327 Momen
565 2316 577 2338 ‚
599 2290 846 2325 momentum
864 2313 874 2324 .
898 2282 1039 2325 Lucre
1055 2314 1064 2324 .
1087 2283 1272 2326 Momz'ne
1292 2283 1337 2326 si
1352 2299 1380 2326 α
1396 2300 1532 2340 parvo
1549 2294 1728 2342 possunt

239 2352 425 2410 impulsa
453 2352 615 2395 moveri
633 2384 644 2393 .

357 2420 450 2465 198.
483 2421 553 2463 Ar
585 2433 780 2462 CONTRA
810 2433 1039 2462 LAPIDUM
1061 2434 1350 2463 cornuorum
1372 2435 1727 2470 srchRUMQUE

239 2489 421 2533 Nonnu
451 2503 640 2531 Pornsr
659 2522 669 2533 .
691 2489 770 2532 Hic
789 2489 973 2545 primum
995 2489 1236 2533 observabo
1260 2491 1517 2535 Lambinum
1539 2491 1728 2535 absurde

240 2562 389 2602 contra
424 2558 620 2602 codicum
659 2558 955 2601 auctoritatem
994 2557 1219 2614 scripsisse
1259 2560 1385 2603 Nenu
1421 2564 1462 2603 et
1502 2559 1569 2602 hic
1605 2564 1647 2602 et
1682 2559 1727 2602 in

239 2641 296 2681 w,
314 2628 397 2670 712
413 2643 423 2683 ;
440 2640 567 2683 quem
583 2625 881 2682 lexicographi
898 2631 1126 2683 secuntur,
1144 2629 1257 2671 male
1274 2627 1593 2671 dissimulantes
1610 2627 1727 2682 apud

241 2695 427 2737 Nonium
449 2709 490 2751 p.
511 2695 591 2738 143
614 2708 710 2738 esse
739 2711 918 2738 noenum
936 2729 947 2750 ‚
979 2695 1022 2737 in
1044 2696 1234 2751 antiquis
1255 2696 1516 2739 editionibus
1537 2711 1697 2738 noenon
1715 2731 1724 2740 .

241 2763 544 2818 grammaticus
575 2767 617 2806 et
645 2779 780 2807 noenu
811 2763 1099 2807 adnotaverat
1129 2778 1182 2807 ex
1213 2765 1378 2807 Lucilio
1416 2769 1457 2807 et
1487 2778 1541 2807 ex
1571 2764 1727 2808 Varro-

241 2831 308 2874 nis
340 2831 524 2887 epistula
553 2848 759 2875 noenum:
789 2848 924 2874 noenu
956 2845 1099 2876 errore
1130 2833 1403 2876 librariorum
1430 2833 1583 2888 periit.
1606 2832 1727 2889 diph-

240 2900 424 2955 thongus
455 2903 598 2943 autem
634 2900 678 2942 in
715 2900 782 2942 his
819 2901 1032 2943 rationem
1069 2900 1225 2956 habet,
1259 2914 1354 2944 cum
1385 2917 1562 2944 noenum
1591 2918 1728 2947 noenu

241 2970 334 3013 sive
364 2985 447 3012 non
476 2968 582 3011 nihil
614 2968 731 3011 aliud
762 2968 818 3012 sit
848 2981 977 3023 quam
1008 2986 1058 3012 ne
1089 2985 1262 3024 oenum,
1285 2969 1366 3012 hoc
1387 2973 1547 3013 estnec
1567 2987 1698 3015 unum
1715 3004 1726 3016 .

240 3038 402 3094 primus
443 3037 530 3093 ita,
564 3041 769 3092 quantum
807 3038 924 3099 scio,
956 3037 1138 3081 Iacobus
1170 3038 1402 3081 Grimmius
1439 3037 1647 3084 iudicavit
1682 3040 1726 3083 in
