2040 3328
400 253 454 294 22
1004 252 1131 305 ¹1

399 363 508 418 405,
539 363 696 405 lumina
717 362 886 418 proprie
906 375 988 403 non
1010 361 1146 415 tendi,
1168 374 1260 404 eum
1281 365 1419 404 tamen
1441 376 1491 405 ea
1510 363 1638 417 vulgo
1660 365 1851 408 contendi

400 433 527 484 atque
547 430 710 471 incendi
726 429 916 471 dieantur
933 461 942 483 ,
964 441 1099 481 neque
1118 429 1161 469 in
1181 442 1250 482 1v,
1272 429 1354 472 300
1373 429 1590 472 Lucretius
1611 430 1843 488 addiderit,

401 496 513 552 quod
535 497 606 538 ille
626 509 798 538 neeesse
820 507 912 537 esse
934 499 1079 549 putat,
1102 511 1328 551 manusque
1342 529 1352 549 ,
1375 496 1448 538 sed
1472 497 1624 539 dixerit
1645 498 1844 552 simpliei-

399 568 460 606 ter
491 563 627 605 oculos
657 571 798 604 contra
828 562 1015 603 tendere.
1038 561 1178 614 itaque
1199 576 1419 602 TENDERE
1449 567 1492 604 ut
1513 576 1540 604 a
1560 567 1664 606 teste
1690 566 1844 608 nostris

399 630 635 683 antiquiore
665 628 823 670 editum
852 627 1175 682 praeferendum
1205 629 1338 670 duco.
1607 632 1609 634 ’

510 696 576 738 68.
609 695 752 745 QUEM
773 709 866 740 NEQ
885 726 894 736 .
916 708 1047 734 FAMA
1069 709 1200 735 DEUM
1221 709 1314 735 NEC
1336 709 1552 736 FULMINA
1571 727 1579 736 .
1601 697 1845 740 Rectissime

399 763 614 805 Bentleius
638 775 763 802 FANA
793 761 910 803 deum
928 778 942 814 ,-
971 761 1084 814 quod
1105 762 1390 804 Wakefieldus
1412 762 1542 804 allato
1564 763 1691 805 simili
1721 777 1845 807 versu

398 830 495 872 libri
527 843 552 871 v
575 829 626 871 75
648 828 869 883 probavit,
901 827 1004 870 ‘sine
1033 828 1121 869 ulla
1149 828 1306 871 idonea
1327 830 1465 871 causa'
1499 833 1543 871 ut
1564 829 1729 872 videtur
1748 831 1846 873 For-

398 898 544 951 bigero
563 927 570 935 .
594 895 889 950 seilicetfama
911 907 994 935 non
1015 894 1148 936 omnis
1170 897 1407 955 necessario
1429 912 1580 952 maqna
1601 900 1687 952 est,
1713 911 1847 952 neque

399 969 483 1006 tam
505 966 683 1015 anguste
704 961 920 1003 Lueretius
942 961 1150 1016 loquitur,
1173 967 1216 1003 ut
1237 963 1473 1018 epitheton,
1506 963 1577 1006 ubi
1598 976 1664 1006 res
1687 965 1844 1020 exigit,

398 1029 704 1085 praetermittat
722 1060 729 1068 .

511 1097 577 1138 70.
608 1096 745 1136 INmr
758 1107 814 1134 AT
832 1107 973 1134 ANIMI
989 1108 1264 1145 vmrurmi,
1283 1108 1626 1136 com-mnemia:
1645 1110 1703 1136 υτ
1720 1110 1846 1138 Anu

399 1164 643 1205 NATURAE
674 1175 854 1200 ramus
885 1175 1154 1202 PORTARUM
1186 1176 1432 1203 CLAUSTRA
1471 1176 1699 1203 curnam
1721 1195 1729 1203 .
1753 1165 1848 1206 Non

398 1230 510 1271 male
557 1230 765 1270 corrector
809 1226 981 1280 oblongi
1005 1228 1214 1284 franyere
1231 1245 1243 1269 :
1280 1229 1355 1270 sed
1392 1243 1484 1271 eum
1519 1229 1630 1283 apud
1666 1229 1847 1272 Nonium

397 1311 437 1350 p.
459 1296 566 1350 506,
598 1295 652 1336 33
682 1294 736 1335 sit
751 1293 971 1349 perfrinqe
1001 1303 1045 1335 ut
1075 1311 1126 1335 ar
1142 1327 1152 1347 ,
1185 1295 1447 1337 verissimum
1477 1309 1569 1337 esse
1591 1297 1847 1338 censendum

398 1367 461 1405 est
491 1361 602 1416 quod
623 1361 749 1402 habet
770 1360 1008 1402 Priscianus
1029 1375 1069 1415 p.
1093 1362 1174 1403 879
1206 1376 1517 1402 Errmsemm
1548 1372 1591 1404 ut
1621 1371 1715 1405 arca
1730 1395 1739 1406 .
1762 1366 1847 1404 tum

401 1429 514 1484 apud
536 1428 798 1470 Priscianum
829 1436 1034 1469 terrarum
1056 1429 1240 1470 claustra
1269 1442 1344 1484 per
1365 1442 1574 1484 errorem,
1605 1429 1680 1472 sed
1710 1444 1848 1470 CUPI·

398 1510 487 1536 nm
525 1499 636 1537 reete
654 1526 663 1537 .
684 1494 764 1536 hoe
800 1494 935 1548 ipsum
967 1498 1174 1536 corrector
1210 1495 1383 1549 oblongi
1411 1497 1576 1551 posuit,
1608 1496 1678 1550 qui
1708 1500 1848 1538 tamen

399 1563 554 1606 adiecit
584 1562 686 1604 haee
715 1574 823 1603 sane
853 1561 1090 1616 mirabilia,
1123 1563 1176 1604 al.
1208 1562 1387 1605 videret.

511 1630 576 1671 74.
609 1630 782 1674 ATQUE
801 1642 967 1669 OMNEM
983 1642 1262 1670 IMMENSUM.
1284 1629 1501 1672 Corrector
1518 1629 1688 1683 oblongi
1705 1644 1847 1671 omnm.

396 1698 439 1739 in
460 1695 664 1752 proximis
686 1696 848 1737 Nonius
870 1709 909 1749 p.
932 1696 1011 1737 381
1031 1729 1040 1750 ,
1073 1696 1125 1738 25
1156 1696 1271 1738 Unde
1290 1697 1418 1750 refert
1438 1711 1565 1738 novus
1596 1695 1726 1738 dictor
1743 1728 1752 1738 .
1773 1696 1849 1739 sed

399 1764 531 1806 multa
562 1775 670 1816 quae
702 1762 824 1804 huius
855 1763 1023 1815 generis
1054 1766 1150 1804 sunt
1179 1763 1417 1817 praeteribo
1436 1795 1444 1804 .

511 1831 575 1871 77.
609 1829 851 1879 QUANTUM
893 1843 968 1869 sm-
1003 1843 1246 1871 RATIONE.
1271 1830 1488 1872 Correetor
1525 1829 1695 1883 oblongi
1727 1829 1849 1880 Qus-

397 1911 495 1938 ΝΛΜ
514 1930 522 1939 .
546 1898 605 1939 ita
625 1895 825 1950 scriptum
847 1899 962 1937 extat
982 1897 1095 1938 infra
1115 1910 1238 1939 versu
1259 1897 1367 1951 595,
1399 1897 1498 1939 item
1520 1897 1562 1938 in
1585 1911 1609 1936 v
1627 1929 1636 1951 ,
1669 1897 1724 1939 90
1744 1900 1785 1938 et
1804 1897 1849 1939 in

398 1978 467 2018 vl,
499 1964 552 2006 65
569 1998 578 2007 .
1697 2009 1702 2015 ,

511 2032 579 2073 82.
609 2032 674 2075 83.
706 2032 989 2073 INDUGRem
1163 2045 1366 2073 SAEPms
1396 2045 1510 2071 ILLA
1683 2035 1848 2077 noun

399 2112 539 2139 IMPIA
570 2113 760 2139 FACTA.
784 2100 942 2140 Horum
962 2101 1105 2154 priora
1132 2099 1348 2145 confirmat
1370 2098 1529 2140 Probus
1560 2113 1600 2154 p.
1626 2099 1759 2153 1438,
1789 2107 1848 2140 at-

399 2183 476 2222 que
498 2167 626 2221 impia
649 2166 893 2207 Lactantius
915 2166 1079 2208 institut
1097 2198 1106 2208 .
1127 2181 1141 2206 1
1159 2199 1167 2220 ,
1191 2167 1240 2207 21
1261 2200 1270 2210 .
1293 2165 1522 2219 quadratus
1544 2170 1584 2207 et
1599 2165 1780 2207 schedae
1800 2181 1848 2206 ac

398 2235 556 2289 impia,
590 2245 729 2274 errore
750 2232 955 2287 mirabili,
988 2233 1062 2274 sed
1085 2246 1226 2275 errore
1256 2237 1422 2274 tamen:
1445 2245 1542 2274 nam
1572 2232 1734 2274 ferendi
1763 2245 1849 2274 non

401 2303 497 2341 sunt
529 2299 598 2353 qui
630 2312 717 2340 rem
744 2297 975 2340 iandudum
997 2299 1265 2354 profligatam
1295 2299 1480 2341 recinere
1509 2313 1591 2341 non
1624 2299 1847 2341 desinunt.

398 2383 446 2407 ac
467 2366 584 2408 brevi
606 2366 775 2420 syllaba
796 2371 987 2408 constare
1010 2367 1109 2408 dieit
1133 2367 1292 2408 Probus
1313 2380 1352 2420 p.
1379 2366 1484 2408 1425
1502 2398 1510 2406 .
1533 2365 1575 2406 in
1597 2365 1687 2407 Silii
1712 2365 1847 2407 Italici

398 2433 506 2474 libro
528 2447 583 2472 xv
601 2465 610 2487 ,
647 2432 720 2473 147
753 2433 824 2474 vix
847 2433 1048 2475 credibile
1070 2438 1132 2475 est
1154 2433 1374 2475 Heinsium
1395 2436 1434 2474 et
1457 2431 1848 2474 Drakenborchium

400 2512 423 2541 e
453 2499 693 2542 Coloniensi
732 2499 914 2542 edidisse
950 2516 997 2541 ac
1028 2501 1130 2541 iret:
1170 2499 1350 2541 debebat
1379 2498 1490 2540 enim
1519 2498 1620 2540 addi
1650 2499 1847 2555 spiritus,

402 2567 505 2608 Tum
532 2582 626 2608 vero
652 2582 798 2622 capere
827 2583 947 2608 arma
976 2567 1138 2619 iubent,
1165 2567 1416 2622 qenz‘busque
1446 2566 1627 2607 salutant
1646 2565 1854 2608 Submissi

398 2634 648 2689 auyurz'um:
679 2633 754 2674 hac
785 2634 886 2686 iret,
919 2649 1001 2689 qua
1031 2633 1177 2675 ducere
1207 2633 1322 2675 divos
1343 2633 1615 2688 Perspicuum
1646 2642 1681 2675 et
1704 2634 1847 2689 patrio

398 2708 643 2741 ‘monstraret
671 2701 816 2742 semita
837 2701 954 2755 siquo
971 2733 979 2742 .
1002 2701 1045 2741 in
1066 2699 1251 2742 eiusdem
1273 2714 1361 2740 xvn
1379 2732 1387 2753 ,
1419 2701 1500 2742 242
1522 2699 1618 2741 libri
1637 2699 1732 2753 (scd
1753 2711 1847 2742 auc-

398 2766 544 2806 toritas
567 2765 831 2808 Coloniensis
863 2766 1026 2820 deficit)
1056 2783 1104 2808 ac
1134 2768 1362 2808 imbribus:
1393 2771 1503 2808 reete
1525 2766 1712 2809 fecerunt
1730 2767 1846 2808 nubi-

398 2833 471 2874 bus
486 2865 497 2885 ‚
531 2833 642 2886 quod
675 2832 892 2875 confirmat
923 2846 1069 2876 versus
1098 2833 1255 2875 ibidem
1287 2834 1339 2876 66
1357 2865 1364 2874 .

511 2899 576 2942 84.
609 2913 813 2940 TRIVIAT
843 2914 1064 2941 vmenus
1238 2904 1304 2945 85.
1328 2902 1742 2943 IPmANAssAi-UR
1762 2913 1845 2939 PA-

400 2980 523 3006 RUNT
555 2979 803 3007 sANGmNE
841 2982 1003 3008 roam:
1022 2999 1030 3008 .
1055 2968 1302 3010 Priscianus·
1324 2982 1364 3022 p.
1389 2969 1468 3011 728
1500 2969 1727 3020 Tarlex,
1758 2970 1845 3007 tum
